4366 6258
277 367 480 434 XXXXVllI
502 371 532 430 5.
550 369 568 426 c
1077 349 1137 418 tto
1334 371 1382 420 nn
1403 371 1518 420 411444
1538 371 1657 418 inurant
1677 371 1723 418 44
1745 369 1780 426 vi
1801 367 1941 416 41144141

275 559 377 612 poenae
393 547 492 598 metum
507 543 537 596 in
551 541 718 596 matrimonio
732 541 933 610 retineriposse
948 539 1082 608 respondi,
1136 541 1151 592 2
1185 539 1233 592 bes
1252 553 1312 590 cum
1328 535 1383 590 telo
1400 535 1428 590 in
1449 535 1558 604 publico
1575 533 1664 588 fuerit.
1697 531 1840 614 1444444
1862 547 1943 614 causa

276 617 291 662 5
326 611 388 678 quia
402 627 456 664 uon
469 611 558 664 iuerat
572 609 695 662 adulterii
710 609 843 662 damnata.
869 607 1083 676 Praescriptione
1136 611 1205 670 4441,
1224 605 1271 672 441
1286 603 1403 672 pessimo
1421 605 1541 672 exemplo
1559 607 1707 682 convocatu
1722 601 1851 658 seditione
1868 601 1943 682 vrlltts

276 679 393 742 4414444
411 691 541 730 annorum
563 675 662 728 crimen
678 675 775 730 incesti
791 673 963 730 coniunctum
980 673 1083 728 adulte·
1135 673 1346 740 expugnaverint
1368 677 1396 724 41
1413 685 1474 724 444
1491 671 1551 726 telis
1568 677 1596 724 et
1611 685 1692 724 armis
1709 671 1782 726 bona
1798 673 1943 738 rapuerint.

277 747 292 796 6
326 743 366 796 114
383 759 438 796 444
456 741 613 796 excluditur.
649 741 724 796 Duos
743 743 847 810 quidem
865 741 1002 806 adulterii,
1027 757 1083 796 ma·
1136 741 1151 790 3
1185 739 1253 794 Item
1280 743 1398 804 tenetur,
1427 739 1473 808 qni
1495 753 1529 792 ex
1553 739 1675 794 incendio
1698 739 1818 808 rapuerit
1846 737 1944 808 4114414

276 823 332 862 reru
359 815 384 862 et
408 809 544 870 14414441,
573 813 681 876 propter
709 823 848 862 commune
877 807 976 862 crimen
1005 807 1085 862 simul
1136 811 1152 858 4
1187 811 1293 874 praeter
1310 807 1456 860 materiam.
1490 807 1635 862 Praeterea
1656 805 1767 874 punitur
1783 805 1863 862 huius
1880 805 1944 874 legis

276 891 329 928 non
346 877 404 930 iure
422 891 471 930 nec
488 889 504 928 a
521 875 578 928 viro
600 877 732 942 postulari
751 875 881 930 convenit.
917 889 978 928 cum
995 879 1085 928 tamen
1135 889 1236 940 poena,
1260 873 1944 944 441444444414414444414444144441441

278 941 381 996 duobus
406 941 590 994 denuntiatum
617 941 714 998 fuisset
735 943 769 996 ab
791 957 837 1006 eo,
859 943 905 1010 441
926 945 1020 1010 444144
1038 943 1083 996 44-
1136 945 1150 992 b
1186 943 1239 994 vim
1265 943 1434 1010 stupraverit.
1474 939 1527 994 Sed
1553 947 1581 996 et
1608 941 1654 1010 441
1681 943 1710 996 14
1737 941 1860 996 14444414
1886 957 1945 996 444

277 1009 370 1062 sistere
403 1009 522 1072 volebat,
554 1009 725 1066 abolitionem
758 1025 817 1064 esse
846 1009 1024 1064 necessariam
1056 1009 1085 1062 in
1135 1007 1224 1074 gladio
1248 1013 1296 1062 aut
1317 1009 1371 1062 telo
1394 1007 1516 1078 rapiendi
1546 1023 1629 1064 causa
1651 1009 1703 1062 luit
1724 1009 1767 1062 rel
1787 1009 1945 1076 probibendi

277 1079 291 1126 't
326 1075 466 1142 utriusque
486 1089 628 1142 personam
650 1075 783 1144 respondi.
827 1075 926 1130 Incesti
947 1091 1085 1130 commune
1136 1075 1273 1130 dominum
1296 1091 1340 1132 res
1363 1091 1426 1130 suas
1451 1091 1570 1142 servare,
1601 1075 1692 1132 eadem
1721 1091 1809 1146 poena
1831 1081 1944 1132 tenetur.

277 1145 292 1196 8
328 1141 427 1196 crimen
445 1141 573 1196 adversus
591 1143 658 1198 duos
676 1145 754 1198 simul
770 1143 898 1196 intentari
914 1147 1011 1210 potest.
1042 1143 1085 1198 De
1136 1147 1152 1194 ti
1187 1141 1290 1198 Eadem
1305 1143 1364 1212 lege
1381 1147 1501 1210 tenetur,
1525 1145 1571 1212 441
1588 1143 1740 1200 bominibus
1757 1145 1866 1198 armatis
1883 1159 1944 1212 pos-

277 1209 359 1264 servis
377 1207 558 1276 quaestionem
575 1209 603 1264 in
625 1211 744 1264 dominos
766 1209 861 1264 incesti
879 1211 1029 1276 postulatos
1046 1213 1084 1264 ita
1135 1225 1269 1264 sessorem
1295 1209 1373 1264 domo
1397 1225 1494 1278 agrove
1517 1227 1566 1266 suo
1594 1217 1641 1266 aut
1665 1211 1800 1268 4441444
1822 1211 1946 1266 deiecerit

277 1277 382 1330 444144
408 1277 557 1330 habendam
585 1279 723 1348 respondi,
752 1277 776 1330 41
797 1291 846 1346 per
869 1277 1026 1332 adulterium
1043 1279 1083 1332 14-
1136 1291 1170 1330 ex
1190 1279 1359 1346 4441144111Η
1708 1343 1709 1346 ¹

278 1349 380 1398 costum
398 1359 456 1398 esse
474 1349 641 1400 contractum
658 1345 776 1400 dicatur.
827 1413 833 1424 ι
1170 1293 1190 1402 4
1214 1345 1359 1402 ararium
1379 1345 1447 1400 libro
1470 1345 1713 1418 quinquagensimo
1733 1345 1946 1402 4444444414-

311 1411 348 1468 41
369 1409 430 1478 (40)
450 1411 568 1468 Pnurus
593 1413 661 1468 libro
678 1429 750 1468 nono
772 1411 875 1468 decano
892 1429 1083 1476 responsorum
1136 1417 1192 1468 tum
1226 1413 1299 1468 41144
1314 1413 1343 1468 14
1360 1415 1483 1480 statur,
1500 1415 1620 1470 homiues
1639 1413 1854 1468 commodaverit:

277 1477 432 1546 Quaesitum
450 1483 503 1546 441,
528 1495 563 1534 44
587 1495 632 1546 aa,
657 1495 735 1548 quam
757 1477 867 1534 maritus
892 1481 1016 1534 adulterii
1033 1483 1084 1536 cri-
1171 1479 1189 1536 5
1213 1479 1391 1534 Maecianus
1412 1483 1480 1536 b'bro
1504 1489 1602 1550 quartu
1626 1481 1726 1536 decimo
1751 1483 1946 1538 institutionum

277 1549 348 1602 mine
365 1561 393 1602 se
411 1553 600 1602 accusaturum
617 1549 733 1602 minatus
752 1553 792 1602 441
809 1549 1014 1618 necquicquam
1032 1549 1086 1618 egit
1136 1549 1183 1616 441
1205 1555 1285 1604 44414
1307 1549 1467 1604 conversu¹³
1488 1549 1569 1604 turba
1592 1549 1722 1606 seditione
1738 1549 1890 1604 incendium
1907 1549 1945 1604 ie-

275 1615 318 1670 vel
338 1615 397 1670 iure
417 1615 507 1670 mariti
529 1617 570 1672 vel
591 1615 649 1670 iure
669 1615 791 1694 publico,
820 1615 922 1670 nubere
943 1617 1029 1686 possit
1052 1617 1084 1680 ei,
1137 1615 1215 1672 ecrit:
1241 1615 1337 1684 quique
1347 1615 1366 1648 ¹⁴
1385 1615 1519 1670 hominem
1536 1615 1598 1672 dolo
1615 1617 1685 1672 malo
1709 1617 1847 1672 1441444111
1870 1619 1945 1672 obse-

277 1699 354 1806 4444
371 1683 399 1736 in
416 1699 449 1738 ea
465 1699 539 1738 reum
552 1683 677 1738 adulterit
690 1681 840 1738 4441144411.
857 1683 960 1738 Ρ44144
973 1699 1084 1754 respou-
1137 1683 1218 1738 derit:
1237 1683 1314 1750 quive
1330 1683 1432 1750 fecerit,
1450 1699 1503 1754 444
1520 1685 1606 1738 miuus
1625 1685 1778 1754 sepeliatur,
1797 1699 1849 1754 quo
1863 1687 1946 1806 44441

295 1753 315 1806 11
337 1751 403 1806 nihil
423 1753 458 1804 im
478 1753 561 1820 edire,
585 1767 636 1820 444
659 1751 804 1818 4144441,
831 1765 909 1820 quem
932 1759 1086 1822 suspectum
1136 1751 1218 1806 14444
1237 1751 1377 1820 diripiatur
1395 1751 1572 1808 distrahatur:
1598 1753 1674 1834 44144
1691 1753 1809 1822 pervim
1831 1753 1882 1806 sibi
1899 1753 1946 1808 a'·

276 1819 405 1876 maritus¹
421 1769 529 1888 hahuit,
554 1835 586 1876 ea
603 1819 636 1874 44
653 1835 706 1888 444
719 1819 856 1888 quaeritur
873 1821 974 1876 nubere
990 1821 1083 1888 possit.
1138 1835 1216 1888 quem
1229 1819 1392 1888 obligaverit,
1406 1835 1469 1874 nam
1483 1837 1541 1874 eam
1557 1819 1744 1888 obhgationem
1757 1819 1800 1874 lex
1811 1821 1945 1876 rescindit.

278 1895 291 1944 l
326 1889 394 1942 ltem
413 1889 561 1956 quaeritent,
581 1887 702 1942 4414441
717 1885 828 1942 maritus
847 1887 981 1942 destitisse
997 1889 1085 1942 videa-
1140 1893 1151 1942 t
1190 1887 1320 1942 Sideri
1343 1893 1369 1942 et
1397 1887 1567 1956 possessione
1589 1889 1632 1942 vel
1654 1887 1771 1942 dominio
1795 1895 1947 1956 quaeratur,

278 1961 321 2010 tur
342 1957 384 2010 vel
406 1955 566 2010 lenocinium
589 1955 763 2020 commisisse,
787 1955 834 2024 441
851 1957 963 2010 eandem
979 1955 1087 2010 reduxit
1138 1961 1201 2008 ante
1225 1955 1437 2022 cognoscendum
1460 1957 1492 2010 dc
1514 1957 1539 2008 vi
1561 1971 1641 2026 quam
1664 1955 1698 2010 44
1722 1955 1887 2024 proprietate
1908 1959 1948 2010 rei

278 2039 396 2078 14141441.
432 2023 533 2078 Paulus
564 2023 702 2092 respondit
728 2039 802 2088 eum,
828 2023 875 2092 441
899 2029 962 2092 4441
988 2025 1086 2080 emmer
1139 2023 1215 2078 divus
1232 2023 1296 2076 Pius
1307 2025 1329 2056 ¹⁵
1351 2025 1392 2090 τῷ
1411 2025 1495 2090 κοινῷ
1513 2025 1569 2074 raia
1589 2021 1733 2074 1144441414
1741 2023 1762 2056 ¹⁶
1787 2023 1890 2076 Graece
1906 2039 1947 2078 re-

278 2091 393 2146 adulteri
410 2089 570 2146 intentatum
587 2091 698 2148 eandem
714 2107 825 2146 uxorem
846 2091 979 2158 radumtr,
1005 2089 1085 2146 desti-
1138 2089 1257 2158 scripsit:
1282 2089 1329 2146 444
1352 2095 1379 2146 41
1403 2089 1533 2154 decrevit,
1564 2095 1595 2144 ut
1617 2091 1692 2158 prius
1709 2089 1743 2144 44
1760 2089 1786 2144 vi
1804 2097 1949 2158 quaeratur

277 2159 1086 2230 114444144441144444444441444444144444444441
1139 2163 1153 2212 2
1189 2157 1403 2228 4444441414
1427 2157 1614 2212 4441444144
1643 2157 1821 2228 possessionis
1832 2159 1860 2212 ¹⁷.
1898 2157 1948 2226 Qui

277 2231 302 2284 ei
318 2227 379 2284 ius³
396 2245 451 2284 non
467 2243 614 2298 superesse.
1137 2231 1277 2282 vacantem
1299 2227 1435 2282 mulierem
1458 2227 1548 2296 rapuit
1565 2227 1607 2282 vel
1625 2231 1749 2296 nuptam,
1774 2225 1866 2280 ultimo
1884 2243 1947 2296 sup-

311 2293 352 2354 42
370 2295 431 2364 (41)
457 2297 537 2352 loun
559 2297 627 2352 labro
645 2299 737 2368 414414
758 2299 951 2350 sententiarum
984 2297 1017 2350 Iu
1035 2299 1085 2352 cri-
1137 2295 1217 2364 pliaio
1238 2295 1349 2366 punitur
1370 2299 1409 2362 et,
1434 2295 1461 2350 si
1479 2301 1558 2364 pater
1579 2295 1703 2350 iniuriam
1723 2309 1800 2350 suam
1825 2295 1948 2362 precibus

277 2365 348 2422 4144
369 2365 493 2420 adulterii
516 2365 590 2418 nulla
613 2365 701 2418 danda
722 2365 813 2418 dilatio
831 2369 886 2430 est,
910 2365 962 2420 nisi
978 2371 1010 2418 ut
1025 2381 1086 2434 per·
1137 2369 1264 2418 exoratus
1276 2365 1416 2428 remiserit,
1434 2369 1524 2416 tamen
1541 2369 1684 2418 extraneus
1703 2363 1760 2416 sine
1776 2363 1949 2432 quinquennii

278 2449 360 2488 sonae
384 2433 571 2496 exhibeantur,
599 2437 647 2484 aut
668 2431 748 2486 iudex
776 2431 961 2500 esqualitate
988 2433 1087 2500 negotii
1137 2431 1349 2512 praescriptione
1359 2447 1435 2486 reum
1446 2431 1584 2500 postulare
1596 2431 1701 2500 poterit,
1718 2445 1779 2484 curn
1790 2437 1884 2500 raptus
1898 2431 1948 2486 cri-

277 2505 365 2554 motus
383 2503 435 2554 boc
453 2515 535 2554 causa
553 2497 660 2566 cognita
677 2499 834 2568 permiserit.
1138 2515 1199 2554 men
1216 2499 1281 2566 legis
1298 2499 1412 2552 Iuliae¹⁸
1432 2500 1465 2554 de
1482 2497 1612 2554 adstiteris
1629 2503 1789 2566 potestatem
1805 2497 1918 2552 excedit.

311 2563 351 2626 43
365 2563 426 2634 (42)
442 2567 648 2620 Tarracenses
662 2565 731 2624 libro
743 2567 860 2622 secundo
873 2567 1085 2638 disputationum
1173 2563 1191 2622 6
1216 2565 1360 2620 Uarianos
1379 2563 1455 2622 'libro
1471 2569 1585 2646 septimo
1607 2567 1640 2620 de
1661 2567 1756 2636 officio
1775 2565 1949 2636 proconsulis

278 2635 307 2692 Si
324 2637 355 2702 is,
375 2635 420 2704 qui
436 2635 479 2690 ius
497 2635 637 2688 anulorum
653 2633 818 2704 impetravit,
836 2635 996 2690 adulterium
1013 2651 1085 2690 com·
1138 2633 1267 2700 Etcum,
1292 2635 1338 2703 441
1359 2649 1473 2702 puerum
1493 2649 1639 2704 mgenuum
1661 2633 1762 2702 rapuit,
1806 2633 1949 2688 uniendum

278 2703 348 2758 misit
365 2703 394 2759 in
410 2703 517 2772 patroni
534 2717 645 2758 uxorem
662 2707 709 2756 aut
725 2703 755 2758 14
771 2707 913 2772 44114444
932 2719 1020 2766 suam,
1039 2707 1087 2758 aut
1139 2701 1215 2756 divus
1238 2701 1303 2756 Pius
1334 2701 1473 2770 rescripsit
1492 2701 1528 2756 ‘in
1556 2701 1623 2756 haec
1650 2703 1746 2756 rerba:
1783 2707 1789 2730 ‘
1817 2701 1949 2770 xemplum

276 2771 379 2826 144144
397 2773 478 2836 41441,
502 2771 580 2824 44144
602 2771 714 2824 libertus
736 2771 821 2840 patris
845 2771 1015 2834 1141441114,
1037 2771 1086 2824 filii
1139 2769 1230 2824 ‘libelli
1251 2767 1306 2824 dati
1322 2769 1387 2824 mihi
1409 2785 1426 2824 a
1443 2769 1561 2824 Domitio
1581 2769 1686 2824 Silvano
1709 2767 1815 2824 1141111114
1839 2769 1949 2824 Domitii

278 2839 381 2896 filiaeve
399 2839 463 2894 luit:
482 2855 517 2892 an
534 2841 565 2892 41
581 2839 692 2894 libertus
709 2839 800 2908 puniri
817 2839 930 2894 debeat?
955 2845 983 2892 et
1000 2839 1023 2892 si
1040 2839 1086 2894 de·
1139 2839 1248 2892 ‘Silvani
1264 2837 1354 2908 patrui
1370 2837 1458 2892 subici
1473 2839 1551 2904 iussi,
1569 2841 1658 2892 motus
1676 2837 1795 2906 querella
1812 2839 1879 2902 eius,
1897 2851 1950 2906 qua

278 2909 426 2978 prehensus
444 2907 478 2962 sit
494 2907 524 2960 in
541 2905 681 2972 adulterio,
700 2923 735 2962 au
752 2907 860 2976 impune
878 2905 1034 2962 occidatur?
1060 2913 1087 2962 et
1139 2905 1306 2974 ‘significavit
1322 2905 1406 2960 filium
1429 2921 1506 2960 suum
1523 2905 1681 2974 ingenuum,
1707 2905 1832 2960 iuvenem
1859 2905 1950 2958 admo·

278 2977 360 3046 magis
374 2977 459 3044 probo
474 2975 657 3030 subiciendum
672 2977 793 3046 poenae5
807 2975 1001 3040 libertinorum,
1020 2991 1086 3044 quo·
1139 2975 1223 3040 ‘dum
1241 2979 1349 3042 raptum
1366 2979 1446 3042 atque
1469 2975 1638 3038 conclusum,
1662 2989 1725 3028 mox
1746 2975 1900 3028 verberibus
1919 2989 1949 3026 ac

277 3043 349 3098 niam
372 3045 430 3112 lege
450 3043 519 3098 iulia
541 3043 574 3098 de
595 3043 732 3100 adulteriis
755 3043 907 3100 coercendis
932 3043 966 3098 ad
987 3045 1087 3100 tuenda
1139 3043 1287 3096 ‘tormentis
1314 3057 1399 3112 usque
1422 3043 1458 3096 ad
1481 3059 1613 3098 summum
1636 3041 1784 3110 periculum
1805 3041 1948 3106 adflictum,

277 3111 445 3166 matrimonia
462 3127 510 3180 pro
528 3111 658 3166 libertinis
677 3127 723 3166 444
737 3113 848 3166 baberit
870 3111 975 3182 placuit
997 3117 1023 3166 et
1041 3113 1086 3166 de·
1139 3109 1257 3166 ‘Gemina
1277 3111 1423 3166 4411441441
1451 3109 1529 3166 44114
1552 3109 1645 3164 444144
1664 3127 1724 3166 eum
1742 3115 1781 3174 ct,
1805 3111 1827 3166 si
1845 3125 1950 3178 compe·

278 3181 401 3236 seriorem
425 3195 533 3236 causam
555 3195 603 3250 per
629 3181 703 3236 istud
727 3179 886 3236 beneficium
913 3179 1088 3250 patronorum
1139 3177 1215 3234 ‘reris
1232 3181 1300 3232 haec
1317 3179 1355 3232 ita
1373 3177 1498 3246 admissa,
1517 3193 1574 3232 rem
1591 3193 1682 3232 severe
1700 3179 1887 3248 exequaris’19.

278 3249 372 3304 baberi
389 3265 442 3302 non
459 3255 573 3318 oportet.
764 3301 765 3304 ,
1175 3243 1290 3316 ilcan
1313 3247 1381 3304 b'brc
1400 3253 1494 3302 octono
1512 3247 1545 3300 dc
1562 3247 1657 3316 officio
1670 3247 1846 3316 proconsulis
1879 3247 1950 3314 Lege

311 3315 352 3376 44
371 3313 432 3384 (43)
452 3317 543 3372 Gnarus
568 3317 636 3372 libro
660 3317 738 3370 tertio
770 3317 808 3370 ud
833 3315 918 3386 lapan
947 3317 1086 3372 duodecim
1137 3315 1206 3370 Iulia
1224 3315 1299 3370 4441
1317 3315 1561 3384 publicatarum,
1586 3313 1645 3382 441,
1668 3331 1729 3370 cum
1746 3315 1950 3386 1444414444-

278 3385 430 3440 tubulorum
464 3385 493 3438 Si
515 3401 548 3440 ex
569 3385 627 3454 lege
647 3385 786 3456 repudium
809 3385 921 3440 missurn
937 3401 991 3440 non
1008 3385 1044 3440 sit
1061 3391 1088 3442 et
1138 3389 1296 3438 testatemve
1319 3385 1445 3448 baberet,
1469 3383 1552 3438 civem
1575 3383 1727 3438 Romanum
1744 3383 1871 3438 adversus
1888 3399 1950 3452 pro·

276 3451 377 3506 idcirco
395 3453 489 3508 mvvlier
506 3453 594 3508 adbuc
617 3459 702 3520 nupta
719 3469 777 3508 esse
795 3453 930 3520 videatur,
953 3459 1043 3508 tamen
1064 3451 1089 3508 si
1138 3451 1304 3508 vocationem
1323 3451 1467 3508 necaverit
1495 3451 1674 3508 verberaverit
1697 3451 1836 3506 iusseritve
1861 3451 1950 3520 quid²⁰

278 3521 337 3588 quis
359 3535 417 3574 eam
441 3535 552 3574 uxorem
575 3521 691 3586 duxerit,
719 3521 823 3574 adulter
840 3539 894 3576 non
913 3523 971 3576 erit.
1006 3523 1088 3592 idque
1138 3519 1197 3574 fieri
1211 3525 1258 3574 aut
1274 3519 1378 3588 quidin
1391 3519 1493 3582 4411414
1506 3519 1635 3586 iniecerit,
1652 3525 1683 3574 41
1697 3527 1863 3590 torqueatur.
1888 3521 1950 3574 item

278 3589 384 3642 Salvius
401 3589 519 3642 lulianus
537 3589 687 3658 respondit,
710 3589 773 3658 quia
795 3589 969 3656 adulterium,
992 3589 1087 3658 inquit,
1139 3589 1211 3658 4444
1228 3589 1380 3658 adlegatos
1398 3593 1518 3644 oratores
1538 3589 1680 3644 comitesve
1698 3589 1833 3654 attinebit,
1853 3589 1950 3658 siquis

278 3655 335 3710 siue
358 3655 419 3712 dolo
443 3657 513 3712 malo
533 3673 588 3712 uon
605 3655 790 3712 comunittiturr
816 3673 977 3726 quamquam
998 3657 1087 3712 diccu-
1139 3673 1231 3712 eorum
1247 3657 1370 3726 pulsasse
1388 3663 1415 3712 et
1431 3657 1514 3712 sive²¹
1531 3655 1656 3712 iniuriam
1673 3655 1769 3712 1441444
1787 3663 1920 3724 arguetur.

282 3725 368 3790 tumr,
386 3739 420 3778 ne
437 3725 468 3790 14,
486 3727 531 3792 441
548 3727 629 3780 441141
647 3739 705 3778 eam
722 3727 829 3794 exlege
849 3727 1016 3796 repudiatam
1033 3741 1089 3782 444
1175 3721 1192 3782 8
1211 3723 1389 3780 Marcianus
1403 3727 1472 3780 libro
1490 3727 1584 3796 quinto
1596 3723 1773 3796 pnbb'cornm
1798 3725 1870 3794 Lege
1883 3725 1951 3778 Iulia

281 3807 345 3858 4444,
365 3793 426 3848 4414
443 3793 513 3846 4414
531 3793 687 3850 committat.
1140 3791 1173 3846 de
1196 3791 1223 3846 41
1243 3793 1352 3862 publica
1376 3799 1495 3860 cavetur,
1521 3809 1555 3848 ne
1573 3793 1633 3862 quis
1650 3809 1726 3848 reum
1748 3793 1847 3850 vinciat
1869 3793 1951 3862 impe·

314 3859 352 3918 45
375 3859 438 3928 (44)
464 3859 647 3916 Pnrrrrrnrrcs
671 3863 739 3916 b'bro
769 3865 868 3932 quarto
896 3877 940 3916 res
962 3877 1089 3916 orrsormn
1140 3859 1242 3926 diatve,
1269 3877 1321 3930 quo
1347 3861 1435 3916 minus
1461 3861 1564 3916 Romae
1589 3861 1660 3916 intra
1687 3863 1819 3916 4411441ῃ
1846 3867 1951 3932 144444

279 3929 414 3984 Detracta
429 3943 534 3998 quoque
551 3945 631 3986 socru
647 3945 728 4000 gener
741 3929 837 3986 incesti
853 3877 1041 4000 pertritum,
1058 3937 1090 3986 ut
1139 3927 1218 3984 adsit.

278 3997 384 4052 adulter
399 4003 462 4066 post
478 4003 590 4056 mortem
603 3997 729 4054 mulieris.
1175 3993 1194 4054 9
1214 3997 1332 4050 Parrus
1347 3997 1416 4052 libro
1432 3999 1545 4068 septimo
1564 3995 1729 4052 4444141414
1755 3999 1881 4054 Armatus
1898 4013 1952 4052 444

1140 4065 1296 4134 44444444
1318 4063 1472 4132 intellegere
1488 4065 1630 4130 debemus,
1654 4065 1701 4132 4111
1720 4065 1775 4120 1414
1792 4067 1950 4132 habuerunt,

1141 4133 1188 4188 sed
1206 4133 1286 4186 41144
1303 4133 1368 4202 4414
1385 4133 1488 4186 4114423
1505 4147 1602 4188 nocere
1619 4139 1717 4202 potest.

648 4207 690 4266 VI
696 4207 715 4270 ⁸,
1141 4273 1152 4324 t
1178 4199 1254 4336 wil
1268 4199 1496 4324 ULinNUSgiihh⁰
1509 4203 1699 4322 4444444144
1718 4201 1951 4324 4444414444-

587 4307 589 4312 -
1152 4285 1197 4324 um
1255 4285 1283 4322 ur
1324 4285 1410 4324 corn
1439 4285 1454 4324 o
1483 4285 1580 4334 ecerr,
1616 4269 1804 4332 4441144414
1824 4269 1875 4324 'cia
1904 4275 1950 4324 uto

376 4305 420 4356 AD
438 4305 560 4358 LEGEM
576 4307 701 4356 IULIAM
718 4305 765 4356 DE
783 4303 993 4358 V1PUBLIOA.
1141 4341 1317 4392 exerceantur
1337 4341 1385 4390 ant
1406 4337 1509 4392 iudices
1532 4341 1563 4390 ut
1586 4285 1694 4406 oirortet
1715 4337 1833 4392 iudicent
1855 4337 1897 4392 vel
1919 4339 1950 4402 is,

316 4403 328 4460 1
349 4405 525 4460 Macerinus
551 4405 618 4460 lr'hro
644 4411 741 4476 quarto
764 4405 867 4460 decimo
893 4407 1087 4460 institutionum
1141 4405 1187 4474 441
1204 4411 1364 4474 potestatem
1380 4405 1553 4474 imperiumve
1574 4405 1696 4472 habebit,
1724 4407 1834 4474 quam²⁵
1860 4405 1884 4460 ei
1909 4405 1950 4460 ius

279 4473 351 4540 Lege
364 4473 433 4528 lulis
450 4471 483 4528 44
499 4473 525 4526 41
541 4473 650 4540 publica
667 4477 780 4540 tenetur,
798 4473 844 4540 441
858 4475 1003 4528 4111141414
1018 4471 1090 4528 4441
1142 4473 1200 4540 erit,
1218 4473 1345 4528 decernat
1360 4475 1473 4542 imperet
1490 4471 1584 4528 iaciat:
1613 4473 1659 4540 441
1681 4473 1762 4528 14444·
1779 4473 1952 4542 4444414444

280 4557 346 4596 auae
364 4555 459 4610 agrove
476 4541 554 4594 inve⁹
577 4541 639 4594 villa
660 4547 768 4610 praeter
790 4557 869 4596 usum
885 4543 1032 4598 venedocia
1049 4541 1090 4596 rel
1142 4543 1176 4596 ab
1194 4543 1284 4612 aliquo
1305 4541 1387 4596 inrito
1410 4541 1533 4610 polliceri
1549 4543 1656 4610 publice
1673 4541 1828 4610 privatimve
1845 4557 1895 4612 per
1911 4543 1950 4596 in-

281 4609 384 4666 11144114
400 4609 441 4664 141
458 4607 633 4678 navigationis
650 4611 773 4678 coegerit.
1140 4609 1236 4664 iuriam
1260 4609 1388 4678 exegerit:
1414 4611 1479 4664 item
1505 4609 1551 4679 qui
1577 4627 1637 4664 444
1661 4609 1714 4664 telo
1742 4607 1805 4666 4414
1827 4609 1899 4664 malo
1924 4609 1951 4662 in

316 4675 506 4732 2841114411
527 4677 594 4732 libro
614 4683 710 4746 quarto
728 4677 885 4750 reputarunt
911 4679 1091 4748 Excipiuntur
1142 4677 1296 4732 contione²⁶
1318 4677 1400 4732 tuerit
1416 4681 1465 4732 aut
1479 4679 1527 4732 ubi
1547 4677 1674 4732 iudicium
1691 4677 1800 4746 publice
1817 4677 1951 4734 444144111-

283 4751 372 4798 44144
396 4761 483 4810 arma,
512 4759 581 4814 quac
605 4745 663 4814 4414
689 4747 831 4814 promercii
863 4761 949 4816 causa¹
967 4747 1092 4802 habuerit
1142 4751 1196 4802 tur.
1231 4749 1359 4814 exceptus
1382 4751 1437 4812 est,
1464 4747 1510 4816 441
1535 4751 1646 4816 propter
1665 4747 1832 4800 venationem
1853 4747 1951 4800 babeat

284 4813 462 4870 hereditatem
479 4813 504 4868 ei
521 4813 675 4868 obvenerint
683 4815 712 4870 1⁰.
1142 4813 1299 4878 homines²⁷‚
1319 4813 1441 4882 quicum
1457 4813 1549 4868 bestiis
1586 4817 1692 4882 ugnent,
1711 4813 1900 4882 ministrosque
1918 4813 1951 4866 ad

319 4877 622 4938 3111144444411414
650 4887 747 4952 punito
770 4881 873 4936 decimo
896 4883 1091 4936 irritationum
1146 4887 1157 4936 i
1194 4897 1227 4936 ea
1248 4881 1349 4936 habere
1370 4881 1533 4936 conceditur.
1566 4831 1627 4936 inc
1648 4881 1707 4948 lege
1729 4887 1836 4938 tenetur
1858 4885 1884 4936 et
1907 4879 1950 4948 qui

285 4949 318 5002 ln
334 4951 425 5004 eadem
443 4963 524 5006 causa
541 4953 612 5014 sunt,
630 4951 675 5018 441
692 4951 786 5004 ambae
803 4949 974 5004 seditionisve
989 4949 1092 5004 iacien—
1145 4951 1296 5006 convocatis
1319 4949 1470 5004 hominibus
1487 4951 1541 5004 rim
1556 4949 1664 5016 lecerit,
1683 4965 1734 5016 quo
1753 4951 1812 5018 quis
1829 4949 1950 5004 verbere-

286 5017 336 5072 dae
354 5017 493 5072 consilium
512 5017 620 5072 inierint
641 5033 763 5074 servosve
786 5023 834 5072 aut
856 5017 954 5074 liberos
971 5017 1092 5072 homines
1145 5023 1159 5072 2
1193 5023 1239 5072 tur
1256 5023 1284 5072 et
1298 5017 1429 5086 pulsetur,
1448 5017 1563 5086 2⁸neque
1579 5017 1658 5072 borno
1676 5017 1782 5072 occisus
1800 5017 1842 5070 sit.
1869 5015 1949 5070 Dam-

288 5091 299 5138 1
335 5085 364 5140 111
381 5085 461 5140 muris
477 5085 627 5142 habuerint.
653 5085 830 5154 Eademlege
847 5089 960 5152 1444141,
979 5085 1091 5156 44144-
1145 5091 1209 5140 nato
1226 5085 1260 5140 44
1276 5085 1302 5140 41
1319 5087 1428 5156 publica
1445 5101 1516 5154 aqua
1532 5091 1560 5140 et
1575 5085 1629 5154 igni
1646 5083 1821 5140 interdicitur.

285 5257 456 5320 (44441114Ἰ
535 5259 568 5322 (4)
586 5255 712 5308 reduxerit
725 5257 765 5308 F²
850 5257 882 5320 (3)
901 5257 986 5322 41144]
1002 5257 1056 5308 eius
1070 5257 1098 5308 F
1141 5257 1301 5322 priusquam
1316 5255 1950 5324 deviquaeraturdeiurepossessionislcfiOedi,

285 5329 317 5390 (1)
336 5323 397 5390 4144)
412 5341 495 5378 eamve
509 5329 564 5380 edd.
657 5325 690 5388 (4)
706 5341 788 5392 poena
802 5323 828 5374 F
913 5325 948 5390 (4)
965 5323 1055 5376 habere
1069 5325 1096 5374 F
1143 5327 1211 5390 441)
1281 5327 1327 5390 (14)
1343 5323 1408 5374 iulia
1421 5325 1449 5374 F
1514 5325 1560 5390 (14)
1579 5323 1694 5386 44444414
1707 5325 1734 5374 F
1799 5325 1950 5390 (14441441

284 5395 317 5458 (1)
335 5391 568 5458 hamtunescire
582 5393 805 5446 videndumFuber
1142 5409 1206 5458 quae
1213 5407 1289 5458 snpra
1297 5393 1389 5458 scripta
1396 5395 1457 5444 sunt
1469 5395 1514 5444 ins.
1565 5391 1609 5454 (11)
1627 5391 1949 5444 comitasveeorumattina·

319 5461 352 5526 (4)
372 5461 753 5524 8441111444Ε4.4.9.14;
773 5461 1089 5526 Pupil-ta—Boatitl,
1140 5461 1512 5526 bit‚siquispulsosscsirescr.
1572 5461 1620 5520 (42)
1637 5461 1775 5512 numus
1824 5461 1949 5528 (ailquid

285 5543 320 5596 18,
331 5541 399 5584 1...11.
414 5559 447 5568 -
465 5531 652 5596 04044411
737 5531 771 5596 (a)
790 5527 858 5594 inve]
872 5529 931 5578 nirn
944 5529 993 5592 Fll,
1007 5529 1036 5578 in
1051 5527 1090 5578 F⁶
1141 5527 1212 5580 41144
1228 5529 1275 5596 10²,
1298 5529 1401 5594 eosqui
1418 5527 1489 5578 41144
1506 5527 1573 5594 quod
1595 5527 1646 5596 17²,
1669 5527 1793 5596 quidquid
1809 5527 1880 5580 41144
1901 5551 1948 5584 sor.

285 5599 812 5666 (11))41144441·114’(1444444144144114
847 5599 891 5664 (12)
902 5597 1092 5664 staretliiereiS
1141 5599 1188 5664 (24)
1206 5599 1420 5666 4411441448,
1431 5609 1473 5662 42
1543 5595 1590 5662 (11)
1607 5597 1754 5650 1444141114.
1823 5601 1872 5664 (ab)
1889 5617 1947 5652 con-

286 5671 330 5734 (14)
347 5669 532 5722 4444444444.
584 5671 628 5734 (14)
647 5667 775 5734 quivemr.
827 5665 872 5728 (ts)
891 5667 1089 5718 diocHodriuno
1140 5665 1285 5718 114441144
1370 5665 1416 5734 (41)
1436 5665 1477 5716 441
1492 5667 1593 5732 propter
1606 5667 1888 5720 venationemhomiucr
1901 5689 1946 5722 scr.

286 5737 709 5802 444414110411444441).4,1,41
794 5735 839 5800 (14)
858 5737 885 5788 id
898 5745 946 5788 est:
964 5735 1090 5786 conmuni
1140 5737 1187 5800 (14)
1206 5737 1252 5788 etsi
1265 5739 1311 5790 tur.
1320 5735 1358 5788 11¹²

285 5807 459 5862 Thessalorum
544 5807 587 5872 (11)
605 5827 651 5860 scr.
667 5805 708 5858 sed
722 5805 794 5856 divus
807 5805 912 5858 aaran
926 5802 1034 5856 decrevit
1060 5805 1090 5856 ut
