4366 6258
1025 371 1088 458 soa

247 571 312 652 odos
323 569 486 652 ,cognatione
507 569 655 642 quaeritur,
676 571 767 644 patrui
787 575 895 632 maximi
915 575 1038 634 auunculi
1089 575 1169 630 ‘salto
1178 573 1310 632 honorum
1318 573 1515 646 poession
1525 573 1589 630 dare
1599 575 1742 644 oportebit,
1753 577 1794 632 ita
1807 581 1896 638 dabo’t

246 653 340 700 maxum
361 645 458 694 amitae
482 641 612 700 maximae
633 649 792 700 materterae
814 645 945 702 maximae
966 643 1038 700 iilius
1091 649 1102 696 1
1139 641 1291 712 Numquam
1307 645 1439 700 bonorum
1454 643 1597 716 possessio,
1615 657 1684 712 qnae
1700 659 1734 698 ex
1751 645 1805 698 alia
1818 655 1896 714 parte

246 709 303 776 tta,
323 705 384 762 item
400 709 494 778 proavi
510 709 635 778 proaviae
653 713 855 772 consobrinam,
886 713 977 770 fratris
995 729 1038 770 sc·
1089 709 1169 766 edicti
1186 711 1294 782 adgnita
1311 717 1359 780 est,
1378 713 1488 782 impedit
1504 711 1584 766 istam
1599 709 1729 766 honorum
1747 715 1896 778 possessios

247 779 354 844 mrisque
369 775 487 846 adnepos
504 777 657 848 adneptis²=
695 795 804 844 ersonas
822 781 959 838 continent
976 797 1038 838 cen·
1091 783 1105 832 2
1139 795 1208 832 nem.
1235 779 1564 850 Gumexlegeduodecim
1576 779 1725 834 tabularum
1742 779 1801 846 quis
1814 779 1898 832 habet

247 843 474 926 maugintiocto.
505 845 645 914 trinepotis
689 849 737 916 us,
754 851 818 904 item
830 847 899 904 filias
916 849 1039 918 trineptis
1091 847 1277 912 hereditatem,
1295 847 1358 900 hinc
1374 865 1428 902 non
1445 847 1526 916 petit,
1550 847 1598 902 sed
1613 847 1675 902 inde
1694 851 1759 898 ‘tum
1776 853 1856 914 quem
1873 847 1897 896 ei

248 913 315 978 lilius,
331 917 392 968 rtem
407 913 471 968 filia.
505 913 533 968 hi
551 919 657 970 neutum
674 915 766 986 viginti
782 919 844 970 octo
860 917 940 984 fiunt,
959 915 1039 986 quod,
1091 911 1223 966 ‘heredem
1245 927 1304 968 esse
1321 915 1443 982 oportet’,
1466 913 1564 982 quippe
1587 927 1648 968 cum
1670 931 1724 968 non
1745 913 1812 964 alias
1833 909 1896 964 hinc

248 999 300 1050 mn
314 981 427 1052 trinepos
444 981 627 1054 trineptisque,
647 989 678 1038 nt
695 999 778 1054 supra
794 983 1038 1048 demonstravimus,
1092 985 1224 1048 competat
1241 981 1371 1034 honorum
1388 981 1529 1048 possessio,
1550 997 1630 1050 quam
1646 981 1670 1038 si
1685 981 1730 1036 lex
1747 977 1898 1048 specialiter

248 1049 372 1120 impiata
388 1057 514 1118 quamuor
529 1051 664 1120 impleant,
681 1051 753 1106 filius
765 1065 857 1106 eorum
869 1053 961 1108 eudem
974 1069 1039 1108 enu·
1091 1049 1194 1102 delerat
1212 1047 1342 1102 bonorum
1358 1047 1562 1116 possessionem.
1710 1057 1711 1060 ’

249 1117 378 1178 nuadone
394 1119 558 1188 totidemque
573 1117 630 1174 filia
646 1119 853 1190 computabitur.

1312 373 1486 454 xxxviii
1511 381 1559 454 to.
1580 385 1628 454 u.
1649 391 1697 458 ιι.
1718 397 1766 462 13.
1787 399 1835 466 ιι.
1855 405 1893 470 ιι

245 385 327 470 nnn
347 385 403 446 vn
422 387 466 448 nr
485 385 579 448 nxon

1448 1255 1544 1314 xva.

602 1325 671 1386 xit
1094 1353 1170 1416 nors
1191 1353 1280 1404 cuno
1301 1333 1370 1402 rn¹⁴
1385 1351 1661 1406 rossnssroruuus
1683 1331 1895 1426 sueverunt

461 1423 555 1476 UNDE
572 1423 634 1476 Vm
649 1423 695 1474 ET
711 1423 813 1474 UxoR‘
1130 1451 1144 1510 l
1164 1451 1354 1506 Monusrruus
1368 1453 1436 1508 libro
1452 1457 1532 1506 scuto
1544 1453 1743 1524 pandectarum
1776 1453 1900 1510 intestati

261 1525 293 1582 ’1
315 1519 456 1580 Uiuianus
471 1523 538 1578 libra
556 1523 909 1604 quadragensimoscptimo
922 1521 960 1576 acl
972 1521 1042 1576 edic·
1088 1519 1122 1576 hi
1142 1520 1241 1590 gradm
1263 1525 1405 1574 vocantur:
1433 1521 1547 1588 primurn
1570 1519 1612 1574 sui
1634 1521 1758 1588 heredes,
1782 1523 1899 1576 secsmdo

253 1603 297 1650 som
326 1589 362 1644 Ut
382 1591 512 1646 bonorum
533 1591 667 1660 possessio
688 1591 745 1658 peti
765 1595 850 1658 possit
871 1589 942 1644 unde
958 1591 999 1644 vir
1016 1595 1044 1642 et
1093 1587 1213 1656 legitimi,
1237 1589 1317 1642 tertio
1333 1589 1447 1656 proximi
1465 1587 1583 1658 cognati,
1606 1587 1701 1642 deinde
1721 1591 1762 1644 uir
1778 1595 1806 1644 et
1822 1607 1899 1644 uxor.

253 1675 318 1724 uxor,
334 1657 430 1714 iustum
447 1673 506 1714 esse
522 1657 718 1714 matrimonium
736 1663 849 1726 oportet.
885 1663 1004 1712 ceterum
1020 1657 1043 1710 si
1097 1661 1108 1708 l
1145 1657 1204 1712 Sive
1221 1657 1331 1709 tabulae
1347 1657 1497 1710 testamenti
1514 1673 1569 1708 non
1586 1661 1697 1724 exstent,
1715 1657 1770 1712 sive
1788 1663 1900 1722 exstent,
1927 1691 1928 1694 =

252 1729 362 1786 manum
384 1725 465 1780 luerit
485 1727 696 1790 matrimonium,
724 1741 892 1794 nequaquam
912 1727 1043 1780 bonorum
1092 1723 1119 1780 si
1139 1723 1286 1780 secundum
1307 1739 1353 1778 eas
1373 1723 1415 1778 vel
1433 1729 1526 1778 contra
1543 1739 1588 1778 aas
1604 1723 1736 1778 bonorum
1753 1727 1900 1792 possessio-

252 1795 369 1870 possessio
410 1793 447 1846 cti
469 1795 580 1864 poterit,
604 1793 826 1862 quemadmodum
843 1809 893 1848 nec
911 1809 945 1846 ex
960 1799 1043 1846 testa·
1094 1807 1155 1846 nem
1176 1807 1252 1846 nemo
1274 1791 1392 1858 accepit,
1415 1791 1533 1846 intestati
1558 1791 1663 1846 ιιιιιιι16
1684 1793 1816 1846 honorum
1838 1809 1900 1862 pos-

253 1861 345 1920 ncnto⁴
368 1875 384 1914 a
404 1861 433 1874 ''
460 1861 592 1916 hereditas
614 1861 655 1916 vel
679 1861 825 1916 secundnm
852 1861 958 1916 tabulas
987 1861 1044 1930 peti
1096 1863 1110 1912 2
1145 1861 1238 1914 sessio.
1273 1861 1396 1914 Intestati
1412 1861 1497 1928 patris
1515 1859 1605 1914 liberis
1622 1861 1752 1914 honorum
1766 1861 1900 1928 possessio

253 1935 365 1988 honorum
387 1927 524 1998 possessio
542 1935 645 1998 potest:
671 1929 736 1982 nihil
759 1931 828 1984 enim
851 1929 912 1998 capi
934 1937 1044 1998 propter
1096 1927 1175 1982 datur
1199 1943 1253 1984 non
1274 1933 1380 1982 tantum
1401 1927 1456 1994 his,
1485 1927 1530 1996 qui
1552 1927 1581 1980 in
1601 1933 1762 1996 potestatem
1783 1929 1902 1998 parentis

255 2009 264 2056 1
293 1997 412 2054 iniustum
437 1997 633 2052 matrimonium
680 2003 758 2052 otest.
797 1997 834 2052 Ut
860 2001 951 2050 autem
977 1999 1044 2050 haec
1095 1997 1224 2062 usquein
1239 1997 1333 2050 mortis
1349 2001 1454 2064 tempus
1471 1994 1592 2062 fuerunt,
1615 1995 1693 2050 sed¹⁷
1718 1997 1900 2066 emancipatis.

276 2135 277 2138 Ἴ
297 2081 366 2122 orum
378 2063 513 2132 possessio
525 2065 614 2118 locum
624 2013 731 2130 hadent,
745 2081 855 2118 uxorem
868 2079 927 2120 esse
941 2071 1045 2134 oportet
1130 2063 1149 2122 2
1177 2065 1320 2120 Uiuianus
1340 2063 1408 2120 libro
1431 2065 1657 2134 quadragensimo
1679 2079 1750 2118 nono
1773 2065 1811 2118 ad
1832 2065 1902 2120 edic-

254 2131 331 2192 niortis
350 2137 477 2200 tempore.
517 2131 565 2188 sed
587 2131 611 2188 si
633 2131 778 2186 divortium
796 2133 901 2200 quidem
923 2137 1044 2188 secutum
1096 2137 1150 2186 tum
1188 2131 1260 2188 Utile
1285 2137 1391 2202 tempus
1416 2137 1458 2186 est
1482 2131 1611 2188 bonorum
1634 2131 1833 2200 possessionum
1855 2131 1902 2186 ad-

254 2205 288 2270 sit,
302 2205 478 2254 verumtamen
493 2199 551 2254 iure
568 2199 648 2254 durat
664 2199 873 2266 matrimonium,
894 2201 962 2254 haee
983 2215 1044 2254 suc·
1096 2201 1296 2256 mittendarum:
1319 2201 1358 2254 ita
1374 2205 1463 2254 autem
1480 2201 1544 2254 utile
1562 2205 1665 2268 tempus
1683 2205 1737 2264 est,
1760 2205 1791 2254 ut
1807 2199 1903 2268 singuli

255 2269 325 2350 casio
346 2269 432 2320 locum
455 2281 510 2346 nou
531 2267 621 2346 hahet.
656 2269 708 2322 hoc
727 2273 821 2348 autem
841 2269 872 2320 in
893 2267 1046 2350 huiusmodi
1097 2269 1151 2350 dies
1167 2271 1197 2350 iu
1214 2287 1245 2324 eo
1263 2269 1350 2350 utiles·
1360 2269 1420 2336 sint,
1439 2269 1540 2348 scilicet
1556 2275 1587 2322 ut
1603 2283 1652 2338 per
1668 2267 1785 2336 singulos
1803 2267 1859 2322 dies
1877 2273 1905 2348 et

254 2333 945 2460 ttttltnitthdtttsdelituisse
958 2335 1046 2458 itt
1096 2335 1904 2474 ltitttttlitt,altit{nitidisnitidis

254 2469 462 2532 innutrimonim
480 2469 543 2524 dum
561 2485 621 2524 eam
636 2469 808 2540 prohiberet⁵
825 2471 872 2524 alii
887 2473 989 2524 nuhere
1003 2473 1045 2524 in·
1098 2473 1153 2528 dies
1172 2473 1196 2528 ei
1212 2491 1266 2528 non
1284 2473 1369 2528 cedat.
1405 2473 1464 2526 fieri
1480 2479 1569 2528 autem
1586 2477 1686 2542 potest,
1710 2477 1741 2526 ιιι
1761 2471 1807 2542 qui
1827 2469 1903 2526 initio

256 2539 298 2596 rito
308 2543 424 2608 patrono.
450 2539 514 2594 item
523 2539 593 2592 Iulia
608 2539 641 2592 de
656 2537 801 2604 adulteriis,
817 2539 868 2592 nisi
882 2545 954 2594 certo
968 2539 1045 2594 modo
1098 2541 1188 2596 scierit
1203 2543 1245 2596 rel
1261 2543 1379 2612 potuerit
1395 2543 1525 2596 bonorum
1541 2541 1737 2612 possessionem
1756 2539 1903 2604 admittere,

257 2607 379 2666 disortium
395 2605 496 2660 facturn
515 2607 557 2674 sit,
575 2623 624 2676 pro
641 2605 741 2662 iniecto
758 2607 848 2662 hahet.
1097 2611 1140 2662 hic
1157 2611 1268 2680 incipiat
1284 2611 1386 2664 nescire
1403 2611 1444 2664 vel
1461 2627 1515 2664 non
1530 2625 1610 2680 posse
1627 2609 1780 2662 admittere:
1802 2609 1904 2664 scilicet

600 2815 658 2872 XII
665 2813 683 2872 ⁸.

258 2915 294 2966 nn
308 2911 559 2966 venundandum
580 2913 625 2976 ET
642 2911 794 2962 MILITUM
811 2911 1047 2964 SUOOESSIONE.

286 3011 416 3080 iMacua
433 3011 501 3066 lihro
518 3013 635 3066 secundo
653 3011 686 3066 dc
703 3029 734 3066 ra
751 3011 864 3068 militari
896 3013 984 3080 Militi,
1003 3013 1048 3082 qni

258 3077 1048 3206 addititiusinstituittttttdttt

258 3217 276 3270 si
289 3217 389 3286 punitus
406 3217 455 3282 sit,
477 3217 513 3270 ad
530 3223 658 3284 cognatos
676 3217 733 3272 sius
750 3165 897 3286 pdrtincre,
920 3217 943 3270 si
959 3153 1049 3272 dudi

258 3297 285 3338 ex
298 3285 397 3340 militari
413 3285 519 3352 delicto,
536 3299 642 3340 uonex
659 3285 792 3340 communi
808 3283 918 3354 punitus
936 3291 986 3340 est.

285 3349 501 3408 dParraranus
527 3353 594 3406 libro
620 3357 699 3406 scuta
727 3353 828 3406 decimo
857 3367 1048 3422 responsorum

262 3415 321 3474 dona
340 3421 427 3474 militis
450 3421 570 3474 intestati
593 3419 712 3476 defuncti
738 3421 884 3474 castrensia
905 3419 971 3474 fisco
995 3437 1050 3474 non

260 3485 433 3556 nocentum,
462 3505 522 3544 cum
548 3489 626 3544 heres
648 3487 781 3556 legitimus
805 3487 942 3542 adfinem
965 3489 1050 3556 quinti

259 3555 342 3676 {radus
362 3555 464 3612 exstitit
484 3561 531 3611 aut
551 3559 687 3640 proximus
707 3563 838 3626 cognatus
845 3555 972 3638 'eiusdem
989 3571 1048 3624 gra-

273 3637 300 3678 us
314 3631 380 3680 rutra
395 3631 501 3694 tempus
518 3641 714 3694 possessionem
731 3631 873 3694 acceperit.

595 3833 696 3894 XIIP.

260 3931 366 3988 QUIBUS
389 3933 459 3986 NON
486 3931 658 3984 COMPETIT
682 3931 847 3984 Bonosum
869 3933 1050 3984 Possessm.

290 4029 302 4090 i
329 4009 468 4088 datianus
495 4033 563 4086 libro
591 4033 735 4088 vicensimo
764 4037 857 4088 octauo
881 4019 1050 4102 ¹olipcstornm

261 4093 329 4156 Samo
339 4117 400 4160 ,meo
416 4099 515 4156 herede
530 4099 672 4156 ίιιιιίιιιιιι9
689 4099 751 4156 dolo
769 4099 833 4164 feci,
855 4117 890 4156 ne
907 4105 1050 4156 testamen-

1098 2677 1128 2744 si,
1148 2693 1209 2730 oum
1226 2677 1301 2732 initio
1320 2677 1486 2758 cognovisset
1503 2695 1563 2732 eum
1580 2677 1734 2732 intestatum
1749 2677 1904 2740 decessisse,

1097 2749 1191 2814 postca
1208 2747 1284 2866 dmi
1301 2749 1414 2800 certiore
1431 2747 1522 2800 nuntio
1541 2745 1621 2800 allato
1640 2743 1762 2800 dubitare
1778 2743 1904 2812 coeperit,

1097 2813 1207 2882 numqui
1242 2817 1356 2866 testatus
1375 2813 1519 2868 decesserit
1535 2813 1577 2866 vel
1593 2811 1721 2882 numquid
1737 2813 1819 2878 vivat,
1844 2811 1905 2880 quia

1097 2881 1141 2934 hic
1163 2897 1254 2934 rumor
1274 2887 1369 2950 postea
1391 2887 1566 2950 perrepserat.
1607 2881 1677 2934 idern
1698 2885 1726 2934 et
1746 2881 1774 2932 in
1797 2887 1905 2934 contra-

1097 2949 1166 3002 rium
1184 2947 1271 3016 accipi
1287 2953 1389 3014 potest,
1411 2953 1442 3000 ut
1463 2949 1508 3016 qui
1523 2947 1654 3014 ignorarit
1668 2947 1757 3014 initio,
1779 2949 1905 3016 postea¹⁸

1098 3019 1111 3070 1
1147 3015 1215 3088 scire
1232 3015 1352 3084 incipiat.
1388 3017 1453 3070 Dies
1475 3019 1605 3072 honorum
1627 3017 1805 3088 possessionis
1825 3017 1905 3070 utiles

1097 3099 1155 3138 esse
1178 3083 1267 3152 palam
1286 3089 1338 3138 est:
1366 3085 1413 3138 sed
1436 3099 1490 3140 non
1514 3085 1662 3140 sessionum
1685 3085 1904 3150 numerabuntur,

1097 3153 1120 3206 si
1143 3151 1221 3206 modo
1244 3165 1277 3206 eu
1294 3153 1329 3206 sit
1351 3151 1482 3206 honorum
1502 3153 1650 3220 possessio,
1677 3167 1746 3220 quae
1768 3153 1801 3206 de
1823 3153 1905 3220 plano

1098 3221 1152 3288 peti
1169 3219 1265 3288 potuit.
1301 3219 1372 3288 quod
1391 3221 1413 3284 si
1424 3219 1445 3252 ¹⁹
1461 3235 1506 3284 ea,
1527 3235 1596 3286 quae
1613 3235 1711 3274 causae
1729 3221 1905 3286 cognitionem

1099 3303 1146 3354 pro
1165 3287 1293 3340 tribunali
1313 3287 1446 3340 desiderat
1467 3289 1509 3340 rel
1527 3301 1594 3352 quae
1617 3287 1754 3340 decretum
1775 3289 1905 3354 exposcit,

1100 3355 1231 3406 sessiones
1248 3363 1326 3406 erunt
1344 3355 1420 3406 nohis
1436 3355 1638 3422 computandae,
1653 3355 1749 3422 quihus
1767 3355 1836 3408 sedit
1853 3355 1875 3408 is
1882 3357 1906 3392 '²¹’
1944 3381 1945 3384 ¹

1100 3423 1248 3490 quibusque
1265 3437 1313 3490 per
1328 3423 1336 3474 i
1357 3437 1416 3474 sum
1432 3431 1581 3488 praetorem
1598 3421 1700 3474 factum
1713 3429 1767 3476 non
1786 3427 1833 3488 est,
1853 3431 1905 3490 quo

1101 3495 1115 3542 ‘l
1150 3489 1236 3544 minus
1248 3489 1325 3544 daret
1335 3439 1465 3542 donorum
1477 3489 1679 3556 possessionem.
1707 3489 1761 3542 21Ιιι
1775 3489 1905 3546 honorum

1100 3559 1275 3626 possessione,
1293 3571 1361 3626 quae
1373 3571 1422 3624 pro
1437 3557 1565 3610 tribunali
1577 3557 1663 3624 datur,
1682 3559 1747 3614 illud
1759 3559 1905 3626 quaeritur,

1100 3627 1122 3680 si
1140 3625 1239 3682 sedit²²
1256 3625 1362 3694 quidem
1379 3627 1487 3694 praetor
1504 3639 1554 3694 pro
1571 3625 1706 3690 tribunali,
1724 3625 1770 3680 sed
1785 3629 1904 3694 postula-

1100 3691 1215 3748 tionihus
1233 3707 1287 3746 non
1299 3691 1413 3748 dedit2³2
1432 3697 1521 3760 potest
1535 3691 1588 3746 dici
1604 3697 1708 3762 tempus
1723 3693 1757 3748 ad
1774 3697 1905 3750 honorum

1100 3759 1294 3830 possessiouem
1318 3775 1371 3814 non
1397 3761 1503 3826 cedere,
1531 3775 1591 3814 eum
1613 3775 1722 3828 praeses
1740 3761 1800 3816 aliis
1824 3763 1905 3820 rebus

1099 3835 1146 3884 aut
1163 3829 1322 3882 militaribus
1340 3831 1387 3882 aut
1405 3827 1533 3882 custodiis
1550 3833 1598 3882 aut
1615 3829 1810 3898 cognitionibus
1826 3829 1908 3890 luerit

1100 3901 1114 3948 3
1149 3901 1306 3966 occupatus.
1336 3895 1363 3950 si
1378 3911 1488 3964 praeses
1503 3895 1654 3964 provinciae
1670 3897 1698 3952 in
1713 3899 1836 3966 proxima
1854 3899 1906 3952 luit
1940 3929 1941 3932 =

1100 3965 1213 4030 civitate,
1231 3963 1358 4018 accedere
1373 3965 1451 4018 dehet
1463 3965 1498 4018 ad
1513 3963 1653 4018 utilitatem
1665 3967 1791 4034 temporis
1806 3967 1906 4018 ratin²⁴

1100 4033 1211 4096 itineris,
1235 4031 1338 4086 scilicet
1354 4033 1537 4086 numeratione
1554 4031 1646 4100 viginti
1663 4033 1761 4086 milium
1778 4037 1906 4102 passuum

1100 4099 1185 4154 l'acta:
1205 4115 1254 4154 nec
1269 4099 1339 4154 enim
1353 4107 1509 4168 exspectare
1523 4099 1656 4164 debemus,
1674 4107 1704 4154 ut
1717 4117 1826 4170 praeses
1843 4117 1905 4168 pro·

260 4173 307 4226 tom
317 4173 469 4234 mutaretur,
487 4185 548 4224 enm
566 4185 600 4224 ue
617 4173 712 4238 postea
729 4169 883 4224 manumisi:
902 4169 1051 4240 quaesitum

261 4241 301 4300 est,
315 4251 349 4290 an
363 4237 489 4292 actiones
500 4237 524 4292 ei
541 4187 711 4306 cddnegmdae
726 4243 823 4292 essent.
849 4239 990 4306 respondi:
1007 4237 1051 4292 hic

262 4317 327 4362 casm
342 4305 426 4360 serbis
443 4303 524 4360 edicti
539 4319 594 4358 non
612 4305 771 4360 conductor.
806 4303 855 4360 sed
870 4321 986 4372 aequum
1003 4309 1051 4372 est,

263 4369 405 4426 sidominus
428 4371 490 4426 dolo
513 4371 620 4438 fecerit,
642 4387 675 4426 ne
693 4377 879 4426 testamentum
894 4377 1051 4438 mutaretur,

263 4455 310 4506 quo
320 4455 405 4494 sersus
423 4439 481 4494 ciris
497 4441 575 4494 heres
593 4439 710 4510 scriptus
728 4447 798 4508 erat,
822 4441 941 4510 quamvis
957 4455 1051 4494 manu-

262 4507 343 4572 nesus
364 4507 459 4562 adierit
478 4507 666 4572 hereditatem,
688 4509 714 4564 ei
735 4509 872 4578 denegari,
895 4525 957 4564 cum
973 4509 1053 4564 etiam

263 4575 411 4646 emancipato
425 4575 480 4630 fiho
494 4577 639 4646 denegetur
648 4579 678 4644 ¹⁰,
696 4577 719 4632 si
732 4583 810 4648 pater
824 4579 885 4634 dolo
899 4577 1001 4648 secent,
1019 4593 1053 4632 ne

263 4647 432 4698 usamentum
449 4651 606 4700 mutaretur.

1101 4167 1202 4222 vinciae
1225 4169 1314 4222 ueniat
1333 4170 1368 4223 ad
1393 4183 1467 4234 eum,
1493 4169 1538 4236 qni
1559 4171 1689 4224 honorum
1709 4169 1909 4238 possessionem,

1102 4241 1116 4288 4
1151 4237 1283 4306 petiturus
1305 4241 1354 4292 est.
1390 4235 1419 4290 Si
1441 4243 1532 4292 venter
1553 4237 1581 4288 in
1594 4237 1791 4306 possessionem
1808 4235 1905 4290 missus

1102 4303 1143 4372 sit,
1161 4305 1291 4360 bonorum
1306 4303 1483 4374 possessionis
1495 4309 1599 4372 tempus
1616 4319 1671 4360 non
1688 4303 1781 4360 cedere
1793 4319 1905 4384 sequen-

1101 4371 1172 4426 tibus
1190 4387 1356 4440 nequaqnam
1372 4373 1557 4438 ambigendum
1574 4377 1623 4438 est,
1641 4387 1690 4426 nec
1706 4371 1818 4426 tandum
1835 4379 1907 4424 mtra

1103 4439 1291 4494 centensimum
1308 4441 1385 4506 diem,
1403 4455 1494 4494 verum
1512 4441 1592 4494 etiarn
1609 4439 1735 4508 quamdiu
1753 4437 1828 4492 nasci
1843 4453 1905 4506 pos·

1102 4507 1149 4562 sit:
1167 4523 1229 4562 nam
1245 4513 1272 4564 et
1289 4509 1408 4564 sinatus
1426 4507 1520 4576 fuerit,
1538 4511 1601 4562 ante
1619 4507 1644 4560 ei
1661 4507 1758 4560 deferri
1775 4507 1908 4562 bonorum

1103 4581 1116 4628 ὁ
1151 4577 1347 4646 possessionem
1368 4575 1507 4630 sciendum
1529 4581 1579 4630 est.
1614 4573 1757 4628 Scientiam
1778 4587 1838 4626 eam
1859 4573 1907 4628 ob·

1103 4645 1257 4698 servandam
1274 4645 1437 4714 Pomponius
1459 4645 1520 4708 ait,
1533 4657 1587 4696 non
1609 4657 1679 4710 quae
1697 4641 1769 4696 cadit
1790 4641 1819 4694 in
1842 4641 1908 4696 iuris

1103 4713 1259 4780 prudentes,
1283 4711 1329 4766 sed
1348 4727 1426 4780 quam
1444 4711 1502 4778 quis
1520 4711 1573 4764 aud
1591 4723 1640 4778 per
1658 4725 1687 4762 se
1709 4713 1757 4762 aut
1774 4723 1823 4776 per
1840 4709 1908 4770 ahos

1103 4777 1212 4846 adsequi
1229 4779 1330 4846 potuit,
1354 4779 1457 4832 scilicet
1474 4777 1637 4832 consulendo
1654 4777 1853 4844 prudentiores,
1877 4779 1908 4830 ut

1103 4845 1294 4914 diligentiorem
1311 4851 1413 4916 patrem
1428 4845 1541 4900 familias
1559 4843 1697 4900 consulere
1715 4843 1822 4912 dignum
1839 4843 1905 4900 sitii¹

1137 4913 1155 4972 3
1175 4913 1293 4968 Parrus
1314 4915 1382 4968 libro
1400 4913 1627 4984 quadragensimo
1648 4921 1761 4984 quarto,
1784 4913 1823 4966 ad
1838 4911 1908 4968 edic·

1106 4987 1158 5034 tum
1199 4981 1277 5036 Circa
1297 4987 1419 5062 tempora
1442 4981 1574 5036 honorum
1595 4979 1772 5050 possessionis
1793 4981 1909 5050 petris²6

1105 5047 1216 5104 scientia
1232 5049 1393 5116 ignorantl²⁷
1410 5047 1465 5104 filio
1483 5065 1537 5104 non
1555 5053 1641 5104 nocet.

293 5115 306 5176 l
333 5115 474 5174 Uarianos
494 5117 561 5172 lahro
586 5117 812 5188 quadrapcnsimo
833 5133 905 5172 nono
927 5119 964 5172 ad
984 5119 1055 5174 edic·
1138 5115 1318 5174 eleusinos
1332 5117 1401 5172 titre
1420 5119 1561 5172 oicannmo
1579 5123 1674 5172 octauo
1691 5117 1857 5188 digestorum
1879 5115 1908 5172 Si

264 5189 309 5242 aas
338 5185 447 5242 Praetor
461 5185 513 5242 ait:
531 5185 580 5240 ‘uti
592 5201 635 5242 me
647 5199 753 5254 quaque
764 5185 822 5254 lege
835 5191 944 5240 senatus
952 5185 973 5218 ²²
992 5201 1055 5242 oon·
1105 5185 1230 5240 coheredi
1246 5185 1471 5240 tuosuhstitntus
1487 5185 1586 5240 fuisses
1603 5191 1630 5238 et
1651 5185 1782 5242 bonorum
1799 5201 1908 5254 posses·

584 4849 711 4912 XIIII¹¹.

263 4925 537 5002 muranenses
563 4949 762 5002 sanarusvu
789 4947 973 5002 consuums
998 4953 1054 5004 so-

426 5017 548 5072 norum
563 5017 737 5068 uossnssm
755 5019 876 5068 nurum

265 5357 495 5420 tltocnscbrinains.
565 5361 597 5416 (ι)
616 5357 723 5422 abnepos
731 5357 878 5424 abneptish'
1139 5359 1181 5418 (ιι)
1199 5355 1492 5424 th.—Bas·45,]a‚2t
1560 5359 1604 5422 (ιι)
1622 5361 1750 5408 senatusue
1769 5361 1825 5410 dett

287 5427 319 5490 ta)
335 5427 441 5480 Sat.-
456 5427 656 5490 Baetae-
672 5427 709 5494 ι).
728 5427 786 5478 Coa.
801 5427 863 5490 ars
957 5425 989 5488 (ι)
1007 5423 1055 5476 sibi
1138 5425 1183 5488 (n)
1199 5425 1718 5488 snt.a..r;Ed.1.s.-an.4t,ans...sa
1808 5427 1851 5490 (ιι)
1865 5425 1910 5476 ba-

263 5493 396 5546 suoeedunt:
413 5493 568 5546 numillioite
580 5495 648 5544 inter
662 5491 1056 5546 seconiunotisialteralterum
1106 5493 1347 5542 ιιιιιιιιιιιιιὶιιιι.ιἾ
1418 5493 1461 5556 (ιι)
1478 5495 1647 5544 deteriorati*
1718 5497 1763 5558 (re)
1781 5493 1908 5548 datnrscr.

265 5559 364 5612 maen
374 5563 526 5630 scripserint,
541 5561 612 5614 nullo
625 5559 995 5614 modoamumennsens
1009 5561 1053 5612 ins.
1106 5563 1150 5626 (ιι)
1167 5563 1312 5614 atinadett.
1359 5563 1406 5626 (is)
1423 5563 1543 5626 possead*
1582 5563 1731 5630 (1al‘sitins.
1775 5565 1824 5626 (ao)
1841 5577 1909 5626 prae·

263 5625 292 5692 (ι)
305 5631 414 5692 prohibet
421 5633 477 5686 dett
1106 5635 1145 5680 tor
1167 5629 1212 5696 qui
1233 5629 1356 5680 bonorum
1375 5629 1551 5696 possessiouem
1571 5629 1674 5680 daturus
1697 5633 1733 5680 est
1754 5649 1802 5682 sec.
1822 5631 1848 5680 B
1866 5633 1911 5680 ins.
1940 5637 1941 5640 ’

290 5701 321 5760 (t)
337 5701 426 5764 Scan
439 5699 642 5770 Poma-*Bas
650 5701 786 5762 45,1,1o.11
831 5693 1060 5764 (n‘ridicanturll
1107 5701 1151 5764 (ιι)
1169 5699 1281 5752 namins.
1325 5699 1373 5764 (ai)
1386 5697 1516 5752 redemta
1550 5701 1597 5764 (ael
1610 5701 1675 5752 sedit
1683 5699 1759 5750 cades
1768 5697 1913 5750 Charondae

291 5767 624 5836 tussa-Basante
688 5765 723 5830 (a)
739 5763 892 5818 institulol'
950 5767 995 5830 (ιι)
1013 5763 1056 5814 de·
1107 5771 1152 5830 (aa)
1171 5767 1251 5836 spatio
1261 5767 1299 5820 pn
1374 5769 1421 5834 (ιι)
1439 5767 1566 5818 consulere
1579 5767 1657 5818 solere
1671 5767 1803 5818 dicendum
1817 5767 1850 5816 sit
1863 5785 1908 5820 scr.

262 5839 374 5896 hegesias
383 5839 441 5892 Hal.
1107 5837 1154 5900 (ιι)
1172 5837 1238 5902 paui
1248 5839 1275 5888 F
1336 5839 1381 5898 (an
1399 5835 1525 5900 igneranti
1534 5837 1584 5900 F',
1594 5833 1737 5902 iguamntia
1747 5835 1784 5884 Ρ

1674 5919 1707 5964 is
