<?xml version="1.0" encoding="UTF-8"?>
<!DOCTYPE html PUBLIC "-//W3C//DTD XHTML 1.0 Transitional//EN"
    "http://www.w3.org/TR/xhtml1/DTD/xhtml1-transitional.dtd">
<html xmlns="http://www.w3.org/1999/xhtml" xml:lang="en" lang="en">
 <head>
  <title>
</title>
<meta http-equiv="Content-Type" content="text/html;charset=utf-8" />
  <meta name='ocr-system' content='tesseract 3.04.00' />
  <meta name='ocr-capabilities' content='ocr_page ocr_carea ocr_par ocr_line ocrx_word'/>
</head>
<body>
  <div class='ocr_page' id='page_1' title='image "./corpusiuriscivi00schogoog/corpusiuriscivi00schogoog_0535.png"; bbox 0 0 4366 6258; ppageno 0'>
   <div class='ocr_carea' id='block_1_1' title="bbox 232 329 1941 430">
    <p class='ocr_par' dir='ltr' id='par_1_1' title="bbox 232 329 1941 430">
     <span class='ocr_line' id='line_1_1' title="bbox 232 329 1941 430; baseline -0.007 0"><span class='ocrx_word' id='word_1_1' title='bbox 232 355 233 358; x_wconf 62' lang='grc'>’</span> <span class='ocrx_word' id='word_1_2' title='bbox 286 365 381 430; x_wconf 82' lang='lat' dir='ltr'><strong>XXX</strong></span> <span class='ocrx_word' id='word_1_3' title='bbox 456 411 457 414; x_wconf 63' lang='lat'><strong>,</strong></span> <span class='ocrx_word' id='word_1_4' title='bbox 941 371 977 412; x_wconf 72' lang='grc' dir='ltr'><em>ἃ</em></span> <span class='ocrx_word' id='word_1_5' title='bbox 1085 351 1148 422; x_wconf 78' lang='lat' dir='ltr'><strong>tat</strong></span> <span class='ocrx_word' id='word_1_6' title='bbox 1233 329 1235 332; x_wconf 28' lang='lat'>⁵</span> <span class='ocrx_word' id='word_1_7' title='bbox 1739 369 1784 416; x_wconf 85' lang='lat' dir='ltr'><strong>un</strong></span> <span class='ocrx_word' id='word_1_8' title='bbox 1805 367 1941 418; x_wconf 71' lang='lat' dir='ltr'><strong>metris</strong></span> 
     </span>
    </p>
   </div>
   <div class='ocr_carea' id='block_1_2' title="bbox 280 533 1958 5376">
    <p class='ocr_par' dir='ltr' id='par_1_2' title="bbox 280 533 1958 5376">
     <span class='ocr_line' id='line_1_2' title="bbox 286 533 1958 614; baseline -0.006 -18"><span class='ocrx_word' id='word_1_9' title='bbox 286 545 388 614; x_wconf 84' lang='lat' dir='ltr'><strong>gaverit</strong></span> <span class='ocrx_word' id='word_1_10' title='bbox 403 543 449 606; x_wconf 89' lang='lat' dir='ltr'><strong>ita,</strong></span> <span class='ocrx_word' id='word_1_11' title='bbox 473 549 504 594; x_wconf 93' lang='lat' dir='ltr'><strong>ut</strong></span> <span class='ocrx_word' id='word_1_12' title='bbox 521 541 599 594; x_wconf 87' lang='lat' dir='ltr'><strong>alteri</strong></span> <span class='ocrx_word' id='word_1_13' title='bbox 622 547 738 594; x_wconf 75' lang='lat' dir='ltr'><strong>sermea</strong></span> <span class='ocrx_word' id='word_1_14' title='bbox 779 541 825 596; x_wconf 87' lang='lat' dir='ltr'><strong>sed</strong></span> <span class='ocrx_word' id='word_1_15' title='bbox 847 539 1027 594; x_wconf 76' lang='lat' dir='ltr'><strong>helinandum</strong></span> <span class='ocrx_word' id='word_1_16' title='bbox 1052 545 1093 592; x_wconf 93' lang='lat' dir='ltr'><strong>est</strong></span> <span class='ocrx_word' id='word_1_17' title='bbox 1145 541 1172 592; x_wconf 91' lang='lat' dir='ltr'><strong>et</strong></span> <span class='ocrx_word' id='word_1_18' title='bbox 1189 551 1221 592; x_wconf 90' lang='lat' dir='ltr'><strong>ea</strong></span> <span class='ocrx_word' id='word_1_19' title='bbox 1238 535 1311 606; x_wconf 89' lang='lat' dir='ltr'><strong>apud</strong></span> <span class='ocrx_word' id='word_1_20' title='bbox 1327 553 1369 592; x_wconf 91' lang='lat' dir='ltr'><strong>me</strong></span> <span class='ocrx_word' id='word_1_21' title='bbox 1382 535 1493 606; x_wconf 88' lang='lat' dir='ltr'><strong>peperit,</strong></span> <span class='ocrx_word' id='word_1_22' title='bbox 1511 551 1685 604; x_wconf 86' lang='lat' dir='ltr'><strong>nonpossum</strong></span> <span class='ocrx_word' id='word_1_23' title='bbox 1701 533 1899 604; x_wconf 79' lang='lat' dir='ltr'><strong>videripmtum</strong></span> <span class='ocrx_word' id='word_1_24' title='bbox 1914 553 1958 594; x_wconf 62' lang='lat' dir='ltr'><strong>cr,</strong></span> 
     </span>
     <span class='ocr_line' id='line_1_3' title="bbox 286 603 1941 676; baseline -0.002 -12"><span class='ocrx_word' id='word_1_25' title='bbox 286 617 439 664; x_wconf 79' lang='lat' dir='ltr'><strong>testatorem</strong></span> <span class='ocrx_word' id='word_1_26' title='bbox 458 609 536 662; x_wconf 87' lang='lat' dir='ltr'><strong>etiarn</strong></span> <span class='ocrx_word' id='word_1_27' title='bbox 554 607 586 660; x_wconf 90' lang='lat' dir='ltr'><strong>de</strong></span> <span class='ocrx_word' id='word_1_28' title='bbox 611 605 667 662; x_wconf 90' lang='lat' dir='ltr'><strong>solo</strong></span> <span class='ocrx_word' id='word_1_29' title='bbox 686 623 717 662; x_wconf 94' lang='lat' dir='ltr'><strong>co</strong></span> <span class='ocrx_word' id='word_1_30' title='bbox 737 607 830 672; x_wconf 89' lang='lat' dir='ltr'><strong>&#39;tasse‚</strong></span> <span class='ocrx_word' id='word_1_31' title='bbox 855 607 912 660; x_wconf 91' lang='lat' dir='ltr'><strong>sine</strong></span> <span class='ocrx_word' id='word_1_32' title='bbox 929 621 981 676; x_wconf 90' lang='lat' dir='ltr'><strong>quo</strong></span> <span class='ocrx_word' id='word_1_33' title='bbox 998 605 1091 660; x_wconf 87' lang='lat' dir='ltr'><strong>aedifi·</strong></span> <span class='ocrx_word' id='word_1_34' title='bbox 1144 619 1228 660; x_wconf 87' lang='lat' dir='ltr'><strong>causa</strong></span> <span class='ocrx_word' id='word_1_35' title='bbox 1243 603 1373 658; x_wconf 86' lang='lat' dir='ltr'><strong>lucrativa</strong></span> <span class='ocrx_word' id='word_1_36' title='bbox 1394 603 1508 668; x_wconf 89' lang='lat' dir='ltr'><strong>hahere,</strong></span> <span class='ocrx_word' id='word_1_37' title='bbox 1532 605 1595 674; x_wconf 85' lang='lat' dir='ltr'><strong>qnia</strong></span> <span class='ocrx_word' id='word_1_38' title='bbox 1610 607 1722 658; x_wconf 86' lang='lat' dir='ltr'><strong>matrem</strong></span> <span class='ocrx_word' id='word_1_39' title='bbox 1745 603 1800 658; x_wconf 89' lang='lat' dir='ltr'><strong>eius</strong></span> <span class='ocrx_word' id='word_1_40' title='bbox 1817 609 1941 660; x_wconf 88' lang='lat' dir='ltr'><strong>mercatus</strong></span> 
     </span>
     <span class='ocr_line' id='line_1_4' title="bbox 286 671 1941 744; baseline -0.002 -14"><span class='ocrx_word' id='word_1_41' title='bbox 286 685 303 730; x_wconf 96' lang='grc'>4</span> <span class='ocrx_word' id='word_1_42' title='bbox 338 679 407 730; x_wconf 88' lang='lat' dir='ltr'><strong>cium</strong></span> <span class='ocrx_word' id='word_1_43' title='bbox 423 683 496 730; x_wconf 88' lang='lat' dir='ltr'><strong>stare</strong></span> <span class='ocrx_word' id='word_1_44' title='bbox 512 691 568 730; x_wconf 87' lang='lat' dir='ltr'><strong>non</strong></span> <span class='ocrx_word' id='word_1_45' title='bbox 584 679 681 742; x_wconf 88' lang='lat' dir='ltr'><strong>potest.</strong></span> <span class='ocrx_word' id='word_1_46' title='bbox 734 675 878 730; x_wconf 89' lang='lat' dir='ltr'><strong>ilibertus</strong></span> <span class='ocrx_word' id='word_1_47' title='bbox 900 681 1042 744; x_wconf 86' lang='lat' dir='ltr'><strong>patronum</strong></span> <span class='ocrx_word' id='word_1_48' title='bbox 1059 691 1092 730; x_wconf 87' lang='lat' dir='ltr'><strong>ex</strong></span> <span class='ocrx_word' id='word_1_49' title='bbox 1144 687 1215 728; x_wconf 88' lang='lat' dir='ltr'><strong>snm:</strong></span> <span class='ocrx_word' id='word_1_50' title='bbox 1229 673 1458 742; x_wconf 88' lang='lat' dir='ltr'><strong>argumentumrei</strong></span> <span class='ocrx_word' id='word_1_51' title='bbox 1466 677 1514 736; x_wconf 88' lang='lat' dir='ltr'><strong>est,</strong></span> <span class='ocrx_word' id='word_1_52' title='bbox 1524 671 1596 742; x_wconf 86' lang='lat' dir='ltr'><strong>quod</strong></span> <span class='ocrx_word' id='word_1_53' title='bbox 1604 673 1687 726; x_wconf 89' lang='lat' dir='ltr'><strong>evicto</strong></span> <span class='ocrx_word' id='word_1_54' title='bbox 1696 687 1726 726; x_wconf 92' lang='lat' dir='ltr'><strong>eo</strong></span> <span class='ocrx_word' id='word_1_55' title='bbox 1739 671 1941 740; x_wconf 73' lang='lat' dir='ltr'><strong>codomanpla</strong></span> 
     </span>
     <span class='ocr_line' id='line_1_5' title="bbox 287 739 1942 812; baseline -0.001 -14"><span class='ocrx_word' id='word_1_56' title='bbox 287 749 415 812; x_wconf 79' lang='lat' dir='ltr'><strong>septunce</strong></span> <span class='ocrx_word' id='word_1_57' title='bbox 431 743 555 796; x_wconf 89' lang='lat' dir='ltr'><strong>heredem</strong></span> <span class='ocrx_word' id='word_1_58' title='bbox 572 741 721 810; x_wconf 81' lang='lat' dir='ltr'><strong>scripserit,</strong></span> <span class='ocrx_word' id='word_1_59' title='bbox 747 743 813 796; x_wconf 84' lang='lat' dir='ltr'><strong>ahos</strong></span> <span class='ocrx_word' id='word_1_60' title='bbox 836 757 870 796; x_wconf 80' lang='lat' dir='ltr'><strong>ex</strong></span> <span class='ocrx_word' id='word_1_61' title='bbox 893 743 987 796; x_wconf 89' lang='lat' dir='ltr'><strong>ceteris</strong></span> <span class='ocrx_word' id='word_1_62' title='bbox 1010 749 1037 796; x_wconf 89' lang='lat' dir='ltr'><strong>et</strong></span> <span class='ocrx_word' id='word_1_63' title='bbox 1053 743 1092 796; x_wconf 90' lang='lat' dir='ltr'><strong>ita</strong></span> <span class='ocrx_word' id='word_1_64' title='bbox 1144 745 1158 794; x_wconf 82' lang='lat'>5</span> <span class='ocrx_word' id='word_1_65' title='bbox 1195 739 1327 810; x_wconf 85' lang='lat' dir='ltr'><strong>competit.</strong></span> <span class='ocrx_word' id='word_1_66' title='bbox 1356 739 1408 810; x_wconf 79' lang='lat' dir='ltr'><strong>Qui</strong></span> <span class='ocrx_word' id='word_1_67' title='bbox 1421 739 1517 796; x_wconf 81' lang='lat' dir='ltr'><strong>Gaium</strong></span> <span class='ocrx_word' id='word_1_68' title='bbox 1530 745 1557 796; x_wconf 90' lang='lat' dir='ltr'><strong>et</strong></span> <span class='ocrx_word' id='word_1_69' title='bbox 1570 741 1680 796; x_wconf 89' lang='lat' dir='ltr'><strong>Lucium</strong></span> <span class='ocrx_word' id='word_1_70' title='bbox 1694 739 1942 808; x_wconf 86' lang='lat' dir='ltr'><strong>eiusdempecuniae</strong></span> 
     </span>
     <span class='ocr_line' id='line_1_6' title="bbox 285 805 1941 880; baseline -0.001 -16"><span class='ocrx_word' id='word_1_71' title='bbox 285 811 423 878; x_wconf 81' lang='lat' dir='ltr'><strong>legaverit:</strong></span> <span class='ocrx_word' id='word_1_72' title='bbox 451 811 579 880; x_wconf 84' lang='lat' dir='ltr'><strong>‘quisquis</strong></span> <span class='ocrx_word' id='word_1_73' title='bbox 596 811 661 864; x_wconf 88' lang='lat' dir='ltr'><strong>mihi</strong></span> <span class='ocrx_word' id='word_1_74' title='bbox 677 811 743 866; x_wconf 86' lang='lat' dir='ltr'><strong>alius</strong></span> <span class='ocrx_word' id='word_1_75' title='bbox 760 825 793 864; x_wconf 78' lang='grc' dir='ltr'><strong>ιι</strong></span> <span class='ocrx_word' id='word_1_76' title='bbox 810 811 1013 880; x_wconf 87' lang='lat' dir='ltr'><strong>suprascriptis</strong></span> <span class='ocrx_word' id='word_1_77' title='bbox 1031 825 1092 864; x_wconf 90' lang='lat' dir='ltr'><strong>oum</strong></span> <span class='ocrx_word' id='word_1_78' title='bbox 1143 823 1203 864; x_wconf 90' lang='lat' dir='ltr'><strong>reos</strong></span> <span class='ocrx_word' id='word_1_79' title='bbox 1220 811 1339 864; x_wconf 88' lang='lat' dir='ltr'><strong>habebat</strong></span> <span class='ocrx_word' id='word_1_80' title='bbox 1354 811 1378 862; x_wconf 92' lang='lat' dir='ltr'><strong>si</strong></span> <span class='ocrx_word' id='word_1_81' title='bbox 1394 809 1433 862; x_wconf 90' lang='lat' dir='ltr'><strong>ita</strong></span> <span class='ocrx_word' id='word_1_82' title='bbox 1495 811 1592 862; x_wconf 89' lang='lat' dir='ltr'><strong>averit:</strong></span> <span class='ocrx_word' id='word_1_83' title='bbox 1617 807 1701 876; x_wconf 72' lang='lat' dir='ltr'><strong>‘Quod</strong></span> <span class='ocrx_word' id='word_1_84' title='bbox 1723 807 1787 862; x_wconf 90' lang='lat' dir='ltr'><strong>mihi</strong></span> <span class='ocrx_word' id='word_1_85' title='bbox 1804 805 1886 862; x_wconf 81' lang='lat' dir='ltr'><strong>Gaias</strong></span> <span class='ocrx_word' id='word_1_86' title='bbox 1904 809 1941 862; x_wconf 87' lang='lat' dir='ltr'><strong>de·</strong></span> 
     </span>
     <span class='ocr_line' id='line_1_7' title="bbox 287 877 1941 958; baseline 0.001 -28"><span class='ocrx_word' id='word_1_87' title='bbox 287 883 409 946; x_wconf 86' lang='lat' dir='ltr'><strong>‘patrono</strong></span> <span class='ocrx_word' id='word_1_88' title='bbox 428 893 486 930; x_wconf 88' lang='lat' dir='ltr'><strong>meo</strong></span> <span class='ocrx_word' id='word_1_89' title='bbox 503 877 581 932; x_wconf 90' lang='lat' dir='ltr'><strong>heres</strong></span> <span class='ocrx_word' id='word_1_90' title='bbox 599 879 663 942; x_wconf 89' lang='lat' dir='ltr'><strong>crit,</strong></span> <span class='ocrx_word' id='word_1_91' title='bbox 689 893 779 934; x_wconf 87' lang='lat' dir='ltr'><strong>servos</strong></span> <span class='ocrx_word' id='word_1_92' title='bbox 795 877 870 932; x_wconf 92' lang='lat' dir='ltr'><strong>illum</strong></span> <span class='ocrx_word' id='word_1_93' title='bbox 887 881 914 932; x_wconf 90' lang='lat' dir='ltr'><strong>et</strong></span> <span class='ocrx_word' id='word_1_94' title='bbox 929 877 1004 932; x_wconf 89' lang='lat' dir='ltr'><strong>illum</strong></span> <span class='ocrx_word' id='word_1_95' title='bbox 1020 877 1091 932; x_wconf 86' lang='lat' dir='ltr'><strong>Titio</strong></span> <span class='ocrx_word' id='word_1_96' title='bbox 1145 877 1212 942; x_wconf 77' lang='lat' dir='ltr'><strong>bet,</strong></span> <span class='ocrx_word' id='word_1_97' title='bbox 1229 877 1258 930; x_wconf 92' lang='lat' dir='ltr'><strong>id</strong></span> <span class='ocrx_word' id='word_1_98' title='bbox 1274 877 1350 932; x_wconf 88' lang='lat' dir='ltr'><strong>heres</strong></span> <span class='ocrx_word' id='word_1_99' title='bbox 1376 891 1450 932; x_wconf 86' lang='lat' dir='ltr'><strong>mens</strong></span> <span class='ocrx_word' id='word_1_100' title='bbox 1493 877 1628 958; x_wconf 87' lang='lat' dir='ltr'><strong>empranio</strong></span> <span class='ocrx_word' id='word_1_101' title='bbox 1652 877 1761 930; x_wconf 89' lang='lat' dir='ltr'><strong>damnas</strong></span> <span class='ocrx_word' id='word_1_102' title='bbox 1787 881 1845 930; x_wconf 92' lang='lat' dir='ltr'><strong>esto</strong></span> <span class='ocrx_word' id='word_1_103' title='bbox 1871 877 1941 934; x_wconf 85' lang='lat' dir='ltr'><strong>dare:</strong></span> 
     </span>
     <span class='ocr_line' id='line_1_8' title="bbox 287 942 1941 1016; baseline 0.001 -18"><span class='ocrx_word' id='word_1_104' title='bbox 287 947 361 1012; x_wconf 78' lang='lat' dir='ltr'><strong>lego,</strong></span> <span class='ocrx_word' id='word_1_105' title='bbox 380 961 445 1012; x_wconf 84' lang='lat' dir='ltr'><strong>quos</strong></span> <span class='ocrx_word' id='word_1_106' title='bbox 455 945 564 998; x_wconf 89' lang='lat' dir='ltr'><strong>aestimo</strong></span> <span class='ocrx_word' id='word_1_107' title='bbox 578 945 695 1016; x_wconf 89' lang='lat' dir='ltr'><strong>singulos</strong></span> <span class='ocrx_word' id='word_1_108' title='bbox 707 945 803 1000; x_wconf 82' lang='lat' dir='ltr'><strong>vicenis</strong></span> <span class='ocrx_word' id='word_1_109' title='bbox 817 945 922 1010; x_wconf 87' lang='lat' dir='ltr'><strong>aureis’,</strong></span> <span class='ocrx_word' id='word_1_110' title='bbox 938 947 1092 1014; x_wconf 87' lang='lat' dir='ltr'><strong>intellegen-</strong></span> <span class='ocrx_word' id='word_1_111' title='bbox 1144 943 1224 1012; x_wconf 86' lang='lat' dir='ltr'><strong>‘quod</strong></span> <span class='ocrx_word' id='word_1_112' title='bbox 1240 945 1305 998; x_wconf 90' lang='lat' dir='ltr'><strong>mihi</strong></span> <span class='ocrx_word' id='word_1_113' title='bbox 1315 945 1417 1000; x_wconf 85' lang='lat' dir='ltr'><strong>Lucius</strong></span> <span class='ocrx_word' id='word_1_114' title='bbox 1435 943 1521 1008; x_wconf 91' lang='lat' dir='ltr'><strong>debet,</strong></span> <span class='ocrx_word' id='word_1_115' title='bbox 1538 943 1567 998; x_wconf 87' lang='lat' dir='ltr'><strong>rd</strong></span> <span class='ocrx_word' id='word_1_116' title='bbox 1577 944 1654 1000; x_wconf 90' lang='lat' dir='ltr'><strong>heres</strong></span> <span class='ocrx_word' id='word_1_117' title='bbox 1668 959 1741 1000; x_wconf 88' lang='lat' dir='ltr'><strong>meus</strong></span> <span class='ocrx_word' id='word_1_118' title='bbox 1753 943 1857 998; x_wconf 88' lang='lat' dir='ltr'><strong>Maevio</strong></span> <span class='ocrx_word' id='word_1_119' title='bbox 1876 942 1941 1000; x_wconf 87' lang='lat' dir='ltr'><strong>dam·</strong></span> 
     </span>
     <span class='ocr_line' id='line_1_9' title="bbox 287 1011 1941 1094; baseline -0.005 -28"><span class='ocrx_word' id='word_1_120' title='bbox 287 1013 350 1066; x_wconf 88' lang='lat' dir='ltr'><strong>dum</strong></span> <span class='ocrx_word' id='word_1_121' title='bbox 368 1013 416 1066; x_wconf 90' lang='lat' dir='ltr'><strong>erit</strong></span> <span class='ocrx_word' id='word_1_122' title='bbox 434 1027 450 1066; x_wconf 90' lang='lat' dir='ltr'><strong>a</strong></span> <span class='ocrx_word' id='word_1_123' title='bbox 465 1011 594 1066; x_wconf 82' lang='lat' dir='ltr'><strong>coherede</strong></span> <span class='ocrx_word' id='word_1_124' title='bbox 606 1015 713 1084; x_wconf 87' lang='lat' dir='ltr'><strong>patroni</strong></span> <span class='ocrx_word' id='word_1_125' title='bbox 725 1013 864 1066; x_wconf 83' lang='lat' dir='ltr'><strong>dumtaxat</strong></span> <span class='ocrx_word' id='word_1_126' title='bbox 873 1013 989 1094; x_wconf 83' lang='lat' dir='ltr'><strong>legatum</strong></span> <span class='ocrx_word' id='word_1_127' title='bbox 999 1015 1092 1068; x_wconf 87' lang='lat' dir='ltr'><strong>datum</strong></span> <span class='ocrx_word' id='word_1_128' title='bbox 1144 1015 1202 1066; x_wconf 82' lang='lat' dir='ltr'><strong>‘nas</strong></span> <span class='ocrx_word' id='word_1_129' title='bbox 1220 1017 1277 1066; x_wconf 91' lang='lat' dir='ltr'><strong>esto</strong></span> <span class='ocrx_word' id='word_1_130' title='bbox 1294 1011 1373 1078; x_wconf 89' lang='lat' dir='ltr'><strong>dare&#39;,</strong></span> <span class='ocrx_word' id='word_1_131' title='bbox 1391 1027 1450 1066; x_wconf 90' lang='lat' dir='ltr'><strong>eam</strong></span> <span class='ocrx_word' id='word_1_132' title='bbox 1468 1013 1648 1066; x_wconf 75' lang='lat' dir='ltr'><strong>ccnfficionem</strong></span> <span class='ocrx_word' id='word_1_133' title='bbox 1664 1011 1769 1066; x_wconf 90' lang='lat' dir='ltr'><strong>heredis</strong></span> <span class='ocrx_word' id='word_1_134' title='bbox 1791 1011 1834 1066; x_wconf 88' lang='lat' dir='ltr'><strong>sui</strong></span> <span class='ocrx_word' id='word_1_135' title='bbox 1851 1015 1941 1066; x_wconf 75' lang='lat' dir='ltr'><strong>const.</strong></span> 
     </span>
     <span class='ocr_line' id='line_1_10' title="bbox 286 1079 1942 1150; baseline 0 -18"><span class='ocrx_word' id='word_1_136' title='bbox 286 1083 314 1132; x_wconf 91' lang='grc' dir='ltr'><strong>ιι</strong></span> <span class='ocrx_word' id='word_1_137' title='bbox 330 1081 390 1134; x_wconf 91' lang='lat' dir='ltr'><strong>ideo</strong></span> <span class='ocrx_word' id='word_1_138' title='bbox 408 1079 506 1132; x_wconf 86' lang='lat' dir='ltr'><strong>Titium</strong></span> <span class='ocrx_word' id='word_1_139' title='bbox 523 1095 577 1134; x_wconf 90' lang='lat' dir='ltr'><strong>non</strong></span> <span class='ocrx_word' id='word_1_140' title='bbox 594 1083 708 1150; x_wconf 88' lang='lat' dir='ltr'><strong>amplius</strong></span> <span class='ocrx_word' id='word_1_141' title='bbox 719 1081 893 1150; x_wconf 85' lang='lat' dir='ltr'><strong>quincuncem</strong></span> <span class='ocrx_word' id='word_1_142' title='bbox 903 1099 931 1134; x_wconf 92' lang='grc' dir='ltr'><strong>ιι</strong></span> <span class='ocrx_word' id='word_1_143' title='bbox 942 1081 1023 1136; x_wconf 82' lang='lat' dir='ltr'><strong>serris</strong></span> <span class='ocrx_word' id='word_1_144' title='bbox 1034 1081 1092 1136; x_wconf 88' lang='lat' dir='ltr'><strong>vin·</strong></span> <span class='ocrx_word' id='word_1_145' title='bbox 1143 1079 1203 1144; x_wconf 88' lang='lat' dir='ltr'><strong>tuit,</strong></span> <span class='ocrx_word' id='word_1_146' title='bbox 1220 1085 1251 1134; x_wconf 91' lang='lat' dir='ltr'><strong>ut</strong></span> <span class='ocrx_word' id='word_1_147' title='bbox 1266 1081 1290 1134; x_wconf 90' lang='lat' dir='ltr'><strong>is</strong></span> <span class='ocrx_word' id='word_1_148' title='bbox 1307 1093 1416 1134; x_wconf 90' lang='lat' dir='ltr'><strong>necesse</strong></span> <span class='ocrx_word' id='word_1_149' title='bbox 1433 1079 1532 1134; x_wconf 87' lang='lat' dir='ltr'><strong>habeat</strong></span> <span class='ocrx_word' id='word_1_150' title='bbox 1548 1081 1626 1134; x_wconf 89' lang='lat' dir='ltr'><strong>alteri</strong></span> <span class='ocrx_word' id='word_1_151' title='bbox 1642 1081 1761 1134; x_wconf 78' lang='lat' dir='ltr'><strong>actiones</strong></span> <span class='ocrx_word' id='word_1_152' title='bbox 1778 1093 1849 1142; x_wconf 90' lang='lat' dir='ltr'><strong>suas,</strong></span> <span class='ocrx_word' id='word_1_153' title='bbox 1873 1081 1942 1138; x_wconf 78' lang='lat' dir='ltr'><strong>alteru·</strong></span> 
     </span>
     <span class='ocr_line' id='line_1_11' title="bbox 287 1147 1942 1218; baseline 0.001 -16"><span class='ocrx_word' id='word_1_154' title='bbox 287 1147 376 1202; x_wconf 87' lang='lat' dir='ltr'><strong>dicare</strong></span> <span class='ocrx_word' id='word_1_155' title='bbox 392 1163 480 1216; x_wconf 88' lang='lat' dir='ltr'><strong>posse.</strong></span> <span class='ocrx_word' id='word_1_156' title='bbox 514 1147 628 1204; x_wconf 87' lang='lat' dir='ltr'><strong>adiectio</strong></span> <span class='ocrx_word' id='word_1_157' title='bbox 647 1155 737 1204; x_wconf 86' lang='lat' dir='ltr'><strong>autem</strong></span> <span class='ocrx_word' id='word_1_158' title='bbox 752 1149 799 1204; x_wconf 88' lang='lat' dir='ltr'><strong>illa</strong></span> <span class='ocrx_word' id='word_1_159' title='bbox 817 1153 893 1218; x_wconf 85' lang='lat' dir='ltr'><strong>‘quos</strong></span> <span class='ocrx_word' id='word_1_160' title='bbox 911 1151 1020 1204; x_wconf 87' lang='lat' dir='ltr'><strong>aestimo</strong></span> <span class='ocrx_word' id='word_1_161' title='bbox 1037 1149 1091 1204; x_wconf 89' lang='lat' dir='ltr'><strong>sin-</strong></span> <span class='ocrx_word' id='word_1_162' title='bbox 1143 1147 1197 1202; x_wconf 88' lang='lat' dir='ltr'><strong>litis</strong></span> <span class='ocrx_word' id='word_1_163' title='bbox 1214 1147 1424 1204; x_wconf 89' lang='lat' dir='ltr'><strong>aestimationem</strong></span> <span class='ocrx_word' id='word_1_164' title='bbox 1436 1153 1581 1216; x_wconf 87' lang='lat' dir='ltr'><strong>praestare.</strong></span> <span class='ocrx_word' id='word_1_165' title='bbox 1616 1147 1824 1202; x_wconf 89' lang='lat' dir='ltr'><strong>sitamenvivus</strong></span> <span class='ocrx_word' id='word_1_166' title='bbox 1837 1151 1942 1204; x_wconf 89' lang='lat' dir='ltr'><strong>testatur</strong></span> 
     </span>
     <span class='ocr_line' id='line_1_12' title="bbox 287 1213 1942 1286; baseline 0.001 -16"><span class='ocrx_word' id='word_1_167' title='bbox 287 1217 370 1282; x_wconf 85' lang='lat' dir='ltr'><strong>‘gulos</strong></span> <span class='ocrx_word' id='word_1_168' title='bbox 387 1215 486 1270; x_wconf 88' lang='lat' dir='ltr'><strong>vicenis</strong></span> <span class='ocrx_word' id='word_1_169' title='bbox 504 1219 600 1272; x_wconf 87' lang='lat' dir='ltr'><strong>aureis’</strong></span> <span class='ocrx_word' id='word_1_170' title='bbox 626 1233 680 1272; x_wconf 89' lang='lat' dir='ltr'><strong>uon</strong></span> <span class='ocrx_word' id='word_1_171' title='bbox 696 1221 782 1270; x_wconf 88' lang='lat' dir='ltr'><strong>mutat</strong></span> <span class='ocrx_word' id='word_1_172' title='bbox 804 1219 884 1286; x_wconf 89' lang='lat' dir='ltr'><strong>legati</strong></span> <span class='ocrx_word' id='word_1_173' title='bbox 902 1219 1090 1282; x_wconf 90' lang='lat' dir='ltr'><strong>condicionem,</strong></span> <span class='ocrx_word' id='word_1_174' title='bbox 1144 1213 1212 1270; x_wconf 81' lang='lat' dir='ltr'><strong>Gaio</strong></span> <span class='ocrx_word' id='word_1_175' title='bbox 1229 1221 1370 1284; x_wconf 86' lang='lat' dir='ltr'><strong>acceptum</strong></span> <span class='ocrx_word' id='word_1_176' title='bbox 1393 1215 1473 1280; x_wconf 85' lang='lat' dir='ltr'><strong>iecit,</strong></span> <span class='ocrx_word' id='word_1_177' title='bbox 1495 1231 1604 1270; x_wconf 89' lang='lat' dir='ltr'><strong>necesse</strong></span> <span class='ocrx_word' id='word_1_178' title='bbox 1628 1221 1682 1282; x_wconf 90' lang='lat' dir='ltr'><strong>cst,</strong></span> <span class='ocrx_word' id='word_1_179' title='bbox 1705 1219 1737 1270; x_wconf 90' lang='lat' dir='ltr'><strong>nt</strong></span> <span class='ocrx_word' id='word_1_180' title='bbox 1753 1215 1900 1284; x_wconf 87' lang='lat' dir='ltr'><strong>Sempronii</strong></span> <span class='ocrx_word' id='word_1_181' title='bbox 1921 1225 1942 1272; x_wconf 93' lang='lat' dir='ltr'><strong>et</strong></span> 
     </span>
     <span class='ocr_line' id='line_1_13' title="bbox 286 1283 1942 1354; baseline 0.001 -18"><span class='ocrx_word' id='word_1_182' title='bbox 286 1285 309 1336; x_wconf 91' lang='lat' dir='ltr'><strong>si</strong></span> <span class='ocrx_word' id='word_1_183' title='bbox 332 1285 396 1352; x_wconf 88' lang='lat' dir='ltr'><strong>legis</strong></span> <span class='ocrx_word' id='word_1_184' title='bbox 414 1283 551 1340; x_wconf 82' lang='lat' dir='ltr'><strong>Falcidiae</strong></span> <span class='ocrx_word' id='word_1_185' title='bbox 575 1285 705 1340; x_wconf 76' lang='lat' dir='ltr'><strong>radonem</strong></span> <span class='ocrx_word' id='word_1_186' title='bbox 727 1285 825 1342; x_wconf 88' lang='lat' dir='ltr'><strong>habere</strong></span> <span class='ocrx_word' id='word_1_187' title='bbox 849 1289 983 1354; x_wconf 77' lang='lat' dir='ltr'><strong>oporteat:</strong></span> <span class='ocrx_word' id='word_1_188' title='bbox 1009 1285 1092 1340; x_wconf 88' lang='lat' dir='ltr'><strong>nihilo</strong></span> <span class='ocrx_word' id='word_1_189' title='bbox 1145 1291 1160 1338; x_wconf 81' lang='lat' dir='ltr'><strong>b</strong></span> <span class='ocrx_word' id='word_1_190' title='bbox 1193 1283 1290 1338; x_wconf 84' lang='lat' dir='ltr'><strong>Maevii</strong></span> <span class='ocrx_word' id='word_1_191' title='bbox 1306 1285 1421 1354; x_wconf 87' lang='lat' dir='ltr'><strong>legatum</strong></span> <span class='ocrx_word' id='word_1_192' title='bbox 1433 1283 1524 1338; x_wconf 87' lang='lat' dir='ltr'><strong>inutile</strong></span> <span class='ocrx_word' id='word_1_193' title='bbox 1541 1285 1584 1338; x_wconf 87' lang='lat' dir='ltr'><strong>sit.</strong></span> <span class='ocrx_word' id='word_1_194' title='bbox 1620 1283 1685 1338; x_wconf 82' lang='lat' dir='ltr'><strong>Cum</strong></span> <span class='ocrx_word' id='word_1_195' title='bbox 1702 1283 1886 1336; x_wconf 88' lang='lat' dir='ltr'><strong>mihiStichus</strong></span> <span class='ocrx_word' id='word_1_196' title='bbox 1903 1291 1942 1340; x_wconf 87' lang='lat' dir='ltr'><strong>aut</strong></span> 
     </span>
     <span class='ocr_line' id='line_1_14' title="bbox 286 1351 1941 1422; baseline 0.001 -20"><span class='ocrx_word' id='word_1_197' title='bbox 286 1351 373 1406; x_wconf 88' lang='lat' dir='ltr'><strong>minus</strong></span> <span class='ocrx_word' id='word_1_198' title='bbox 386 1351 454 1406; x_wconf 90' lang='lat' dir='ltr'><strong>enim</strong></span> <span class='ocrx_word' id='word_1_199' title='bbox 467 1369 558 1408; x_wconf 88' lang='lat' dir='ltr'><strong>verum</strong></span> <span class='ocrx_word' id='word_1_200' title='bbox 574 1353 830 1422; x_wconf 83' lang='lat' dir='ltr'><strong>pretiumserrornm</strong></span> <span class='ocrx_word' id='word_1_201' title='bbox 842 1353 870 1408; x_wconf 91' lang='lat' dir='ltr'><strong>in</strong></span> <span class='ocrx_word' id='word_1_202' title='bbox 883 1353 1093 1408; x_wconf 85' lang='lat' dir='ltr'><strong>aestimationem</strong></span> <span class='ocrx_word' id='word_1_203' title='bbox 1143 1351 1297 1420; x_wconf 85' lang='lat' dir='ltr'><strong>Pamphilus</strong></span> <span class='ocrx_word' id='word_1_204' title='bbox 1314 1351 1395 1420; x_wconf 86' lang='lat' dir='ltr'><strong>legati</strong></span> <span class='ocrx_word' id='word_1_205' title='bbox 1410 1351 1524 1406; x_wconf 83' lang='lat' dir='ltr'><strong>fuissent</strong></span> <span class='ocrx_word' id='word_1_206' title='bbox 1541 1351 1653 1406; x_wconf 89' lang='lat' dir='ltr'><strong>duorum</strong></span> <span class='ocrx_word' id='word_1_207' title='bbox 1669 1351 1835 1408; x_wconf 89' lang='lat' dir='ltr'><strong>testamentis</strong></span> <span class='ocrx_word' id='word_1_208' title='bbox 1854 1355 1881 1404; x_wconf 90' lang='lat' dir='ltr'><strong>et</strong></span> <span class='ocrx_word' id='word_1_209' title='bbox 1898 1351 1941 1404; x_wconf 83' lang='lat' dir='ltr'><strong>Sti·</strong></span> 
     </span>
     <span class='ocr_line' id='line_1_15' title="bbox 287 1417 1942 1486; baseline 0.002 -14"><span class='ocrx_word' id='word_1_210' title='bbox 287 1423 301 1472; x_wconf 78' lang='lat'>5</span> <span class='ocrx_word' id='word_1_211' title='bbox 338 1417 489 1474; x_wconf 86' lang='lat' dir='ltr'><strong>deducetur.</strong></span> <span class='ocrx_word' id='word_1_212' title='bbox 524 1421 604 1476; x_wconf 84' lang='lat' dir='ltr'><strong>‘Titio</strong></span> <span class='ocrx_word' id='word_1_213' title='bbox 621 1419 733 1474; x_wconf 85' lang='lat' dir='ltr'><strong>fundum</strong></span> <span class='ocrx_word' id='word_1_214' title='bbox 750 1423 784 1478; x_wconf 92' lang='lat' dir='ltr'><strong>do</strong></span> <span class='ocrx_word' id='word_1_215' title='bbox 801 1423 825 1474; x_wconf 93' lang='lat' dir='ltr'><strong>le</strong></span> <span class='ocrx_word' id='word_1_216' title='bbox 843 1437 867 1486; x_wconf 91' lang='lat' dir='ltr'><strong>o,</strong></span> <span class='ocrx_word' id='word_1_217' title='bbox 886 1423 910 1476; x_wconf 91' lang='lat' dir='ltr'><strong>si</strong></span> <span class='ocrx_word' id='word_1_218' title='bbox 926 1421 1017 1476; x_wconf 77' lang='lat' dir='ltr'><strong>hmedi</strong></span> <span class='ocrx_word' id='word_1_219' title='bbox 1033 1437 1092 1476; x_wconf 87' lang='lat' dir='ltr'><strong>meo</strong></span> <span class='ocrx_word' id='word_1_220' title='bbox 1144 1421 1223 1474; x_wconf 89' lang='lat' dir='ltr'><strong>chum</strong></span> <span class='ocrx_word' id='word_1_221' title='bbox 1241 1435 1275 1474; x_wconf 84' lang='lat' dir='ltr'><strong>ex</strong></span> <span class='ocrx_word' id='word_1_222' title='bbox 1298 1421 1381 1474; x_wconf 87' lang='lat' dir='ltr'><strong>altero</strong></span> <span class='ocrx_word' id='word_1_223' title='bbox 1404 1423 1563 1474; x_wconf 90' lang='lat' dir='ltr'><strong>testamento</strong></span> <span class='ocrx_word' id='word_1_224' title='bbox 1587 1425 1747 1476; x_wconf 88' lang='lat' dir='ltr'><strong>consecutus</strong></span> <span class='ocrx_word' id='word_1_225' title='bbox 1769 1417 1893 1484; x_wconf 81' lang='lat' dir='ltr'><strong>fuissem,</strong></span> <span class='ocrx_word' id='word_1_226' title='bbox 1916 1435 1942 1476; x_wconf 84' lang='lat' dir='ltr'><strong>er</strong></span> 
     </span>
     <span class='ocr_line' id='line_1_16' title="bbox 286 1485 1941 1608; baseline 0 -68"><span class='ocrx_word' id='word_1_227' title='bbox 286 1485 385 1566; x_wconf 80' lang='lat' dir='ltr'><strong>‘decem</strong></span> <span class='ocrx_word' id='word_1_228' title='bbox 403 1487 521 1544; x_wconf 86' lang='lat' dir='ltr'><strong>dederit&#39;.</strong></span> <span class='ocrx_word' id='word_1_229' title='bbox 565 1489 589 1544; x_wconf 92' lang='lat' dir='ltr'><strong>si</strong></span> <span class='ocrx_word' id='word_1_230' title='bbox 606 1489 698 1566; x_wconf 77' lang='lat' dir='ltr'><strong>decem</strong></span> <span class='ocrx_word' id='word_1_231' title='bbox 719 1487 796 1544; x_wconf 90' lang='lat' dir='ltr'><strong>ireres</strong></span> <span class='ocrx_word' id='word_1_232' title='bbox 837 1489 884 1544; x_wconf 88' lang='lat' dir='ltr'><strong>itio</strong></span> <span class='ocrx_word' id='word_1_233' title='bbox 908 1489 1043 1544; x_wconf 87' lang='lat' dir='ltr'><strong>debuisset</strong></span> <span class='ocrx_word' id='word_1_234' title='bbox 1065 1495 1092 1542; x_wconf 91' lang='lat' dir='ltr'><strong>et</strong></span> <span class='ocrx_word' id='word_1_235' title='bbox 1143 1487 1227 1542; x_wconf 90' lang='lat' dir='ltr'><strong>altero</strong></span> <span class='ocrx_word' id='word_1_236' title='bbox 1245 1487 1413 1566; x_wconf 87' lang='lat' dir='ltr'><strong>Pamphilum</strong></span> <span class='ocrx_word' id='word_1_237' title='bbox 1430 1493 1519 1556; x_wconf 90' lang='lat' dir='ltr'><strong>petere</strong></span> <span class='ocrx_word' id='word_1_238' title='bbox 1535 1503 1653 1566; x_wconf 82' lang='lat' dir='ltr'><strong>possum,</strong></span> <span class='ocrx_word' id='word_1_239' title='bbox 1672 1489 1773 1608; x_wconf 60' lang='lat' dir='ltr'><strong>ffffiiit</strong></span> <span class='ocrx_word' id='word_1_240' title='bbox 1790 1487 1878 1540; x_wconf 77' lang='lat' dir='ltr'><strong>sium</strong></span> <span class='ocrx_word' id='word_1_241' title='bbox 1895 1491 1941 1540; x_wconf 87' lang='lat' dir='ltr'><strong>tes-</strong></span> 
     </span>
     <span class='ocr_line' id='line_1_17' title="bbox 286 1555 1941 1626; baseline 0.003 -19"><span class='ocrx_word' id='word_1_242' title='bbox 286 1567 318 1608; x_wconf 85' lang='grc' dir='ltr'><strong>ιι</strong></span> <span class='ocrx_word' id='word_1_243' title='bbox 335 1555 420 1608; x_wconf 82' lang='lat' dir='ltr'><strong>Titius</strong></span> <span class='ocrx_word' id='word_1_244' title='bbox 439 1557 583 1624; x_wconf 84' lang='lat' dir='ltr'><strong>acceptaei</strong></span> <span class='ocrx_word' id='word_1_245' title='bbox 599 1555 716 1620; x_wconf 78' lang='lat' dir='ltr'><strong>fecisset,</strong></span> <span class='ocrx_word' id='word_1_246' title='bbox 733 1555 1090 1626; x_wconf 70' lang='lat' dir='ltr'><strong>fundum&#39;vindicarepotest.</strong></span> <span class='ocrx_word' id='word_1_247' title='bbox 1142 1559 1260 1608; x_wconf 89' lang='lat' dir='ltr'><strong>tamento</strong></span> <span class='ocrx_word' id='word_1_248' title='bbox 1285 1555 1393 1610; x_wconf 79' lang='lat' dir='ltr'><strong>Stichus</strong></span> <span class='ocrx_word' id='word_1_249' title='bbox 1419 1561 1467 1610; x_wconf 89' lang='lat' dir='ltr'><strong>aut</strong></span> <span class='ocrx_word' id='word_1_250' title='bbox 1490 1555 1644 1624; x_wconf 88' lang='lat' dir='ltr'><strong>Pamphdus</strong></span> <span class='ocrx_word' id='word_1_251' title='bbox 1686 1561 1755 1624; x_wconf 86' lang='lat' dir='ltr'><strong>egatr</strong></span> <span class='ocrx_word' id='word_1_252' title='bbox 1784 1555 1941 1612; x_wconf 78' lang='lat' dir='ltr'><strong>fuissentet</strong></span> 
     </span>
     <span class='ocr_line' id='line_1_18' title="bbox 286 1621 1941 1694; baseline 0.001 -18"><span class='ocrx_word' id='word_1_253' title='bbox 286 1627 301 1676; x_wconf 84' lang='lat'>6</span> <span class='ocrx_word' id='word_1_254' title='bbox 336 1621 365 1678; x_wconf 85' lang='lat' dir='ltr'><strong>Si</strong></span> <span class='ocrx_word' id='word_1_255' title='bbox 382 1623 481 1690; x_wconf 87' lang='lat' dir='ltr'><strong>Titias,</strong></span> <span class='ocrx_word' id='word_1_256' title='bbox 506 1625 549 1678; x_wconf 89' lang='lat' dir='ltr'><strong>cui</strong></span> <span class='ocrx_word' id='word_1_257' title='bbox 574 1623 681 1678; x_wconf 89' lang='lat' dir='ltr'><strong>Stichus</strong></span> <span class='ocrx_word' id='word_1_258' title='bbox 703 1623 807 1692; x_wconf 85' lang='lat' dir='ltr'><strong>legatus</strong></span> <span class='ocrx_word' id='word_1_259' title='bbox 823 1625 926 1690; x_wconf 84' lang='lat' dir='ltr'><strong>iuerat,</strong></span> <span class='ocrx_word' id='word_1_260' title='bbox 950 1631 1092 1694; x_wconf 85' lang='lat' dir='ltr'><strong>antequam</strong></span> <span class='ocrx_word' id='word_1_261' title='bbox 1144 1621 1251 1678; x_wconf 87' lang='lat' dir='ltr'><strong>Stichus</strong></span> <span class='ocrx_word' id='word_1_262' title='bbox 1269 1639 1302 1678; x_wconf 86' lang='lat' dir='ltr'><strong>ex</strong></span> <span class='ocrx_word' id='word_1_263' title='bbox 1319 1639 1401 1684; x_wconf 87' lang='lat' dir='ltr'><strong>causa</strong></span> <span class='ocrx_word' id='word_1_264' title='bbox 1417 1623 1632 1678; x_wconf 87' lang='lat' dir='ltr'><strong>lucrativameus</strong></span> <span class='ocrx_word' id='word_1_265' title='bbox 1643 1623 1732 1678; x_wconf 87' lang='lat' dir='ltr'><strong>factus</strong></span> <span class='ocrx_word' id='word_1_266' title='bbox 1745 1621 1848 1688; x_wconf 84' lang='lat' dir='ltr'><strong>inisset,</strong></span> <span class='ocrx_word' id='word_1_267' title='bbox 1867 1621 1941 1678; x_wconf 88' lang='lat' dir='ltr'><strong>nihilo</strong></span> 
     </span>
     <span class='ocr_line' id='line_1_19' title="bbox 285 1689 1669 1760; baseline 0 -16"><span class='ocrx_word' id='word_1_268' title='bbox 285 1691 365 1746; x_wconf 89' lang='lat' dir='ltr'><strong>sciret</strong></span> <span class='ocrx_word' id='word_1_269' title='bbox 382 1693 416 1746; x_wconf 86' lang='lat' dir='ltr'><strong>ad</strong></span> <span class='ocrx_word' id='word_1_270' title='bbox 433 1707 462 1746; x_wconf 91' lang='lat' dir='ltr'><strong>se</strong></span> <span class='ocrx_word' id='word_1_271' title='bbox 478 1693 594 1760; x_wconf 75' lang='lat' dir='ltr'><strong>legurm</strong></span> <span class='ocrx_word' id='word_1_272' title='bbox 611 1691 751 1758; x_wconf 90' lang='lat' dir='ltr'><strong>pertinere,</strong></span> <span class='ocrx_word' id='word_1_273' title='bbox 778 1693 921 1748; x_wconf 87' lang='lat' dir='ltr'><strong>decesserit</strong></span> <span class='ocrx_word' id='word_1_274' title='bbox 938 1693 1092 1748; x_wconf 72' lang='lat' dir='ltr'><strong>meranden</strong></span> <span class='ocrx_word' id='word_1_275' title='bbox 1143 1689 1230 1744; x_wconf 80' lang='grc' dir='ltr'><strong>ιιίιιι</strong></span> <span class='ocrx_word' id='word_1_276' title='bbox 1247 1691 1415 1760; x_wconf 90' lang='lat' dir='ltr'><strong>Pamphilum</strong></span> <span class='ocrx_word' id='word_1_277' title='bbox 1451 1697 1522 1744; x_wconf 90' lang='lat' dir='ltr'><strong>etere</strong></span> <span class='ocrx_word' id='word_1_278' title='bbox 1539 1693 1669 1758; x_wconf 87' lang='lat' dir='ltr'><strong>possem⁷.</strong></span> 
     </span>
     <span class='ocr_line' id='line_1_20' title="bbox 286 1707 1941 1830; baseline -0.001 -16"><span class='ocrx_word' id='word_1_279' title='bbox 286 1759 345 1814; x_wconf 87' lang='lat' dir='ltr'><strong>Seio</strong></span> <span class='ocrx_word' id='word_1_280' title='bbox 362 1759 387 1814; x_wconf 89' lang='lat' dir='ltr'><strong>le</strong></span> <span class='ocrx_word' id='word_1_281' title='bbox 405 1759 489 1814; x_wconf 89' lang='lat' dir='ltr'><strong>averit</strong></span> <span class='ocrx_word' id='word_1_282' title='bbox 506 1765 533 1814; x_wconf 93' lang='lat' dir='ltr'><strong>et</strong></span> <span class='ocrx_word' id='word_1_283' title='bbox 548 1759 627 1812; x_wconf 90' lang='lat' dir='ltr'><strong>heres</strong></span> <span class='ocrx_word' id='word_1_284' title='bbox 638 1757 702 1812; x_wconf 84' lang='lat' dir='ltr'><strong>Titii</strong></span> <span class='ocrx_word' id='word_1_285' title='bbox 711 1759 826 1828; x_wconf 86' lang='lat' dir='ltr'><strong>legatum</strong></span> <span class='ocrx_word' id='word_1_286' title='bbox 841 1777 895 1816; x_wconf 91' lang='lat' dir='ltr'><strong>non</strong></span> <span class='ocrx_word' id='word_1_287' title='bbox 906 1759 1092 1830; x_wconf 90' lang='lat' dir='ltr'><strong>repudiaverit,</strong></span> <span class='ocrx_word' id='word_1_288' title='bbox 1178 1753 1217 1816; x_wconf 87' lang='lat'><strong>83</strong></span> <span class='ocrx_word' id='word_1_289' title='bbox 1235 1757 1414 1812; x_wconf 67' lang='lat' dir='ltr'><strong>Misenates</strong></span> <span class='ocrx_word' id='word_1_290' title='bbox 1424 1707 1492 1814; x_wconf 66' lang='lat' dir='ltr'><strong>iero</strong></span> <span class='ocrx_word' id='word_1_291' title='bbox 1507 1759 1584 1812; x_wconf 84' lang='lat' dir='ltr'><strong>tertio</strong></span> <span class='ocrx_word' id='word_1_292' title='bbox 1597 1759 1698 1814; x_wconf 75' lang='lat' dir='ltr'><strong>decemo</strong></span> <span class='ocrx_word' id='word_1_293' title='bbox 1712 1759 1875 1828; x_wconf 71' lang='lat' dir='ltr'><strong>digestorum</strong></span> <span class='ocrx_word' id='word_1_294' title='bbox 1905 1759 1941 1814; x_wconf 86' lang='lat' dir='ltr'><strong>Ti·</strong></span> 
     </span>
     <span class='ocr_line' id='line_1_21' title="bbox 286 1775 1941 1904; baseline 0 -24"><span class='ocrx_word' id='word_1_295' title='bbox 286 1831 300 1880; x_wconf 82' lang='lat' dir='ltr'><strong>t</strong></span> <span class='ocrx_word' id='word_1_296' title='bbox 336 1775 454 1882; x_wconf 49' lang='lat' dir='ltr'><strong>Stichum</strong></span> <span class='ocrx_word' id='word_1_297' title='bbox 478 1825 555 1904; x_wconf 84' lang='lat' dir='ltr'><strong>Seius</strong></span> <span class='ocrx_word' id='word_1_298' title='bbox 577 1825 729 1880; x_wconf 82' lang='lat' dir='ltr'><strong>vindicabit.</strong></span> <span class='ocrx_word' id='word_1_299' title='bbox 770 1829 798 1882; x_wconf 89' lang='lat' dir='ltr'><strong>Si</strong></span> <span class='ocrx_word' id='word_1_300' title='bbox 818 1835 897 1896; x_wconf 89' lang='lat' dir='ltr'><strong>pater</strong></span> <span class='ocrx_word' id='word_1_301' title='bbox 917 1829 1031 1882; x_wconf 84' lang='lat' dir='ltr'><strong>familias</strong></span> <span class='ocrx_word' id='word_1_302' title='bbox 1057 1827 1092 1882; x_wconf 92' lang='lat' dir='ltr'><strong>ab</strong></span> <span class='ocrx_word' id='word_1_303' title='bbox 1142 1825 1196 1880; x_wconf 89' lang='lat' dir='ltr'><strong>tius</strong></span> <span class='ocrx_word' id='word_1_304' title='bbox 1215 1825 1300 1904; x_wconf 80' lang='lat' dir='ltr'><strong>Stichi</strong></span> <span class='ocrx_word' id='word_1_305' title='bbox 1322 1831 1425 1894; x_wconf 88' lang='lat' dir='ltr'><strong>partem</strong></span> <span class='ocrx_word' id='word_1_306' title='bbox 1448 1825 1497 1880; x_wconf 91' lang='lat' dir='ltr'><strong>tibi</strong></span> <span class='ocrx_word' id='word_1_307' title='bbox 1518 1825 1627 1894; x_wconf 85' lang='lat' dir='ltr'><strong>legarit:</strong></span> <span class='ocrx_word' id='word_1_308' title='bbox 1652 1825 1769 1882; x_wconf 86' lang='lat' dir='ltr'><strong>eiusdem</strong></span> <span class='ocrx_word' id='word_1_309' title='bbox 1787 1825 1872 1882; x_wconf 84' lang='lat' dir='ltr'><strong>Stichi</strong></span> <span class='ocrx_word' id='word_1_310' title='bbox 1889 1841 1941 1894; x_wconf 87' lang='lat' dir='ltr'><strong>par·</strong></span> 
     </span>
     <span class='ocr_line' id='line_1_22' title="bbox 284 1893 1941 1966; baseline 0 -18"><span class='ocrx_word' id='word_1_311' title='bbox 284 1895 420 1964; x_wconf 84' lang='lat' dir='ltr'><strong>impubere</strong></span> <span class='ocrx_word' id='word_1_312' title='bbox 437 1895 491 1948; x_wconf 86' lang='lat' dir='ltr'><strong>filio</strong></span> <span class='ocrx_word' id='word_1_313' title='bbox 509 1893 579 1948; x_wconf 82' lang='lat' dir='ltr'><strong>Trtio</strong></span> <span class='ocrx_word' id='word_1_314' title='bbox 597 1893 711 1948; x_wconf 81' lang='lat' dir='ltr'><strong>fundum</strong></span> <span class='ocrx_word' id='word_1_315' title='bbox 727 1895 852 1966; x_wconf 81' lang='lat' dir='ltr'><strong>legaverit</strong></span> <span class='ocrx_word' id='word_1_316' title='bbox 869 1901 897 1948; x_wconf 89' lang='lat' dir='ltr'><strong>et</strong></span> <span class='ocrx_word' id='word_1_317' title='bbox 913 1913 930 1952; x_wconf 88' lang='lat' dir='ltr'><strong>a</strong></span> <span class='ocrx_word' id='word_1_318' title='bbox 947 1897 1092 1950; x_wconf 90' lang='lat' dir='ltr'><strong>substituto</strong></span> <span class='ocrx_word' id='word_1_319' title='bbox 1143 1897 1197 1948; x_wconf 88' lang='lat' dir='ltr'><strong>tem</strong></span> <span class='ocrx_word' id='word_1_320' title='bbox 1215 1893 1291 1948; x_wconf 81' lang='lat' dir='ltr'><strong>Senis</strong></span> <span class='ocrx_word' id='word_1_321' title='bbox 1308 1893 1356 1950; x_wconf 87' lang='lat' dir='ltr'><strong>tibi</strong></span> <span class='ocrx_word' id='word_1_322' title='bbox 1373 1895 1485 1962; x_wconf 83' lang='lat' dir='ltr'><strong>legavit:</strong></span> <span class='ocrx_word' id='word_1_323' title='bbox 1509 1909 1542 1948; x_wconf 86' lang='lat' dir='ltr'><strong>ex</strong></span> <span class='ocrx_word' id='word_1_324' title='bbox 1558 1895 1695 1962; x_wconf 86' lang='lat' dir='ltr'><strong>utriusque</strong></span> <span class='ocrx_word' id='word_1_325' title='bbox 1712 1899 1869 1948; x_wconf 87' lang='lat' dir='ltr'><strong>testamento</strong></span> <span class='ocrx_word' id='word_1_326' title='bbox 1888 1909 1941 1948; x_wconf 87' lang='lat' dir='ltr'><strong>cen-</strong></span> 
     </span>
     <span class='ocr_line' id='line_1_23' title="bbox 286 1961 1270 2034; baseline -0.003 -18"><span class='ocrx_word' id='word_1_327' title='bbox 286 1963 397 2016; x_wconf 87' lang='lat' dir='ltr'><strong>eundem</strong></span> <span class='ocrx_word' id='word_1_328' title='bbox 414 1961 499 2016; x_wconf 90' lang='lat' dir='ltr'><strong>eidem</strong></span> <span class='ocrx_word' id='word_1_329' title='bbox 510 1961 582 2014; x_wconf 85' lang='lat' dir='ltr'><strong>Titio</strong></span> <span class='ocrx_word' id='word_1_330' title='bbox 601 1967 627 2016; x_wconf 91' lang='lat' dir='ltr'><strong>et</strong></span> <span class='ocrx_word' id='word_1_331' title='bbox 644 1963 759 2032; x_wconf 90' lang='lat' dir='ltr'><strong>pupillus</strong></span> <span class='ocrx_word' id='word_1_332' title='bbox 772 1963 843 2034; x_wconf 88' lang='lat' dir='ltr'><strong>patri</strong></span> <span class='ocrx_word' id='word_1_333' title='bbox 859 1963 936 2020; x_wconf 91' lang='lat' dir='ltr'><strong>heres</strong></span> <span class='ocrx_word' id='word_1_334' title='bbox 949 1963 1091 2020; x_wconf 83' lang='lat' dir='ltr'><strong>exstiterit:</strong></span> <span class='ocrx_word' id='word_1_335' title='bbox 1143 1975 1172 2014; x_wconf 92' lang='lat' dir='ltr'><strong>se</strong></span> <span class='ocrx_word' id='word_1_336' title='bbox 1190 1961 1270 2014; x_wconf 89' lang='lat' dir='ltr'><strong>ueris.</strong></span> 
     </span>
     <span class='ocr_line' id='line_1_24' title="bbox 285 1977 1941 2102; baseline 0 -18"><span class='ocrx_word' id='word_1_337' title='bbox 285 2029 339 2084; x_wconf 86' lang='lat' dir='ltr'><strong>sive</strong></span> <span class='ocrx_word' id='word_1_338' title='bbox 368 2029 539 2084; x_wconf 71' lang='lat' dir='ltr'><strong>dedicaverit</strong></span> <span class='ocrx_word' id='word_1_339' title='bbox 562 2029 648 2084; x_wconf 85' lang='lat' dir='ltr'><strong>Titius</strong></span> <span class='ocrx_word' id='word_1_340' title='bbox 677 2033 792 2100; x_wconf 85' lang='lat' dir='ltr'><strong>legatum</strong></span> <span class='ocrx_word' id='word_1_341' title='bbox 821 2033 876 2088; x_wconf 90' lang='lat' dir='ltr'><strong>sive</strong></span> <span class='ocrx_word' id='word_1_342' title='bbox 906 2031 1092 2102; x_wconf 86' lang='lat' dir='ltr'><strong>repudiaverit,</strong></span> <span class='ocrx_word' id='word_1_343' title='bbox 1173 1977 1218 2088; x_wconf 44' lang='lat'><strong>{4</strong></span> <span class='ocrx_word' id='word_1_344' title='bbox 1235 2029 1379 2084; x_wconf 74' lang='lat' dir='ltr'><strong>iterares</strong></span> <span class='ocrx_word' id='word_1_345' title='bbox 1407 2029 1476 2086; x_wconf 81' lang='lat' dir='ltr'><strong>libro</strong></span> <span class='ocrx_word' id='word_1_346' title='bbox 1508 2031 1545 2084; x_wconf 85' lang='lat' dir='ltr'><strong>tri</strong></span> <span class='ocrx_word' id='word_1_347' title='bbox 1562 2029 1642 2084; x_wconf 80' lang='lat' dir='ltr'><strong>asiaco</strong></span> <span class='ocrx_word' id='word_1_348' title='bbox 1674 2031 1752 2084; x_wconf 82' lang='lat' dir='ltr'><strong>tertio</strong></span> <span class='ocrx_word' id='word_1_349' title='bbox 1787 2029 1941 2100; x_wconf 72' lang='lat' dir='ltr'><strong>repertorum</strong></span> 
     </span>
     <span class='ocr_line' id='line_1_25' title="bbox 284 2047 1942 2168; baseline 0.001 -16"><span class='ocrx_word' id='word_1_350' title='bbox 284 2099 403 2168; x_wconf 86' lang='lat' dir='ltr'><strong>quamvis</strong></span> <span class='ocrx_word' id='word_1_351' title='bbox 420 2099 491 2152; x_wconf 89' lang='lat' dir='ltr'><strong>iilius</strong></span> <span class='ocrx_word' id='word_1_352' title='bbox 508 2099 630 2168; x_wconf 89' lang='lat' dir='ltr'><strong>impubes</strong></span> <span class='ocrx_word' id='word_1_353' title='bbox 649 2099 799 2166; x_wconf 85' lang='lat' dir='ltr'><strong>decesserit,</strong></span> <span class='ocrx_word' id='word_1_354' title='bbox 818 2117 834 2154; x_wconf 91' lang='grc' dir='ltr'><strong>ι</strong></span> <span class='ocrx_word' id='word_1_355' title='bbox 851 2101 1092 2156; x_wconf 90' lang='lat' dir='ltr'><strong>substitutovindi·</strong></span> <span class='ocrx_word' id='word_1_356' title='bbox 1143 2097 1302 2152; x_wconf 88' lang='lat' dir='ltr'><strong>Huiusmodi</strong></span> <span class='ocrx_word' id='word_1_357' title='bbox 1322 2099 1453 2166; x_wconf 83' lang='lat' dir='ltr'><strong>legatum:</strong></span> <span class='ocrx_word' id='word_1_358' title='bbox 1480 2097 1518 2152; x_wconf 87' lang='lat' dir='ltr'><strong>‘Si</strong></span> <span class='ocrx_word' id='word_1_359' title='bbox 1541 2047 1626 2152; x_wconf 62' lang='lat' dir='ltr'><strong>iiiius</strong></span> <span class='ocrx_word' id='word_1_360' title='bbox 1651 2097 1743 2152; x_wconf 85' lang='lat' dir='ltr'><strong>heredi</strong></span> <span class='ocrx_word' id='word_1_361' title='bbox 1767 2113 1825 2152; x_wconf 89' lang='lat' dir='ltr'><strong>meo</strong></span> <span class='ocrx_word' id='word_1_362' title='bbox 1856 2099 1942 2154; x_wconf 90' lang='lat' dir='ltr'><strong>caverit</strong></span> 
     </span>
     <span class='ocr_line' id='line_1_26' title="bbox 285 2165 1942 2236; baseline -0.002 -14"><span class='ocrx_word' id='word_1_363' title='bbox 285 2183 346 2222; x_wconf 88' lang='lat' dir='ltr'><strong>care</strong></span> <span class='ocrx_word' id='word_1_364' title='bbox 364 2183 417 2220; x_wconf 88' lang='lat' dir='ltr'><strong>non</strong></span> <span class='ocrx_word' id='word_1_365' title='bbox 428 2167 534 2236; x_wconf 88' lang='lat' dir='ltr'><strong>poterit.</strong></span> <span class='ocrx_word' id='word_1_366' title='bbox 549 2193 552 2198; x_wconf 95' lang='lat'>·</span> <span class='ocrx_word' id='word_1_367' title='bbox 569 2167 622 2222; x_wconf 91' lang='lat' dir='ltr'><strong>hoe</strong></span> <span class='ocrx_word' id='word_1_368' title='bbox 635 2169 713 2234; x_wconf 87' lang='lat' dir='ltr'><strong>enirn,</strong></span> <span class='ocrx_word' id='word_1_369' title='bbox 731 2171 801 2236; x_wconf 85' lang='lat' dir='ltr'><strong>quod</strong></span> <span class='ocrx_word' id='word_1_370' title='bbox 811 2185 905 2225; x_wconf 89' lang='lat' dir='ltr'><strong>rursus</strong></span> <span class='ocrx_word' id='word_1_371' title='bbox 919 2167 1096 2224; x_wconf 86' lang='lat' dir='ltr'><strong>asubstituto</strong></span> <span class='ocrx_word' id='word_1_372' title='bbox 1145 2171 1260 2222; x_wconf 89' lang='lat' dir='ltr'><strong>‘eentum</strong></span> <span class='ocrx_word' id='word_1_373' title='bbox 1282 2165 1386 2220; x_wconf 78' lang='lat' dir='ltr'><strong>Maecio</strong></span> <span class='ocrx_word' id='word_1_374' title='bbox 1412 2179 1443 2218; x_wconf 92' lang='lat' dir='ltr'><strong>se</strong></span> <span class='ocrx_word' id='word_1_375' title='bbox 1464 2167 1602 2230; x_wconf 82' lang='lat' dir='ltr'><strong>daturum,</strong></span> <span class='ocrx_word' id='word_1_376' title='bbox 1621 2171 1647 2218; x_wconf 91' lang='lat' dir='ltr'><strong>et</strong></span> <span class='ocrx_word' id='word_1_377' title='bbox 1668 2165 1746 2222; x_wconf 91' lang='lat' dir='ltr'><strong>heres</strong></span> <span class='ocrx_word' id='word_1_378' title='bbox 1768 2181 1842 2220; x_wconf 90' lang='lat' dir='ltr'><strong>meas</strong></span> <span class='ocrx_word' id='word_1_379' title='bbox 1860 2165 1942 2220; x_wconf 68' lang='lat' dir='ltr'><strong>Tittoi</strong></span> 
     </span>
     <span class='ocr_line' id='line_1_27' title="bbox 283 2233 1941 2306; baseline -0.001 -16"><span class='ocrx_word' id='word_1_380' title='bbox 283 2237 402 2304; x_wconf 88' lang='lat' dir='ltr'><strong>legatur,</strong></span> <span class='ocrx_word' id='word_1_381' title='bbox 425 2235 534 2302; x_wconf 85' lang='lat' dir='ltr'><strong>perinde</strong></span> <span class='ocrx_word' id='word_1_382' title='bbox 551 2235 704 2290; x_wconf 89' lang='lat' dir='ltr'><strong>habendum</strong></span> <span class='ocrx_word' id='word_1_383' title='bbox 722 2243 762 2290; x_wconf 90' lang='grc' dir='ltr'><strong>ιιι</strong></span> <span class='ocrx_word' id='word_1_384' title='bbox 786 2253 818 2292; x_wconf 88' lang='grc' dir='ltr'><strong>ιι</strong></span> <span class='ocrx_word' id='word_1_385' title='bbox 836 2239 859 2292; x_wconf 91' lang='lat' dir='ltr'><strong>si</strong></span> <span class='ocrx_word' id='word_1_386' title='bbox 875 2237 989 2306; x_wconf 88' lang='lat' dir='ltr'><strong>repetita</strong></span> <span class='ocrx_word' id='word_1_387' title='bbox 1004 2239 1093 2306; x_wconf 90' lang='lat' dir='ltr'><strong>legata</strong></span> <span class='ocrx_word' id='word_1_388' title='bbox 1145 2239 1260 2290; x_wconf 81' lang='lat' dir='ltr'><strong>‘centum</strong></span> <span class='ocrx_word' id='word_1_389' title='bbox 1277 2233 1359 2298; x_wconf 88' lang='lat' dir='ltr'><strong>dato’,</strong></span> <span class='ocrx_word' id='word_1_390' title='bbox 1376 2233 1441 2288; x_wconf 92' lang='lat' dir='ltr'><strong>utile</strong></span> <span class='ocrx_word' id='word_1_391' title='bbox 1448 2233 1566 2302; x_wconf 87' lang='lat' dir='ltr'><strong>legatum</strong></span> <span class='ocrx_word' id='word_1_392' title='bbox 1583 2239 1630 2296; x_wconf 87' lang='lat' dir='ltr'><strong>est,</strong></span> <span class='ocrx_word' id='word_1_393' title='bbox 1645 2233 1865 2302; x_wconf 86' lang='lat' dir='ltr'><strong>quemadmodum</strong></span> <span class='ocrx_word' id='word_1_394' title='bbox 1882 2235 1941 2302; x_wconf 80' lang='lat' dir='ltr'><strong>quod</strong></span> 
     </span>
     <span class='ocr_line' id='line_1_28' title="bbox 284 2299 1941 2372; baseline -0.002 -14"><span class='ocrx_word' id='word_1_395' title='bbox 284 2309 380 2358; x_wconf 90' lang='lat' dir='ltr'><strong>essent.</strong></span> <span class='ocrx_word' id='word_1_396' title='bbox 422 2319 504 2372; x_wconf 83' lang='lat' dir='ltr'><strong>quare</strong></span> <span class='ocrx_word' id='word_1_397' title='bbox 530 2311 556 2358; x_wconf 93' lang='lat' dir='ltr'><strong>et</strong></span> <span class='ocrx_word' id='word_1_398' title='bbox 573 2305 596 2358; x_wconf 90' lang='lat' dir='ltr'><strong>si</strong></span> <span class='ocrx_word' id='word_1_399' title='bbox 613 2321 680 2372; x_wconf 90' lang='lat' dir='ltr'><strong>pure</strong></span> <span class='ocrx_word' id='word_1_400' title='bbox 702 2303 804 2370; x_wconf 80' lang='lat' dir='ltr'><strong>atho,</strong></span> <span class='ocrx_word' id='word_1_401' title='bbox 827 2305 877 2360; x_wconf 91' lang='lat' dir='ltr'><strong>suh</strong></span> <span class='ocrx_word' id='word_1_402' title='bbox 905 2305 1093 2360; x_wconf 81' lang='lat' dir='ltr'><strong>condiciones</strong></span> <span class='ocrx_word' id='word_1_403' title='bbox 1144 2301 1224 2356; x_wconf 89' lang='lat' dir='ltr'><strong>alicui</strong></span> <span class='ocrx_word' id='word_1_404' title='bbox 1246 2301 1379 2370; x_wconf 69' lang='grc' dir='ltr'><strong>ιιςιιιιιΩ</strong></span> <span class='ocrx_word' id='word_1_405' title='bbox 1403 2317 1437 2356; x_wconf 81' lang='lat' dir='ltr'><strong>ex</strong></span> <span class='ocrx_word' id='word_1_406' title='bbox 1460 2317 1542 2356; x_wconf 88' lang='lat' dir='ltr'><strong>causa</strong></span> <span class='ocrx_word' id='word_1_407' title='bbox 1566 2299 1763 2356; x_wconf 88' lang='lat' dir='ltr'><strong>fideicommissi</strong></span> <span class='ocrx_word' id='word_1_408' title='bbox 1787 2301 1941 2356; x_wconf 88' lang='lat' dir='ltr'><strong>restituatur.</strong></span> 
     </span>
     <span class='ocr_line' id='line_1_29' title="bbox 284 2369 1941 2440; baseline -0.002 -14"><span class='ocrx_word' id='word_1_409' title='bbox 284 2373 429 2426; x_wconf 89' lang='lat' dir='ltr'><strong>substituto</strong></span> <span class='ocrx_word' id='word_1_410' title='bbox 446 2371 564 2440; x_wconf 86' lang='lat' dir='ltr'><strong>legatum</strong></span> <span class='ocrx_word' id='word_1_411' title='bbox 580 2371 670 2434; x_wconf 86' lang='lat' dir='ltr'><strong>fuerit,</strong></span> <span class='ocrx_word' id='word_1_412' title='bbox 688 2371 798 2440; x_wconf 89' lang='lat' dir='ltr'><strong>perinde</strong></span> <span class='ocrx_word' id='word_1_413' title='bbox 815 2373 904 2428; x_wconf 87' lang='lat' dir='ltr'><strong>omnia</strong></span> <span class='ocrx_word' id='word_1_414' title='bbox 917 2373 1093 2428; x_wconf 89' lang='lat' dir='ltr'><strong>servabuntur</strong></span> <span class='ocrx_word' id='word_1_415' title='bbox 1146 2377 1158 2424; x_wconf 88' lang='lat' dir='ltr'><strong>t</strong></span> <span class='ocrx_word' id='word_1_416' title='bbox 1194 2369 1297 2424; x_wconf 89' lang='lat' dir='ltr'><strong>Eadem</strong></span> <span class='ocrx_word' id='word_1_417' title='bbox 1319 2371 1424 2424; x_wconf 89' lang='lat' dir='ltr'><strong>ratione</strong></span> <span class='ocrx_word' id='word_1_418' title='bbox 1449 2369 1503 2424; x_wconf 91' lang='lat' dir='ltr'><strong>hcc</strong></span> <span class='ocrx_word' id='word_1_419' title='bbox 1525 2383 1632 2438; x_wconf 83' lang='lat' dir='ltr'><strong>quoque</strong></span> <span class='ocrx_word' id='word_1_420' title='bbox 1653 2369 1769 2440; x_wconf 89' lang='lat' dir='ltr'><strong>legatum</strong></span> <span class='ocrx_word' id='word_1_421' title='bbox 1791 2369 1857 2424; x_wconf 87' lang='lat' dir='ltr'><strong>utile</strong></span> <span class='ocrx_word' id='word_1_422' title='bbox 1874 2369 1908 2422; x_wconf 91' lang='lat' dir='ltr'><strong>sit</strong></span> <span class='ocrx_word' id='word_1_423' title='bbox 1916 2371 1941 2424; x_wconf 78' lang='lat'><strong>¹⁰:</strong></span> 
     </span>
     <span class='ocr_line' id='line_1_30' title="bbox 284 2437 1941 2508; baseline -0.001 -16"><span class='ocrx_word' id='word_1_424' title='bbox 284 2455 316 2494; x_wconf 91' lang='lat' dir='ltr'><strong>ac</strong></span> <span class='ocrx_word' id='word_1_425' title='bbox 334 2439 357 2494; x_wconf 88' lang='lat' dir='ltr'><strong>si</strong></span> <span class='ocrx_word' id='word_1_426' title='bbox 374 2443 477 2492; x_wconf 89' lang='lat' dir='ltr'><strong>tantum</strong></span> <span class='ocrx_word' id='word_1_427' title='bbox 495 2455 511 2492; x_wconf 93' lang='lat' dir='ltr'><strong>a</strong></span> <span class='ocrx_word' id='word_1_428' title='bbox 528 2437 582 2492; x_wconf 87' lang='lat' dir='ltr'><strong>filio</strong></span> <span class='ocrx_word' id='word_1_429' title='bbox 600 2437 717 2508; x_wconf 86' lang='lat' dir='ltr'><strong>legatum</strong></span> <span class='ocrx_word' id='word_1_430' title='bbox 731 2439 839 2494; x_wconf 83' lang='lat' dir='ltr'><strong>fuisset:</strong></span> <span class='ocrx_word' id='word_1_431' title='bbox 858 2445 952 2494; x_wconf 87' lang='lat' dir='ltr'><strong>contra</strong></span> <span class='ocrx_word' id='word_1_432' title='bbox 964 2445 1053 2494; x_wconf 87' lang='lat' dir='ltr'><strong>autem</strong></span> <span class='ocrx_word' id='word_1_433' title='bbox 1070 2441 1094 2494; x_wconf 89' lang='lat' dir='ltr'><strong>si</strong></span> <span class='ocrx_word' id='word_1_434' title='bbox 1144 2437 1182 2494; x_wconf 86' lang='lat' dir='ltr'><strong>‘Si</strong></span> <span class='ocrx_word' id='word_1_435' title='bbox 1199 2437 1286 2494; x_wconf 87' lang='lat' dir='ltr'><strong>Titius</strong></span> <span class='ocrx_word' id='word_1_436' title='bbox 1303 2437 1394 2494; x_wconf 92' lang='lat' dir='ltr'><strong>heredi</strong></span> <span class='ocrx_word' id='word_1_437' title='bbox 1410 2453 1470 2494; x_wconf 89' lang='lat' dir='ltr'><strong>meo</strong></span> <span class='ocrx_word' id='word_1_438' title='bbox 1488 2437 1589 2494; x_wconf 90' lang='lat' dir='ltr'><strong>caverit</strong></span> <span class='ocrx_word' id='word_1_439' title='bbox 1606 2453 1635 2492; x_wconf 91' lang='lat' dir='ltr'><strong>se</strong></span> <span class='ocrx_word' id='word_1_440' title='bbox 1647 2437 1675 2490; x_wconf 91' lang='lat' dir='ltr'><strong>in</strong></span> <span class='ocrx_word' id='word_1_441' title='bbox 1686 2437 1829 2506; x_wconf 89' lang='lat' dir='ltr'><strong>municipio</strong></span> <span class='ocrx_word' id='word_1_442' title='bbox 1848 2453 1881 2492; x_wconf 86' lang='lat' dir='ltr'><strong>ex</strong></span> <span class='ocrx_word' id='word_1_443' title='bbox 1891 2453 1941 2492; x_wconf 91' lang='lat' dir='ltr'><strong>ceu·</strong></span> 
     </span>
     <span class='ocr_line' id='line_1_31' title="bbox 283 2505 1941 2590; baseline 0.001 -30"><span class='ocrx_word' id='word_1_444' title='bbox 283 2523 300 2560; x_wconf 91' lang='lat' dir='ltr'><strong>a</strong></span> <span class='ocrx_word' id='word_1_445' title='bbox 326 2507 380 2560; x_wconf 87' lang='lat' dir='ltr'><strong>filio</strong></span> <span class='ocrx_word' id='word_1_446' title='bbox 404 2507 453 2560; x_wconf 86' lang='lat' dir='ltr'><strong>sub</strong></span> <span class='ocrx_word' id='word_1_447' title='bbox 481 2505 651 2572; x_wconf 68' lang='lat' dir='ltr'><strong>corbeieae,</strong></span> <span class='ocrx_word' id='word_1_448' title='bbox 677 2509 861 2562; x_wconf 89' lang='lat' dir='ltr'><strong>asubstituto</strong></span> <span class='ocrx_word' id='word_1_449' title='bbox 906 2523 953 2562; x_wconf 88' lang='lat' dir='ltr'><strong>ure</strong></span> <span class='ocrx_word' id='word_1_450' title='bbox 977 2509 1094 2590; x_wconf 79' lang='lat' dir='ltr'><strong>legatum</strong></span> <span class='ocrx_word' id='word_1_451' title='bbox 1145 2511 1211 2562; x_wconf 89' lang='lat' dir='ltr'><strong>‘tum</strong></span> <span class='ocrx_word' id='word_1_452' title='bbox 1227 2505 1315 2562; x_wconf 86' lang='lat' dir='ltr'><strong>aureis</strong></span> <span class='ocrx_word' id='word_1_453' title='bbox 1341 2521 1409 2576; x_wconf 87' lang='lat' dir='ltr'><strong>opus</strong></span> <span class='ocrx_word' id='word_1_454' title='bbox 1432 2505 1581 2572; x_wconf 87' lang='lat' dir='ltr'><strong>iacturum,</strong></span> <span class='ocrx_word' id='word_1_455' title='bbox 1607 2513 1664 2560; x_wconf 89' lang='lat' dir='ltr'><strong>turn</strong></span> <span class='ocrx_word' id='word_1_456' title='bbox 1686 2507 1711 2560; x_wconf 90' lang='lat' dir='ltr'><strong>ei</strong></span> <span class='ocrx_word' id='word_1_457' title='bbox 1733 2513 1841 2560; x_wconf 84' lang='lat' dir='ltr'><strong>centnm</strong></span> <span class='ocrx_word' id='word_1_458' title='bbox 1858 2521 1941 2562; x_wconf 88' lang='lat' dir='ltr'><strong>aureos</strong></span> 
     </span>
     <span class='ocr_line' id='line_1_32' title="bbox 282 2525 1942 2654; baseline 0.001 -26"><span class='ocrx_word' id='word_1_459' title='bbox 282 2575 364 2628; x_wconf 83' lang='lat' dir='ltr'><strong>inerit</strong></span> <span class='ocrx_word' id='word_1_460' title='bbox 381 2581 408 2628; x_wconf 90' lang='lat' dir='ltr'><strong>et</strong></span> <span class='ocrx_word' id='word_1_461' title='bbox 423 2575 539 2654; x_wconf 80' lang='lat' dir='ltr'><strong>pupillus</strong></span> <span class='ocrx_word' id='word_1_462' title='bbox 557 2575 689 2644; x_wconf 87' lang='lat' dir='ltr'><strong>pendente</strong></span> <span class='ocrx_word' id='word_1_463' title='bbox 707 2575 861 2630; x_wconf 76' lang='lat' dir='ltr'><strong>confficione</strong></span> <span class='ocrx_word' id='word_1_464' title='bbox 879 2525 1035 2642; x_wconf 62' lang='lat' dir='ltr'><strong>i’ecessmra</strong></span> <span class='ocrx_word' id='word_1_465' title='bbox 1061 2593 1094 2632; x_wconf 86' lang='lat' dir='ltr'><strong>ex</strong></span> <span class='ocrx_word' id='word_1_466' title='bbox 1145 2579 1160 2628; x_wconf 80' lang='lat'>2</span> <span class='ocrx_word' id='word_1_467' title='bbox 1196 2575 1282 2634; x_wconf 53' lang='lat' dir='ltr'><strong>‘heres</strong></span> <span class='ocrx_word' id='word_1_468' title='bbox 1299 2591 1373 2628; x_wconf 90' lang='lat' dir='ltr'><strong>meus</strong></span> <span class='ocrx_word' id='word_1_469' title='bbox 1396 2575 1461 2630; x_wconf 87' lang='lat' dir='ltr'><strong>dare</strong></span> <span class='ocrx_word' id='word_1_470' title='bbox 1478 2575 1587 2630; x_wconf 88' lang='lat' dir='ltr'><strong>damnas</strong></span> <span class='ocrx_word' id='word_1_471' title='bbox 1610 2575 1684 2628; x_wconf 86' lang='lat' dir='ltr'><strong>esto&#39;.</strong></span> <span class='ocrx_word' id='word_1_472' title='bbox 1726 2575 1755 2630; x_wconf 90' lang='lat' dir='ltr'><strong>Si</strong></span> <span class='ocrx_word' id='word_1_473' title='bbox 1781 2575 1942 2644; x_wconf 85' lang='lat' dir='ltr'><strong>Sempronius</strong></span> 
     </span>
     <span class='ocr_line' id='line_1_33' title="bbox 284 2641 1941 2712; baseline 0.001 -16"><span class='ocrx_word' id='word_1_474' title='bbox 284 2647 299 2696; x_wconf 83' lang='grc'>8</span> <span class='ocrx_word' id='word_1_475' title='bbox 335 2643 523 2698; x_wconf 83' lang='lat' dir='ltr'><strong>substitutione</strong></span> <span class='ocrx_word' id='word_1_476' title='bbox 554 2643 613 2698; x_wconf 87' lang='lat' dir='ltr'><strong>solo</strong></span> <span class='ocrx_word' id='word_1_477' title='bbox 644 2643 759 2712; x_wconf 84' lang='lat' dir='ltr'><strong>legatum</strong></span> <span class='ocrx_word' id='word_1_478' title='bbox 783 2643 890 2698; x_wconf 86' lang='lat' dir='ltr'><strong>valebit.</strong></span> <span class='ocrx_word' id='word_1_479' title='bbox 932 2643 980 2698; x_wconf 91' lang='lat' dir='ltr'><strong>His</strong></span> <span class='ocrx_word' id='word_1_480' title='bbox 1005 2645 1093 2698; x_wconf 89' lang='lat' dir='ltr'><strong>verbis</strong></span> <span class='ocrx_word' id='word_1_481' title='bbox 1145 2641 1245 2696; x_wconf 85' lang='lat' dir='ltr'><strong>Titium</strong></span> <span class='ocrx_word' id='word_1_482' title='bbox 1262 2642 1386 2698; x_wconf 83' lang='lat' dir='ltr'><strong>heredem</strong></span> <span class='ocrx_word' id='word_1_483' title='bbox 1402 2643 1548 2698; x_wconf 90' lang='lat' dir='ltr'><strong>instituerit</strong></span> <span class='ocrx_word' id='word_1_484' title='bbox 1568 2647 1595 2698; x_wconf 92' lang='lat' dir='ltr'><strong>et</strong></span> <span class='ocrx_word' id='word_1_485' title='bbox 1618 2643 1652 2698; x_wconf 92' lang='lat' dir='ltr'><strong>ab</strong></span> <span class='ocrx_word' id='word_1_486' title='bbox 1676 2659 1707 2698; x_wconf 92' lang='lat' dir='ltr'><strong>eo</strong></span> <span class='ocrx_word' id='word_1_487' title='bbox 1730 2647 1793 2710; x_wconf 89' lang='lat' dir='ltr'><strong>post</strong></span> <span class='ocrx_word' id='word_1_488' title='bbox 1818 2641 1941 2698; x_wconf 84' lang='lat' dir='ltr'><strong>biennium</strong></span> 
     </span>
     <span class='ocr_line' id='line_1_34' title="bbox 284 2709 1942 2780; baseline 0.001 -16"><span class='ocrx_word' id='word_1_489' title='bbox 284 2711 376 2766; x_wconf 81' lang='lat' dir='ltr'><strong>‘Lucio</strong></span> <span class='ocrx_word' id='word_1_490' title='bbox 395 2715 421 2764; x_wconf 93' lang='lat' dir='ltr'><strong>et</strong></span> <span class='ocrx_word' id='word_1_491' title='bbox 439 2709 508 2766; x_wconf 83' lang='lat' dir='ltr'><strong>Titio</strong></span> <span class='ocrx_word' id='word_1_492' title='bbox 528 2725 652 2764; x_wconf 89' lang='lat' dir='ltr'><strong>eorumve</strong></span> <span class='ocrx_word' id='word_1_493' title='bbox 669 2711 713 2764; x_wconf 89' lang='lat' dir='ltr'><strong>cui</strong></span> <span class='ocrx_word' id='word_1_494' title='bbox 728 2709 840 2766; x_wconf 87' lang='lat' dir='ltr'><strong>fundum</strong></span> <span class='ocrx_word' id='word_1_495' title='bbox 858 2713 892 2766; x_wconf 91' lang='lat' dir='ltr'><strong>do</strong></span> <span class='ocrx_word' id='word_1_496' title='bbox 909 2711 977 2780; x_wconf 89' lang='lat' dir='ltr'><strong>lego’</strong></span> <span class='ocrx_word' id='word_1_497' title='bbox 993 2713 1094 2766; x_wconf 90' lang='lat' dir='ltr'><strong>utiliter</strong></span> <span class='ocrx_word' id='word_1_498' title='bbox 1144 2709 1258 2764; x_wconf 89' lang='lat' dir='ltr'><strong>fundum</strong></span> <span class='ocrx_word' id='word_1_499' title='bbox 1275 2709 1333 2764; x_wconf 88' lang='lat' dir='ltr'><strong>dari</strong></span> <span class='ocrx_word' id='word_1_500' title='bbox 1349 2711 1456 2764; x_wconf 90' lang='lat' dir='ltr'><strong>iusserit</strong></span> <span class='ocrx_word' id='word_1_501' title='bbox 1467 2709 1581 2776; x_wconf 82' lang='lat' dir='ltr'><strong>Maesio,</strong></span> <span class='ocrx_word' id='word_1_502' title='bbox 1599 2709 1686 2764; x_wconf 80' lang='lat' dir='ltr'><strong>&#39;litias</strong></span> <span class='ocrx_word' id='word_1_503' title='bbox 1700 2709 1794 2764; x_wconf 89' lang='lat' dir='ltr'><strong>deinde</strong></span> <span class='ocrx_word' id='word_1_504' title='bbox 1805 2709 1841 2764; x_wconf 90' lang='lat' dir='ltr'><strong>ab</strong></span> <span class='ocrx_word' id='word_1_505' title='bbox 1857 2709 1942 2766; x_wconf 87' lang='lat' dir='ltr'><strong>herede</strong></span> 
     </span>
     <span class='ocr_line' id='line_1_35' title="bbox 283 2777 1942 2850; baseline -0.002 -14"><span class='ocrx_word' id='word_1_506' title='bbox 283 2781 386 2850; x_wconf 89' lang='lat' dir='ltr'><strong>legatur</strong></span> <span class='ocrx_word' id='word_1_507' title='bbox 398 2785 432 2842; x_wconf 89' lang='lat' dir='ltr'><strong>et,</strong></span> <span class='ocrx_word' id='word_1_508' title='bbox 450 2779 474 2832; x_wconf 90' lang='lat' dir='ltr'><strong>si</strong></span> <span class='ocrx_word' id='word_1_509' title='bbox 485 2779 591 2848; x_wconf 87' lang='lat' dir='ltr'><strong>utrique</strong></span> <span class='ocrx_word' id='word_1_510' title='bbox 601 2779 723 2844; x_wconf 84' lang='lat' dir='ltr'><strong>vixerint,</strong></span> <span class='ocrx_word' id='word_1_511' title='bbox 735 2781 850 2848; x_wconf 88' lang='lat' dir='ltr'><strong>utrique,</strong></span> <span class='ocrx_word' id='word_1_512' title='bbox 868 2779 981 2848; x_wconf 90' lang='lat' dir='ltr'><strong>sialter,</strong></span> <span class='ocrx_word' id='word_1_513' title='bbox 998 2779 1093 2836; x_wconf 62' lang='lat' dir='ltr'><strong>aletur</strong></span> <span class='ocrx_word' id='word_1_514' title='bbox 1145 2795 1194 2834; x_wconf 92' lang='lat' dir='ltr'><strong>suo</strong></span> <span class='ocrx_word' id='word_1_515' title='bbox 1213 2779 1326 2834; x_wconf 88' lang='lat' dir='ltr'><strong>eundem</strong></span> <span class='ocrx_word' id='word_1_516' title='bbox 1342 2779 1454 2834; x_wconf 81' lang='lat' dir='ltr'><strong>fundum</strong></span> <span class='ocrx_word' id='word_1_517' title='bbox 1477 2779 1581 2834; x_wconf 77' lang='lat' dir='ltr'><strong>Maesio</strong></span> <span class='ocrx_word' id='word_1_518' title='bbox 1604 2779 1739 2848; x_wconf 87' lang='lat' dir='ltr'><strong>praesenti</strong></span> <span class='ocrx_word' id='word_1_519' title='bbox 1761 2779 1803 2832; x_wconf 92' lang='lat' dir='ltr'><strong>die</strong></span> <span class='ocrx_word' id='word_1_520' title='bbox 1828 2777 1942 2848; x_wconf 83' lang='lat' dir='ltr'><strong>legaverit</strong></span> 
     </span>
     <span class='ocr_line' id='line_1_36' title="bbox 284 2845 1941 2918; baseline 0 -16"><span class='ocrx_word' id='word_1_521' title='bbox 284 2853 298 2902; x_wconf 88' lang='grc'><strong>9</strong></span> <span class='ocrx_word' id='word_1_522' title='bbox 334 2847 480 2902; x_wconf 90' lang='lat' dir='ltr'><strong>debebitur.</strong></span> <span class='ocrx_word' id='word_1_523' title='bbox 517 2847 583 2902; x_wconf 83' lang='lat' dir='ltr'><strong>Cum</strong></span> <span class='ocrx_word' id='word_1_524' title='bbox 601 2849 741 2902; x_wconf 87' lang='lat' dir='ltr'><strong>statuliber</strong></span> <span class='ocrx_word' id='word_1_525' title='bbox 754 2849 804 2902; x_wconf 85' lang='lat' dir='ltr'><strong>sub</strong></span> <span class='ocrx_word' id='word_1_526' title='bbox 823 2847 979 2904; x_wconf 90' lang='lat' dir='ltr'><strong>condicione</strong></span> <span class='ocrx_word' id='word_1_527' title='bbox 988 2849 1093 2918; x_wconf 89' lang='lat' dir='ltr'><strong>legatus</strong></span> <span class='ocrx_word' id='word_1_528' title='bbox 1145 2855 1173 2902; x_wconf 91' lang='lat' dir='ltr'><strong>et</strong></span> <span class='ocrx_word' id='word_1_529' title='bbox 1190 2847 1311 2902; x_wconf 88' lang='lat' dir='ltr'><strong>Maevius</strong></span> <span class='ocrx_word' id='word_1_530' title='bbox 1328 2847 1443 2916; x_wconf 87' lang='lat' dir='ltr'><strong>pretium</strong></span> <span class='ocrx_word' id='word_1_531' title='bbox 1459 2845 1536 2902; x_wconf 81' lang='lat' dir='ltr'><strong>fundi</strong></span> <span class='ocrx_word' id='word_1_532' title='bbox 1559 2847 1593 2902; x_wconf 90' lang='lat' dir='ltr'><strong>ab</strong></span> <span class='ocrx_word' id='word_1_533' title='bbox 1610 2847 1707 2902; x_wconf 91' lang='lat' dir='ltr'><strong>herede</strong></span> <span class='ocrx_word' id='word_1_534' title='bbox 1724 2847 1788 2902; x_wconf 88' lang='lat' dir='ltr'><strong>Titii</strong></span> <span class='ocrx_word' id='word_1_535' title='bbox 1805 2849 1941 2916; x_wconf 88' lang='lat' dir='ltr'><strong>acceperit:</strong></span> 
     </span>
     <span class='ocr_line' id='line_1_37' title="bbox 284 2915 1941 2996; baseline -0.001 -24"><span class='ocrx_word' id='word_1_536' title='bbox 284 2923 369 2972; x_wconf 89' lang='lat' dir='ltr'><strong>estet</strong></span> <span class='ocrx_word' id='word_1_537' title='bbox 391 2917 522 2996; x_wconf 86' lang='lat' dir='ltr'><strong>pendente</strong></span> <span class='ocrx_word' id='word_1_538' title='bbox 547 2917 703 2972; x_wconf 87' lang='lat' dir='ltr'><strong>condicione</strong></span> <span class='ocrx_word' id='word_1_539' title='bbox 725 2917 805 2986; x_wconf 88' lang='lat' dir='ltr'><strong>legati</strong></span> <span class='ocrx_word' id='word_1_540' title='bbox 831 2917 953 2972; x_wconf 91' lang='lat' dir='ltr'><strong>condicio</strong></span> <span class='ocrx_word' id='word_1_541' title='bbox 976 2923 1094 2974; x_wconf 86' lang='lat' dir='ltr'><strong>statutae</strong></span> <span class='ocrx_word' id='word_1_542' title='bbox 1147 2917 1170 2970; x_wconf 89' lang='lat' dir='ltr'><strong>si</strong></span> <span class='ocrx_word' id='word_1_543' title='bbox 1188 2931 1221 2970; x_wconf 86' lang='grc' dir='ltr'><strong>ιι</strong></span> <span class='ocrx_word' id='word_1_544' title='bbox 1238 2921 1396 2972; x_wconf 78' lang='lat' dir='ltr'><strong>testamento</strong></span> <span class='ocrx_word' id='word_1_545' title='bbox 1415 2915 1564 2986; x_wconf 86' lang='lat' dir='ltr'><strong>Sempronii</strong></span> <span class='ocrx_word' id='word_1_546' title='bbox 1585 2915 1697 2970; x_wconf 89' lang='lat' dir='ltr'><strong>fundum</strong></span> <span class='ocrx_word' id='word_1_547' title='bbox 1733 2921 1804 2972; x_wconf 91' lang='lat' dir='ltr'><strong>etere</strong></span> <span class='ocrx_word' id='word_1_548' title='bbox 1820 2917 1890 2982; x_wconf 82' lang='lat' dir='ltr'><strong>velit,</strong></span> <span class='ocrx_word' id='word_1_549' title='bbox 1908 2931 1941 2970; x_wconf 83' lang='lat' dir='ltr'><strong>ex·</strong></span> 
     </span>
     <span class='ocr_line' id='line_1_38' title="bbox 283 2933 1942 3106; baseline 0 -66"><span class='ocrx_word' id='word_1_550' title='bbox 283 2987 413 3040; x_wconf 81' lang='lat' dir='ltr'><strong>libertatis</strong></span> <span class='ocrx_word' id='word_1_551' title='bbox 431 2985 528 3052; x_wconf 89' lang='lat' dir='ltr'><strong>deficit,</strong></span> <span class='ocrx_word' id='word_1_552' title='bbox 545 2987 663 3064; x_wconf 82' lang='lat' dir='ltr'><strong>legatum</strong></span> <span class='ocrx_word' id='word_1_553' title='bbox 680 2985 745 3040; x_wconf 87' lang='lat' dir='ltr'><strong>utile</strong></span> <span class='ocrx_word' id='word_1_554' title='bbox 762 2985 806 3040; x_wconf 84' lang='lat' dir='ltr'><strong>fit:</strong></span> <span class='ocrx_word' id='word_1_555' title='bbox 825 3001 888 3040; x_wconf 89' lang='lat' dir='ltr'><strong>nam</strong></span> <span class='ocrx_word' id='word_1_556' title='bbox 905 2987 974 3040; x_wconf 92' lang='lat' dir='ltr'><strong>sicut</strong></span> <span class='ocrx_word' id='word_1_557' title='bbox 991 2991 1095 3040; x_wconf 90' lang='lat' dir='ltr'><strong>statuta</strong></span> <span class='ocrx_word' id='word_1_558' title='bbox 1146 2985 1268 3064; x_wconf 79' lang='lat' dir='ltr'><strong>ceptione</strong></span> <span class='ocrx_word' id='word_1_559' title='bbox 1285 2983 1492 3106; x_wconf 46' lang='lat' dir='ltr'><strong>regehipoterit,</strong></span> <span class='ocrx_word' id='word_1_560' title='bbox 1510 2985 1533 3040; x_wconf 90' lang='lat' dir='ltr'><strong>si</strong></span> <span class='ocrx_word' id='word_1_561' title='bbox 1549 2985 1634 3052; x_wconf 90' lang='lat' dir='ltr'><strong>pretio</strong></span> <span class='ocrx_word' id='word_1_562' title='bbox 1652 2933 1731 3064; x_wconf 76' lang='lat' dir='ltr'><strong>fundi</strong></span> <span class='ocrx_word' id='word_1_563' title='bbox 1742 2989 1883 3040; x_wconf 78' lang='lat' dir='ltr'><strong>certemus</strong></span> <span class='ocrx_word' id='word_1_564' title='bbox 1901 3001 1942 3040; x_wconf 87' lang='lat' dir='ltr'><strong>nor</strong></span> 
     </span>
     <span class='ocr_line' id='line_1_39' title="bbox 282 3053 1942 3124; baseline -0.002 -15"><span class='ocrx_word' id='word_1_565' title='bbox 282 3055 391 3110; x_wconf 86' lang='lat' dir='ltr'><strong>libertas</strong></span> <span class='ocrx_word' id='word_1_566' title='bbox 408 3059 474 3108; x_wconf 89' lang='lat' dir='ltr'><strong>tunc</strong></span> <span class='ocrx_word' id='word_1_567' title='bbox 491 3061 603 3124; x_wconf 81' lang='lat' dir='ltr'><strong>peremat</strong></span> <span class='ocrx_word' id='word_1_568' title='bbox 619 3055 744 3122; x_wconf 87' lang='lat' dir='ltr'><strong>legatum,</strong></span> <span class='ocrx_word' id='word_1_569' title='bbox 763 3071 823 3110; x_wconf 89' lang='lat' dir='ltr'><strong>cum</strong></span> <span class='ocrx_word' id='word_1_570' title='bbox 840 3055 909 3108; x_wconf 90' lang='lat' dir='ltr'><strong>vires</strong></span> <span class='ocrx_word' id='word_1_571' title='bbox 927 3055 1033 3124; x_wconf 91' lang='lat' dir='ltr'><strong>accipit,</strong></span> <span class='ocrx_word' id='word_1_572' title='bbox 1056 3055 1095 3108; x_wconf 91' lang='lat' dir='ltr'><strong>ita</strong></span> <span class='ocrx_word' id='word_1_573' title='bbox 1147 3057 1160 3106; x_wconf 85' lang='lat'><strong>3</strong></span> <span class='ocrx_word' id='word_1_574' title='bbox 1197 3055 1285 3106; x_wconf 82' lang='lat' dir='ltr'><strong>errt¹¹.</strong></span> <span class='ocrx_word' id='word_1_575' title='bbox 1339 3053 1410 3106; x_wconf 92' lang='lat' dir='ltr'><strong>rcui</strong></span> <span class='ocrx_word' id='word_1_576' title='bbox 1427 3053 1506 3108; x_wconf 87' lang='lat' dir='ltr'><strong>hemo</strong></span> <span class='ocrx_word' id='word_1_577' title='bbox 1530 3055 1632 3120; x_wconf 90' lang='lat' dir='ltr'><strong>legatus</strong></span> <span class='ocrx_word' id='word_1_578' title='bbox 1650 3053 1745 3106; x_wconf 82' lang='lat' dir='ltr'><strong>fuisset</strong></span> <span class='ocrx_word' id='word_1_579' title='bbox 1769 3059 1795 3108; x_wconf 90' lang='lat' dir='ltr'><strong>et</strong></span> <span class='ocrx_word' id='word_1_580' title='bbox 1817 3067 1866 3122; x_wconf 88' lang='lat' dir='ltr'><strong>per</strong></span> <span class='ocrx_word' id='word_1_581' title='bbox 1883 3053 1942 3122; x_wconf 89' lang='lat' dir='ltr'><strong>lega·</strong></span> 
     </span>
     <span class='ocr_line' id='line_1_40' title="bbox 282 3121 1941 3192; baseline 0.001 -16"><span class='ocrx_word' id='word_1_582' title='bbox 282 3123 399 3190; x_wconf 86' lang='lat' dir='ltr'><strong>legatum</strong></span> <span class='ocrx_word' id='word_1_583' title='bbox 417 3139 522 3192; x_wconf 85' lang='lat' dir='ltr'><strong>quoque</strong></span> <span class='ocrx_word' id='word_1_584' title='bbox 539 3139 594 3178; x_wconf 87' lang='lat' dir='ltr'><strong>nen</strong></span> <span class='ocrx_word' id='word_1_585' title='bbox 612 3127 675 3176; x_wconf 90' lang='lat' dir='ltr'><strong>ante</strong></span> <span class='ocrx_word' id='word_1_586' title='bbox 692 3121 791 3190; x_wconf 89' lang='lat' dir='ltr'><strong>peremi</strong></span> <span class='ocrx_word' id='word_1_587' title='bbox 813 3127 916 3190; x_wconf 89' lang='lat' dir='ltr'><strong>potest,</strong></span> <span class='ocrx_word' id='word_1_588' title='bbox 941 3139 1020 3190; x_wconf 87' lang='lat' dir='ltr'><strong>quam</strong></span> <span class='ocrx_word' id='word_1_589' title='bbox 1037 3123 1094 3178; x_wconf 85' lang='lat' dir='ltr'><strong>dies</strong></span> <span class='ocrx_word' id='word_1_590' title='bbox 1148 3121 1247 3174; x_wconf 87' lang='lat' dir='ltr'><strong>tarium</strong></span> <span class='ocrx_word' id='word_1_591' title='bbox 1264 3121 1389 3186; x_wconf 86' lang='lat' dir='ltr'><strong>stetisset,</strong></span> <span class='ocrx_word' id='word_1_592' title='bbox 1407 3137 1460 3190; x_wconf 84' lang='lat' dir='ltr'><strong>quo</strong></span> <span class='ocrx_word' id='word_1_593' title='bbox 1478 3121 1564 3174; x_wconf 88' lang='lat' dir='ltr'><strong>miuus</strong></span> <span class='ocrx_word' id='word_1_594' title='bbox 1582 3121 1710 3184; x_wconf 87' lang='lat' dir='ltr'><strong>Stichum,</strong></span> <span class='ocrx_word' id='word_1_595' title='bbox 1728 3121 1882 3178; x_wconf 89' lang='lat' dir='ltr'><strong>cumberes</strong></span> <span class='ocrx_word' id='word_1_596' title='bbox 1900 3127 1941 3176; x_wconf 78' lang='lat' dir='ltr'><strong>tra</strong></span> 
     </span>
     <span class='ocr_line' id='line_1_41' title="bbox 285 3189 1942 3260; baseline 0 -16"><span class='ocrx_word' id='word_1_597' title='bbox 285 3195 315 3244; x_wconf 84' lang='grc' dir='ltr'><strong>ιι</strong></span> <span class='ocrx_word' id='word_1_598' title='bbox 343 3191 523 3248; x_wconf 90' lang='lat' dir='ltr'><strong>cesseriteius.</strong></span> <span class='ocrx_word' id='word_1_599' title='bbox 551 3191 658 3244; x_wconf 75' lang='lat' dir='ltr'><strong>Afibo²</strong></span> <span class='ocrx_word' id='word_1_600' title='bbox 672 3189 809 3258; x_wconf 88' lang='lat' dir='ltr'><strong>impubere</strong></span> <span class='ocrx_word' id='word_1_601' title='bbox 817 3193 921 3260; x_wconf 89' lang='lat' dir='ltr'><strong>legatus</strong></span> <span class='ocrx_word' id='word_1_602' title='bbox 935 3191 1093 3246; x_wconf 90' lang='lat' dir='ltr'><strong>etasubsti-</strong></span> <span class='ocrx_word' id='word_1_603' title='bbox 1146 3189 1210 3244; x_wconf 90' lang='lat' dir='ltr'><strong>dere</strong></span> <span class='ocrx_word' id='word_1_604' title='bbox 1226 3189 1340 3256; x_wconf 90' lang='lat' dir='ltr'><strong>volebat,</strong></span> <span class='ocrx_word' id='word_1_605' title='bbox 1359 3191 1506 3260; x_wconf 86' lang='lat' dir='ltr'><strong>acciperet,</strong></span> <span class='ocrx_word' id='word_1_606' title='bbox 1530 3193 1635 3244; x_wconf 85' lang='lat' dir='ltr'><strong>mortuo</strong></span> <span class='ocrx_word' id='word_1_607' title='bbox 1654 3189 1745 3244; x_wconf 88' lang='lat' dir='ltr'><strong>Sticho</strong></span> <span class='ocrx_word' id='word_1_608' title='bbox 1764 3205 1827 3244; x_wconf 85' lang='lat' dir='ltr'><strong>exce</strong></span> <span class='ocrx_word' id='word_1_609' title='bbox 1846 3189 1884 3244; x_wconf 88' lang='lat' dir='ltr'><strong>tio</strong></span> <span class='ocrx_word' id='word_1_610' title='bbox 1902 3189 1942 3244; x_wconf 84' lang='lat' dir='ltr'><strong>dcli</strong></span> 
     </span>
     <span class='ocr_line' id='line_1_42' title="bbox 282 3257 1941 3382; baseline -0.001 -70"><span class='ocrx_word' id='word_1_611' title='bbox 282 3265 341 3316; x_wconf 90' lang='lat' dir='ltr'><strong>tuto</strong></span> <span class='ocrx_word' id='word_1_612' title='bbox 359 3259 426 3314; x_wconf 90' lang='lat' dir='ltr'><strong>liber</strong></span> <span class='ocrx_word' id='word_1_613' title='bbox 443 3275 501 3316; x_wconf 88' lang='lat' dir='ltr'><strong>esse</strong></span> <span class='ocrx_word' id='word_1_614' title='bbox 518 3261 617 3328; x_wconf 89' lang='lat' dir='ltr'><strong>iussus,</strong></span> <span class='ocrx_word' id='word_1_615' title='bbox 644 3259 668 3314; x_wconf 88' lang='lat' dir='ltr'><strong>si</strong></span> <span class='ocrx_word' id='word_1_616' title='bbox 684 3257 789 3340; x_wconf 78' lang='lat' dir='ltr'><strong>quidem</strong></span> <span class='ocrx_word' id='word_1_617' title='bbox 806 3259 924 3382; x_wconf 55' lang='lat' dir='ltr'><strong>pupillus</strong></span> <span class='ocrx_word' id='word_1_618' title='bbox 946 3261 981 3314; x_wconf 90' lang='lat' dir='ltr'><strong>ad</strong></span> <span class='ocrx_word' id='word_1_619' title='bbox 1016 3259 1094 3316; x_wconf 89' lang='lat' dir='ltr'><strong>uber·</strong></span> <span class='ocrx_word' id='word_1_620' title='bbox 1146 3263 1161 3312; x_wconf 89' lang='grc'>4</span> <span class='ocrx_word' id='word_1_621' title='bbox 1197 3259 1361 3312; x_wconf 88' lang='lat' dir='ltr'><strong>maliheredi</strong></span> <span class='ocrx_word' id='word_1_622' title='bbox 1376 3259 1503 3328; x_wconf 90' lang='lat' dir='ltr'><strong>proderit.</strong></span> <span class='ocrx_word' id='word_1_623' title='bbox 1532 3257 1629 3322; x_wconf 85' lang='lat' dir='ltr'><strong>Aedes,</strong></span> <span class='ocrx_word' id='word_1_624' title='bbox 1648 3257 1845 3328; x_wconf 85' lang='lat' dir='ltr'><strong>quibushere&#39;</strong></span> <span class='ocrx_word' id='word_1_625' title='bbox 1875 3257 1941 3312; x_wconf 86' lang='lat' dir='ltr'><strong>aedes</strong></span> 
     </span>
     <span class='ocr_line' id='line_1_43' title="bbox 284 3327 1941 3400; baseline -0.001 -18"><span class='ocrx_word' id='word_1_626' title='bbox 284 3333 364 3382; x_wconf 90' lang='lat' dir='ltr'><strong>tatem</strong></span> <span class='ocrx_word' id='word_1_627' title='bbox 381 3329 538 3400; x_wconf 88' lang='lat' dir='ltr'><strong>pervenerit,</strong></span> <span class='ocrx_word' id='word_1_628' title='bbox 556 3329 591 3384; x_wconf 90' lang='lat' dir='ltr'><strong>ab</strong></span> <span class='ocrx_word' id='word_1_629' title='bbox 610 3345 641 3384; x_wconf 92' lang='lat' dir='ltr'><strong>eo</strong></span> <span class='ocrx_word' id='word_1_630' title='bbox 659 3345 702 3384; x_wconf 86' lang='lat' dir='ltr'><strong>eur</strong></span> <span class='ocrx_word' id='word_1_631' title='bbox 724 3327 825 3396; x_wconf 88' lang='lat' dir='ltr'><strong>legatus</strong></span> <span class='ocrx_word' id='word_1_632' title='bbox 855 3333 933 3382; x_wconf 89' lang='lat' dir='ltr'><strong>uerat</strong></span> <span class='ocrx_word' id='word_1_633' title='bbox 949 3329 992 3382; x_wconf 89' lang='lat' dir='ltr'><strong>vin</strong></span> <span class='ocrx_word' id='word_1_634' title='bbox 1013 3329 1094 3382; x_wconf 88' lang='lat' dir='ltr'><strong>&#39;cabi-</strong></span> <span class='ocrx_word' id='word_1_635' title='bbox 1146 3327 1304 3394; x_wconf 87' lang='lat' dir='ltr'><strong>serviebant,</strong></span> <span class='ocrx_word' id='word_1_636' title='bbox 1322 3328 1426 3396; x_wconf 88' lang='lat' dir='ltr'><strong>legatae</strong></span> <span class='ocrx_word' id='word_1_637' title='bbox 1442 3331 1506 3382; x_wconf 87' lang='lat' dir='ltr'><strong>sunt</strong></span> <span class='ocrx_word' id='word_1_638' title='bbox 1522 3327 1638 3382; x_wconf 79' lang='lat' dir='ltr'><strong>haditae</strong></span> <span class='ocrx_word' id='word_1_639' title='bbox 1654 3327 1780 3396; x_wconf 86' lang='lat' dir='ltr'><strong>legatario</strong></span> <span class='ocrx_word' id='word_1_640' title='bbox 1799 3343 1854 3382; x_wconf 88' lang='lat' dir='ltr'><strong>non</strong></span> <span class='ocrx_word' id='word_1_641' title='bbox 1870 3327 1941 3396; x_wconf 89' lang='lat' dir='ltr'><strong>impe·</strong></span> 
     </span>
     <span class='ocr_line' id='line_1_44' title="bbox 283 3395 1941 3468; baseline -0.001 -18"><span class='ocrx_word' id='word_1_642' title='bbox 283 3405 340 3452; x_wconf 83' lang='lat' dir='ltr'><strong>tur:</strong></span> <span class='ocrx_word' id='word_1_643' title='bbox 366 3403 470 3452; x_wconf 90' lang='lat' dir='ltr'><strong>mortuo</strong></span> <span class='ocrx_word' id='word_1_644' title='bbox 492 3413 555 3453; x_wconf 89' lang='lat' dir='ltr'><strong>vero</strong></span> <span class='ocrx_word' id='word_1_645' title='bbox 579 3397 681 3468; x_wconf 86' lang='lat' dir='ltr'><strong>pupillo</strong></span> <span class='ocrx_word' id='word_1_646' title='bbox 705 3397 814 3452; x_wconf 89' lang='lat' dir='ltr'><strong>libertas</strong></span> <span class='ocrx_word' id='word_1_647' title='bbox 839 3397 974 3466; x_wconf 87' lang='lat' dir='ltr'><strong>competit.</strong></span> <span class='ocrx_word' id='word_1_648' title='bbox 1016 3397 1095 3466; x_wconf 87' lang='lat' dir='ltr'><strong>longe</strong></span> <span class='ocrx_word' id='word_1_649' title='bbox 1146 3397 1199 3452; x_wconf 89' lang='lat' dir='ltr'><strong>sita</strong></span> <span class='ocrx_word' id='word_1_650' title='bbox 1216 3397 1350 3452; x_wconf 75' lang='lat' dir='ltr'><strong>servitute.</strong></span> <span class='ocrx_word' id='word_1_651' title='bbox 1391 3395 1446 3450; x_wconf 80' lang='lat' dir='ltr'><strong>dini</strong></span> <span class='ocrx_word' id='word_1_652' title='bbox 1462 3411 1542 3466; x_wconf 90' lang='lat' dir='ltr'><strong>posse</strong></span> <span class='ocrx_word' id='word_1_653' title='bbox 1566 3397 1723 3464; x_wconf 88' lang='lat' dir='ltr'><strong>legatarium</strong></span> <span class='ocrx_word' id='word_1_654' title='bbox 1747 3411 1779 3450; x_wconf 83' lang='lat' dir='ltr'><strong>ex</strong></span> <span class='ocrx_word' id='word_1_655' title='bbox 1796 3399 1941 3450; x_wconf 89' lang='lat' dir='ltr'><strong>testamento</strong></span> 
     </span>
     <span class='ocr_line' id='line_1_45' title="bbox 282 3465 1941 3534; baseline -0.002 -14"><span class='ocrx_word' id='word_1_656' title='bbox 282 3465 366 3532; x_wconf 89' lang='lat' dir='ltr'><strong>magis</strong></span> <span class='ocrx_word' id='word_1_657' title='bbox 382 3467 433 3520; x_wconf 94' lang='lat' dir='ltr'><strong>hoc</strong></span> <span class='ocrx_word' id='word_1_658' title='bbox 451 3467 552 3520; x_wconf 88' lang='lat' dir='ltr'><strong>servari</strong></span> <span class='ocrx_word' id='word_1_659' title='bbox 569 3467 715 3532; x_wconf 88' lang='lat' dir='ltr'><strong>conveniet,</strong></span> <span class='ocrx_word' id='word_1_660' title='bbox 734 3465 756 3520; x_wconf 91' lang='lat' dir='ltr'><strong>si</strong></span> <span class='ocrx_word' id='word_1_661' title='bbox 772 3465 842 3520; x_wconf 89' lang='lat' dir='ltr'><strong>idem</strong></span> <span class='ocrx_word' id='word_1_662' title='bbox 858 3481 950 3522; x_wconf 87' lang='lat' dir='ltr'><strong>servus</strong></span> <span class='ocrx_word' id='word_1_663' title='bbox 962 3467 1012 3522; x_wconf 92' lang='lat' dir='ltr'><strong>sub</strong></span> <span class='ocrx_word' id='word_1_664' title='bbox 1030 3483 1094 3520; x_wconf 82' lang='lat' dir='ltr'><strong>con·</strong></span> <span class='ocrx_word' id='word_1_665' title='bbox 1146 3481 1233 3534; x_wconf 87' lang='lat' dir='ltr'><strong>agere,</strong></span> <span class='ocrx_word' id='word_1_666' title='bbox 1252 3465 1314 3534; x_wconf 87' lang='lat' dir='ltr'><strong>qnia</strong></span> <span class='ocrx_word' id='word_1_667' title='bbox 1330 3481 1385 3518; x_wconf 88' lang='lat' dir='ltr'><strong>non</strong></span> <span class='ocrx_word' id='word_1_668' title='bbox 1401 3465 1509 3534; x_wconf 88' lang='lat' dir='ltr'><strong>plenum</strong></span> <span class='ocrx_word' id='word_1_669' title='bbox 1526 3465 1641 3532; x_wconf 87' lang='lat' dir='ltr'><strong>legatum</strong></span> <span class='ocrx_word' id='word_1_670' title='bbox 1664 3465 1825 3534; x_wconf 83' lang='lat' dir='ltr'><strong>accepissetr</strong></span> <span class='ocrx_word' id='word_1_671' title='bbox 1850 3467 1941 3518; x_wconf 88' lang='lat' dir='ltr'><strong>namet</strong></span> 
     </span>
     <span class='ocr_line' id='line_1_46' title="bbox 283 3533 1941 3614; baseline 0.001 -28"><span class='ocrx_word' id='word_1_672' title='bbox 283 3535 387 3590; x_wconf 70' lang='lat' dir='ltr'><strong>dicium</strong></span> <span class='ocrx_word' id='word_1_673' title='bbox 405 3535 438 3588; x_wconf 90' lang='lat' dir='ltr'><strong>ab</strong></span> <span class='ocrx_word' id='word_1_674' title='bbox 456 3535 594 3614; x_wconf 83' lang='lat' dir='ltr'><strong>impubere</strong></span> <span class='ocrx_word' id='word_1_675' title='bbox 611 3535 714 3604; x_wconf 81' lang='lat' dir='ltr'><strong>legatus</strong></span> <span class='ocrx_word' id='word_1_676' title='bbox 740 3535 821 3590; x_wconf 88' lang='lat' dir='ltr'><strong>fuerit</strong></span> <span class='ocrx_word' id='word_1_677' title='bbox 839 3541 864 3590; x_wconf 90' lang='lat' dir='ltr'><strong>et</strong></span> <span class='ocrx_word' id='word_1_678' title='bbox 880 3535 1012 3604; x_wconf 87' lang='lat' dir='ltr'><strong>pendente</strong></span> <span class='ocrx_word' id='word_1_679' title='bbox 1029 3553 1094 3592; x_wconf 83' lang='lat' dir='ltr'><strong>con·</strong></span> <span class='ocrx_word' id='word_1_680' title='bbox 1146 3549 1220 3598; x_wconf 91' lang='lat' dir='ltr'><strong>eum,</strong></span> <span class='ocrx_word' id='word_1_681' title='bbox 1245 3535 1290 3602; x_wconf 88' lang='lat' dir='ltr'><strong>qui</strong></span> <span class='ocrx_word' id='word_1_682' title='bbox 1313 3533 1478 3588; x_wconf 88' lang='lat' dir='ltr'><strong>debilitatum</strong></span> <span class='ocrx_word' id='word_1_683' title='bbox 1503 3535 1537 3588; x_wconf 90' lang='lat' dir='ltr'><strong>ab</strong></span> <span class='ocrx_word' id='word_1_684' title='bbox 1560 3533 1659 3588; x_wconf 90' lang='lat' dir='ltr'><strong>herede</strong></span> <span class='ocrx_word' id='word_1_685' title='bbox 1684 3547 1788 3588; x_wconf 86' lang='lat' dir='ltr'><strong>servum</strong></span> <span class='ocrx_word' id='word_1_686' title='bbox 1814 3533 1941 3602; x_wconf 81' lang='lat' dir='ltr'><strong>acceperit</strong></span> 
     </span>
     <span class='ocr_line' id='line_1_47' title="bbox 284 3601 1941 3672; baseline -0.001 -16"><span class='ocrx_word' id='word_1_687' title='bbox 284 3603 388 3656; x_wconf 88' lang='lat' dir='ltr'><strong>dicione</strong></span> <span class='ocrx_word' id='word_1_688' title='bbox 405 3603 475 3656; x_wconf 85' lang='lat' dir='ltr'><strong>iilius</strong></span> <span class='ocrx_word' id='word_1_689' title='bbox 493 3607 564 3656; x_wconf 84' lang='lat' dir='ltr'><strong>rutra</strong></span> <span class='ocrx_word' id='word_1_690' title='bbox 580 3603 748 3672; x_wconf 87' lang='lat' dir='ltr'><strong>pubertatem</strong></span> <span class='ocrx_word' id='word_1_691' title='bbox 767 3603 918 3658; x_wconf 90' lang='lat' dir='ltr'><strong>decesserit.</strong></span> <span class='ocrx_word' id='word_1_692' title='bbox 1146 3607 1161 3656; x_wconf 86' lang='lat'>5</span> <span class='ocrx_word' id='word_1_693' title='bbox 1197 3607 1269 3658; x_wconf 91' lang='lat' dir='ltr'><strong>recte</strong></span> <span class='ocrx_word' id='word_1_694' title='bbox 1282 3607 1482 3658; x_wconf 86' lang='lat' dir='ltr'><strong>extestamento</strong></span> <span class='ocrx_word' id='word_1_695' title='bbox 1495 3617 1581 3672; x_wconf 88' lang='lat' dir='ltr'><strong>agere.</strong></span> <span class='ocrx_word' id='word_1_696' title='bbox 1613 3601 1782 3672; x_wconf 74' lang='lat' dir='ltr'><strong>Quiservum</strong></span> <span class='ocrx_word' id='word_1_697' title='bbox 1796 3607 1941 3658; x_wconf 86' lang='lat' dir='ltr'><strong>testamento</strong></span> 
     </span>
     <span class='ocr_line' id='line_1_48' title="bbox 318 3667 1941 3744; baseline -0.005 -14"><span class='ocrx_word' id='word_1_698' title='bbox 318 3667 358 3730; x_wconf 84' lang='grc'><strong>82</strong></span> <span class='ocrx_word' id='word_1_699' title='bbox 375 3671 456 3724; x_wconf 77' lang='lat' dir='ltr'><strong>lbere</strong></span> <span class='ocrx_word' id='word_1_700' title='bbox 477 3669 545 3726; x_wconf 80' lang='lat' dir='ltr'><strong>libre</strong></span> <span class='ocrx_word' id='word_1_701' title='bbox 569 3671 607 3724; x_wconf 83' lang='lat' dir='ltr'><strong>tri</strong></span> <span class='ocrx_word' id='word_1_702' title='bbox 625 3673 707 3724; x_wconf 82' lang='lat' dir='ltr'><strong>asima</strong></span> <span class='ocrx_word' id='word_1_703' title='bbox 731 3673 809 3726; x_wconf 80' lang='lat' dir='ltr'><strong>tertio</strong></span> <span class='ocrx_word' id='word_1_704' title='bbox 836 3673 998 3744; x_wconf 77' lang='lat' dir='ltr'><strong>clipeatorum</strong></span> <span class='ocrx_word' id='word_1_705' title='bbox 1032 3671 1095 3728; x_wconf 84' lang='lat' dir='ltr'><strong>Non</strong></span> <span class='ocrx_word' id='word_1_706' title='bbox 1147 3671 1199 3724; x_wconf 90' lang='lat' dir='ltr'><strong>sibi</strong></span> <span class='ocrx_word' id='word_1_707' title='bbox 1215 3671 1339 3740; x_wconf 87' lang='lat' dir='ltr'><strong>legatum,</strong></span> <span class='ocrx_word' id='word_1_708' title='bbox 1357 3671 1484 3740; x_wconf 88' lang='lat' dir='ltr'><strong>ignorans</strong></span> <span class='ocrx_word' id='word_1_709' title='bbox 1502 3685 1562 3724; x_wconf 91' lang='lat' dir='ltr'><strong>eum</strong></span> <span class='ocrx_word' id='word_1_710' title='bbox 1580 3671 1631 3726; x_wconf 91' lang='lat' dir='ltr'><strong>sibi</strong></span> <span class='ocrx_word' id='word_1_711' title='bbox 1646 3673 1777 3740; x_wconf 88' lang='lat' dir='ltr'><strong>legatum,</strong></span> <span class='ocrx_word' id='word_1_712' title='bbox 1802 3671 1836 3726; x_wconf 88' lang='lat' dir='ltr'><strong>ab</strong></span> <span class='ocrx_word' id='word_1_713' title='bbox 1859 3669 1941 3726; x_wconf 84' lang='lat' dir='ltr'><strong>herede</strong></span> 
     </span>
     <span class='ocr_line' id='line_1_49' title="bbox 283 3687 1941 3862; baseline -0.001 -68"><span class='ocrx_word' id='word_1_714' title='bbox 283 3755 449 3862; x_wconf 52' lang='lat' dir='ltr'><strong>{uocumque</strong></span> <span class='ocrx_word' id='word_1_715' title='bbox 467 3739 547 3794; x_wconf 89' lang='lat' dir='ltr'><strong>modo</strong></span> <span class='ocrx_word' id='word_1_716' title='bbox 565 3739 588 3794; x_wconf 90' lang='lat' dir='ltr'><strong>si</strong></span> <span class='ocrx_word' id='word_1_717' title='bbox 604 3687 725 3808; x_wconf 69' lang='lat' dir='ltr'><strong>iegatarii</strong></span> <span class='ocrx_word' id='word_1_718' title='bbox 740 3757 784 3796; x_wconf 90' lang='lat' dir='ltr'><strong>res</strong></span> <span class='ocrx_word' id='word_1_719' title='bbox 800 3739 876 3796; x_wconf 84' lang='lat' dir='ltr'><strong>iacta</strong></span> <span class='ocrx_word' id='word_1_720' title='bbox 893 3739 973 3794; x_wconf 84' lang='lat' dir='ltr'><strong>fuerit</strong></span> <span class='ocrx_word' id='word_1_721' title='bbox 990 3739 1033 3796; x_wconf 89' lang='lat' dir='ltr'><strong>die</strong></span> <span class='ocrx_word' id='word_1_722' title='bbox 1050 3757 1093 3796; x_wconf 90' lang='lat' dir='ltr'><strong>oc·</strong></span> <span class='ocrx_word' id='word_1_723' title='bbox 1147 3739 1224 3806; x_wconf 90' lang='lat' dir='ltr'><strong>emit,</strong></span> <span class='ocrx_word' id='word_1_724' title='bbox 1250 3739 1273 3794; x_wconf 92' lang='lat' dir='ltr'><strong>si</strong></span> <span class='ocrx_word' id='word_1_725' title='bbox 1290 3739 1395 3808; x_wconf 85' lang='lat' dir='ltr'><strong>cognito</strong></span> <span class='ocrx_word' id='word_1_726' title='bbox 1413 3739 1501 3808; x_wconf 88' lang='lat' dir='ltr'><strong>legato</strong></span> <span class='ocrx_word' id='word_1_727' title='bbox 1520 3753 1552 3794; x_wconf 86' lang='grc' dir='ltr'><strong>ιιι</strong></span> <span class='ocrx_word' id='word_1_728' title='bbox 1568 3745 1727 3794; x_wconf 90' lang='lat' dir='ltr'><strong>testamento</strong></span> <span class='ocrx_word' id='word_1_729' title='bbox 1751 3739 1834 3808; x_wconf 89' lang='lat' dir='ltr'><strong>egerit</strong></span> <span class='ocrx_word' id='word_1_730' title='bbox 1857 3745 1884 3794; x_wconf 93' lang='lat' dir='ltr'><strong>et</strong></span> <span class='ocrx_word' id='word_1_731' title='bbox 1901 3753 1941 3794; x_wconf 83' lang='lat' dir='ltr'><strong>ser·</strong></span> 
     </span>
     <span class='ocr_line' id='line_1_50' title="bbox 302 3805 1941 3878; baseline 0 -16"><span class='ocrx_word' id='word_1_732' title='bbox 302 3813 371 3874; x_wconf 90' lang='lat' dir='ltr'><strong>ente,</strong></span> <span class='ocrx_word' id='word_1_733' title='bbox 383 3807 507 3878; x_wconf 87' lang='lat' dir='ltr'><strong>obligatio</strong></span> <span class='ocrx_word' id='word_1_734' title='bbox 519 3807 600 3876; x_wconf 87' lang='lat' dir='ltr'><strong>legati</strong></span> <span class='ocrx_word' id='word_1_735' title='bbox 613 3807 796 3876; x_wconf 85' lang='lat' dir='ltr'><strong>exstinguitur,</strong></span> <span class='ocrx_word' id='word_1_736' title='bbox 810 3809 857 3864; x_wconf 91' lang='lat' dir='ltr'><strong>sed</strong></span> <span class='ocrx_word' id='word_1_737' title='bbox 865 3809 912 3874; x_wconf 87' lang='lat' dir='ltr'><strong>ita,</strong></span> <span class='ocrx_word' id='word_1_738' title='bbox 921 3809 944 3862; x_wconf 88' lang='lat' dir='ltr'><strong>si</strong></span> <span class='ocrx_word' id='word_1_739' title='bbox 953 3823 983 3864; x_wconf 93' lang='lat' dir='ltr'><strong>eo</strong></span> <span class='ocrx_word' id='word_1_740' title='bbox 995 3809 1095 3864; x_wconf 84' lang='lat' dir='ltr'><strong>modo³</strong></span> <span class='ocrx_word' id='word_1_741' title='bbox 1146 3823 1208 3862; x_wconf 89' lang='lat' dir='ltr'><strong>vum</strong></span> <span class='ocrx_word' id='word_1_742' title='bbox 1225 3807 1366 3876; x_wconf 87' lang='lat' dir='ltr'><strong>acceperit,</strong></span> <span class='ocrx_word' id='word_1_743' title='bbox 1384 3809 1491 3862; x_wconf 88' lang='lat' dir='ltr'><strong>actione</strong></span> <span class='ocrx_word' id='word_1_744' title='bbox 1508 3823 1540 3862; x_wconf 89' lang='grc' dir='ltr'><strong>ιι</strong></span> <span class='ocrx_word' id='word_1_745' title='bbox 1552 3809 1659 3862; x_wconf 88' lang='lat' dir='ltr'><strong>vendito</strong></span> <span class='ocrx_word' id='word_1_746' title='bbox 1672 3809 1774 3862; x_wconf 90' lang='lat' dir='ltr'><strong>absolvi</strong></span> <span class='ocrx_word' id='word_1_747' title='bbox 1788 3807 1876 3874; x_wconf 89' lang='lat' dir='ltr'><strong>debet,</strong></span> <span class='ocrx_word' id='word_1_748' title='bbox 1910 3805 1941 3862; x_wconf 82' lang='lat' dir='ltr'><strong>uia</strong></span> 
     </span>
     <span class='ocr_line' id='line_1_51' title="bbox 281 3827 1941 3952; baseline 0 -22"><span class='ocrx_word' id='word_1_749' title='bbox 281 3877 441 3944; x_wconf 88' lang='lat' dir='ltr'><strong>fueriteius‚</strong></span> <span class='ocrx_word' id='word_1_750' title='bbox 460 3893 513 3946; x_wconf 89' lang='lat' dir='ltr'><strong>quo</strong></span> <span class='ocrx_word' id='word_1_751' title='bbox 527 3877 669 3932; x_wconf 89' lang='lat' dir='ltr'><strong>avellinen</strong></span> <span class='ocrx_word' id='word_1_752' title='bbox 681 3877 774 3946; x_wconf 86' lang='lat' dir='ltr'><strong>possit.</strong></span> <span class='ocrx_word' id='word_1_753' title='bbox 803 3893 935 3948; x_wconf 88' lang='lat' dir='ltr'><strong>ponamus</strong></span> <span class='ocrx_word' id='word_1_754' title='bbox 949 3895 1012 3944; x_wconf 87' lang='lat' dir='ltr'><strong>rem,</strong></span> <span class='ocrx_word' id='word_1_755' title='bbox 1026 3895 1095 3946; x_wconf 88' lang='lat' dir='ltr'><strong>quae</strong></span> <span class='ocrx_word' id='word_1_756' title='bbox 1145 3877 1198 3952; x_wconf 82' lang='lat' dir='ltr'><strong>hoe</strong></span> <span class='ocrx_word' id='word_1_757' title='bbox 1215 3877 1341 3930; x_wconf 88' lang='lat' dir='ltr'><strong>iudicium</strong></span> <span class='ocrx_word' id='word_1_758' title='bbox 1358 3875 1422 3932; x_wconf 86' lang='lat' dir='ltr'><strong>fidei</strong></span> <span class='ocrx_word' id='word_1_759' title='bbox 1437 3876 1525 3932; x_wconf 90' lang='lat' dir='ltr'><strong>bonae</strong></span> <span class='ocrx_word' id='word_1_760' title='bbox 1547 3883 1588 3932; x_wconf 89' lang='lat' dir='ltr'><strong>est</strong></span> <span class='ocrx_word' id='word_1_761' title='bbox 1614 3883 1641 3930; x_wconf 95' lang='lat' dir='ltr'><strong>et</strong></span> <span class='ocrx_word' id='word_1_762' title='bbox 1658 3877 1776 3932; x_wconf 90' lang='lat' dir='ltr'><strong>continet</strong></span> <span class='ocrx_word' id='word_1_763' title='bbox 1798 3877 1826 3930; x_wconf 93' lang='lat' dir='ltr'><strong>in</strong></span> <span class='ocrx_word' id='word_1_764' title='bbox 1850 3893 1879 3932; x_wconf 93' lang='lat' dir='ltr'><strong>se</strong></span> <span class='ocrx_word' id='word_1_765' title='bbox 1894 3827 1941 3930; x_wconf 56' lang='lat' dir='ltr'><strong>bot</strong></span> 
     </span>
     <span class='ocr_line' id='line_1_52' title="bbox 281 3945 1941 4016; baseline 0.001 -18"><span class='ocrx_word' id='word_1_766' title='bbox 281 3945 346 3998; x_wconf 88' lang='lat' dir='ltr'><strong>mihi</strong></span> <span class='ocrx_word' id='word_1_767' title='bbox 363 3961 430 4014; x_wconf 90' lang='lat' dir='ltr'><strong>pure</strong></span> <span class='ocrx_word' id='word_1_768' title='bbox 447 3945 535 4014; x_wconf 91' lang='lat' dir='ltr'><strong>legata</strong></span> <span class='ocrx_word' id='word_1_769' title='bbox 552 3947 595 4012; x_wconf 88' lang='lat' dir='ltr'><strong>sit,</strong></span> <span class='ocrx_word' id='word_1_770' title='bbox 614 3945 735 4016; x_wconf 90' lang='lat' dir='ltr'><strong>accipere</strong></span> <span class='ocrx_word' id='word_1_771' title='bbox 745 3961 788 4002; x_wconf 89' lang='lat' dir='ltr'><strong>me</strong></span> <span class='ocrx_word' id='word_1_772' title='bbox 800 3961 850 4016; x_wconf 89' lang='lat' dir='ltr'><strong>per</strong></span> <span class='ocrx_word' id='word_1_773' title='bbox 866 3947 1035 4002; x_wconf 74' lang='lat' dir='ltr'><strong>baddonem</strong></span> <span class='ocrx_word' id='word_1_774' title='bbox 1052 3947 1095 4000; x_wconf 90' lang='lat' dir='ltr'><strong>die</strong></span> <span class='ocrx_word' id='word_1_775' title='bbox 1145 3945 1210 3998; x_wconf 88' lang='lat' dir='ltr'><strong>mali</strong></span> <span class='ocrx_word' id='word_1_776' title='bbox 1227 3945 1417 4012; x_wconf 82' lang='lat' dir='ltr'><strong>exceptionem.</strong></span> <span class='ocrx_word' id='word_1_777' title='bbox 1457 3945 1530 4014; x_wconf 87' lang='lat' dir='ltr'><strong>qnod</strong></span> <span class='ocrx_word' id='word_1_778' title='bbox 1555 3945 1578 4000; x_wconf 90' lang='lat' dir='ltr'><strong>si</strong></span> <span class='ocrx_word' id='word_1_779' title='bbox 1594 3945 1679 4014; x_wconf 86' lang='lat' dir='ltr'><strong>pretio</strong></span> <span class='ocrx_word' id='word_1_780' title='bbox 1703 3947 1791 4000; x_wconf 90' lang='lat' dir='ltr'><strong>soluto</strong></span> <span class='ocrx_word' id='word_1_781' title='bbox 1815 3961 1848 4000; x_wconf 83' lang='grc' dir='ltr'><strong>ιι</strong></span> <span class='ocrx_word' id='word_1_782' title='bbox 1873 3951 1941 4000; x_wconf 80' lang='lat' dir='ltr'><strong>testa·</strong></span> 
     </span>
     <span class='ocr_line' id='line_1_53' title="bbox 282 4013 1941 4084; baseline 0.001 -18"><span class='ocrx_word' id='word_1_783' title='bbox 282 4015 363 4082; x_wconf 89' lang='lat' dir='ltr'><strong>legati</strong></span> <span class='ocrx_word' id='word_1_784' title='bbox 380 4015 490 4070; x_wconf 91' lang='lat' dir='ltr'><strong>cedente</strong></span> <span class='ocrx_word' id='word_1_785' title='bbox 508 4015 543 4068; x_wconf 88' lang='lat' dir='ltr'><strong>ab</strong></span> <span class='ocrx_word' id='word_1_786' title='bbox 561 4029 592 4068; x_wconf 91' lang='lat' dir='ltr'><strong>eo</strong></span> <span class='ocrx_word' id='word_1_787' title='bbox 610 4015 722 4078; x_wconf 87' lang='lat' dir='ltr'><strong>herede,</strong></span> <span class='ocrx_word' id='word_1_788' title='bbox 746 4031 764 4068; x_wconf 90' lang='lat' dir='ltr'><strong>a</strong></span> <span class='ocrx_word' id='word_1_789' title='bbox 781 4031 834 4084; x_wconf 88' lang='lat' dir='ltr'><strong>quo</strong></span> <span class='ocrx_word' id='word_1_790' title='bbox 853 4015 944 4070; x_wconf 90' lang='lat' dir='ltr'><strong>eadem</strong></span> <span class='ocrx_word' id='word_1_791' title='bbox 962 4015 1011 4070; x_wconf 91' lang='lat' dir='ltr'><strong>sub</strong></span> <span class='ocrx_word' id='word_1_792' title='bbox 1031 4031 1094 4070; x_wconf 84' lang='lat' dir='ltr'><strong>con·</strong></span> <span class='ocrx_word' id='word_1_793' title='bbox 1146 4019 1235 4068; x_wconf 88' lang='lat' dir='ltr'><strong>mento</strong></span> <span class='ocrx_word' id='word_1_794' title='bbox 1254 4029 1332 4082; x_wconf 90' lang='lat' dir='ltr'><strong>agere</strong></span> <span class='ocrx_word' id='word_1_795' title='bbox 1355 4013 1512 4078; x_wconf 87' lang='lat' dir='ltr'><strong>instituerit,</strong></span> <span class='ocrx_word' id='word_1_796' title='bbox 1536 4013 1668 4068; x_wconf 89' lang='lat' dir='ltr'><strong>hominem</strong></span> <span class='ocrx_word' id='word_1_797' title='bbox 1691 4013 1818 4082; x_wconf 87' lang='lat' dir='ltr'><strong>consequi</strong></span> <span class='ocrx_word' id='word_1_798' title='bbox 1841 4013 1941 4070; x_wconf 84' lang='lat' dir='ltr'><strong>debebit</strong></span> 
     </span>
     <span class='ocr_line' id='line_1_54' title="bbox 282 4081 1941 4152; baseline -0.002 -16"><span class='ocrx_word' id='word_1_799' title='bbox 282 4081 387 4136; x_wconf 87' lang='lat' dir='ltr'><strong>dicione</strong></span> <span class='ocrx_word' id='word_1_800' title='bbox 404 4083 455 4136; x_wconf 62' lang='lat' dir='ltr'><strong>alii,</strong></span> <span class='ocrx_word' id='word_1_801' title='bbox 467 4083 555 4150; x_wconf 87' lang='lat' dir='ltr'><strong>legata</strong></span> <span class='ocrx_word' id='word_1_802' title='bbox 566 4081 662 4138; x_wconf 84' lang='lat' dir='ltr'><strong>fuerit:</strong></span> <span class='ocrx_word' id='word_1_803' title='bbox 676 4099 770 4152; x_wconf 89' lang='lat' dir='ltr'><strong>nempe</strong></span> <span class='ocrx_word' id='word_1_804' title='bbox 787 4099 864 4152; x_wconf 87' lang='lat' dir='ltr'><strong>agam</strong></span> <span class='ocrx_word' id='word_1_805' title='bbox 876 4101 909 4138; x_wconf 84' lang='grc' dir='ltr'><strong>ιι</strong></span> <span class='ocrx_word' id='word_1_806' title='bbox 926 4089 1094 4150; x_wconf 89' lang='lat' dir='ltr'><strong>testamento,</strong></span> <span class='ocrx_word' id='word_1_807' title='bbox 1146 4081 1255 4138; x_wconf 89' lang='lat' dir='ltr'><strong>actione</strong></span> <span class='ocrx_word' id='word_1_808' title='bbox 1272 4097 1305 4136; x_wconf 87' lang='lat' dir='ltr'><strong>ex</strong></span> <span class='ocrx_word' id='word_1_809' title='bbox 1323 4087 1411 4150; x_wconf 88' lang='lat' dir='ltr'><strong>empto</strong></span> <span class='ocrx_word' id='word_1_810' title='bbox 1423 4081 1539 4150; x_wconf 88' lang='lat' dir='ltr'><strong>pretium</strong></span> <span class='ocrx_word' id='word_1_811' title='bbox 1553 4081 1719 4152; x_wconf 89' lang='lat' dir='ltr'><strong>reciperabit,</strong></span> <span class='ocrx_word' id='word_1_812' title='bbox 1738 4081 1941 4150; x_wconf 81' lang='lat' dir='ltr'><strong>quemadmodum</strong></span> 
     </span>
     <span class='ocr_line' id='line_1_55' title="bbox 283 4147 1940 4222; baseline -0.002 -18"><span class='ocrx_word' id='word_1_813' title='bbox 283 4151 345 4220; x_wconf 89' lang='lat' dir='ltr'><strong>quia</strong></span> <span class='ocrx_word' id='word_1_814' title='bbox 362 4151 385 4204; x_wconf 91' lang='lat' dir='ltr'><strong>is</strong></span> <span class='ocrx_word' id='word_1_815' title='bbox 404 4157 490 4204; x_wconf 90' lang='lat' dir='ltr'><strong>status</strong></span> <span class='ocrx_word' id='word_1_816' title='bbox 509 4155 550 4204; x_wconf 91' lang='lat' dir='ltr'><strong>est</strong></span> <span class='ocrx_word' id='word_1_817' title='bbox 568 4151 638 4216; x_wconf 89' lang='lat' dir='ltr'><strong>eins,</strong></span> <span class='ocrx_word' id='word_1_818' title='bbox 662 4157 693 4204; x_wconf 87' lang='lat' dir='ltr'><strong>ut</strong></span> <span class='ocrx_word' id='word_1_819' title='bbox 716 4153 845 4208; x_wconf 82' lang='lat' dir='ltr'><strong>existente</strong></span> <span class='ocrx_word' id='word_1_820' title='bbox 868 4153 1023 4208; x_wconf 86' lang='lat' dir='ltr'><strong>condicione</strong></span> <span class='ocrx_word' id='word_1_821' title='bbox 1040 4153 1095 4208; x_wconf 91' lang='lat' dir='ltr'><strong>dis·</strong></span> <span class='ocrx_word' id='word_1_822' title='bbox 1145 4151 1316 4222; x_wconf 89' lang='lat' dir='ltr'><strong>reciperarat,</strong></span> <span class='ocrx_word' id='word_1_823' title='bbox 1334 4149 1358 4204; x_wconf 93' lang='lat' dir='ltr'><strong>si</strong></span> <span class='ocrx_word' id='word_1_824' title='bbox 1374 4151 1453 4204; x_wconf 89' lang='lat' dir='ltr'><strong>homo</strong></span> <span class='ocrx_word' id='word_1_825' title='bbox 1472 4151 1573 4206; x_wconf 88' lang='lat' dir='ltr'><strong>evictus</strong></span> <span class='ocrx_word' id='word_1_826' title='bbox 1590 4149 1692 4206; x_wconf 79' lang='lat' dir='ltr'><strong>finisset.</strong></span> <span class='ocrx_word' id='word_1_827' title='bbox 1730 4151 1801 4220; x_wconf 88' lang='lat' dir='ltr'><strong>quod</strong></span> <span class='ocrx_word' id='word_1_828' title='bbox 1818 4149 1841 4204; x_wconf 93' lang='lat' dir='ltr'><strong>si</strong></span> <span class='ocrx_word' id='word_1_829' title='bbox 1857 4147 1940 4206; x_wconf 82' lang='lat' dir='ltr'><strong>iudicio</strong></span> 
     </span>
     <span class='ocr_line' id='line_1_56' title="bbox 284 4219 1940 4292; baseline -0.002 -18"><span class='ocrx_word' id='word_1_830' title='bbox 284 4235 421 4274; x_wconf 89' lang='lat' dir='ltr'><strong>cessurum</strong></span> <span class='ocrx_word' id='word_1_831' title='bbox 438 4221 474 4274; x_wconf 92' lang='lat' dir='ltr'><strong>sit</strong></span> <span class='ocrx_word' id='word_1_832' title='bbox 491 4235 507 4272; x_wconf 91' lang='lat' dir='ltr'><strong>a</strong></span> <span class='ocrx_word' id='word_1_833' title='bbox 524 4235 567 4272; x_wconf 89' lang='lat' dir='ltr'><strong>me</strong></span> <span class='ocrx_word' id='word_1_834' title='bbox 581 4219 735 4276; x_wconf 87' lang='lat' dir='ltr'><strong>dominium.</strong></span> <span class='ocrx_word' id='word_1_835' title='bbox 770 4235 832 4274; x_wconf 86' lang='lat' dir='ltr'><strong>nam</strong></span> <span class='ocrx_word' id='word_1_836' title='bbox 849 4227 876 4276; x_wconf 93' lang='lat' dir='ltr'><strong>et</strong></span> <span class='ocrx_word' id='word_1_837' title='bbox 893 4223 917 4276; x_wconf 91' lang='lat' dir='ltr'><strong>si</strong></span> <span class='ocrx_word' id='word_1_838' title='bbox 934 4239 966 4276; x_wconf 85' lang='lat' dir='ltr'><strong>ex</strong></span> <span class='ocrx_word' id='word_1_839' title='bbox 983 4221 1093 4292; x_wconf 89' lang='lat' dir='ltr'><strong>stipula·</strong></span> <span class='ocrx_word' id='word_1_840' title='bbox 1147 4235 1180 4274; x_wconf 89' lang='grc' dir='ltr'><strong>ιι</strong></span> <span class='ocrx_word' id='word_1_841' title='bbox 1199 4219 1320 4288; x_wconf 72' lang='lat' dir='ltr'><strong>empto12</strong></span> <span class='ocrx_word' id='word_1_842' title='bbox 1337 4223 1428 4274; x_wconf 88' lang='lat' dir='ltr'><strong>actum</strong></span> <span class='ocrx_word' id='word_1_843' title='bbox 1439 4219 1559 4274; x_wconf 85' lang='lat' dir='ltr'><strong>fueritet</strong></span> <span class='ocrx_word' id='word_1_844' title='bbox 1575 4225 1641 4274; x_wconf 91' lang='lat' dir='ltr'><strong>tunc</strong></span> <span class='ocrx_word' id='word_1_845' title='bbox 1654 4219 1901 4288; x_wconf 87' lang='lat' dir='ltr'><strong>actcrcompererit</strong></span> <span class='ocrx_word' id='word_1_846' title='bbox 1915 4219 1940 4270; x_wconf 83' lang='lat' dir='ltr'><strong>le</strong></span> 
     </span>
     <span class='ocr_line' id='line_1_57' title="bbox 282 4285 1940 4358; baseline -0.001 -18"><span class='ocrx_word' id='word_1_847' title='bbox 282 4289 355 4342; x_wconf 90' lang='lat' dir='ltr'><strong>tione</strong></span> <span class='ocrx_word' id='word_1_848' title='bbox 373 4289 437 4342; x_wconf 90' lang='lat' dir='ltr'><strong>mihi</strong></span> <span class='ocrx_word' id='word_1_849' title='bbox 449 4287 558 4342; x_wconf 86' lang='lat' dir='ltr'><strong>Stichus</strong></span> <span class='ocrx_word' id='word_1_850' title='bbox 572 4285 702 4342; x_wconf 89' lang='lat' dir='ltr'><strong>debeatur</strong></span> <span class='ocrx_word' id='word_1_851' title='bbox 715 4293 741 4342; x_wconf 91' lang='lat' dir='ltr'><strong>et</strong></span> <span class='ocrx_word' id='word_1_852' title='bbox 756 4291 788 4356; x_wconf 89' lang='lat' dir='ltr'><strong>is,</strong></span> <span class='ocrx_word' id='word_1_853' title='bbox 800 4305 861 4344; x_wconf 90' lang='lat' dir='ltr'><strong>cum</strong></span> <span class='ocrx_word' id='word_1_854' title='bbox 878 4293 929 4348; x_wconf 92' lang='lat' dir='ltr'><strong>sub</strong></span> <span class='ocrx_word' id='word_1_855' title='bbox 939 4291 1095 4346; x_wconf 90' lang='lat' dir='ltr'><strong>condicione</strong></span> <span class='ocrx_word' id='word_1_856' title='bbox 1145 4293 1237 4358; x_wconf 85' lang='lat' dir='ltr'><strong>gaturn</strong></span> <span class='ocrx_word' id='word_1_857' title='bbox 1255 4287 1305 4342; x_wconf 89' lang='lat' dir='ltr'><strong>sibi</strong></span> <span class='ocrx_word' id='word_1_858' title='bbox 1322 4287 1455 4342; x_wconf 86' lang='lat' dir='ltr'><strong>hominem</strong></span> <span class='ocrx_word' id='word_1_859' title='bbox 1473 4303 1533 4342; x_wconf 90' lang='lat' dir='ltr'><strong>esse</strong></span> <span class='ocrx_word' id='word_1_860' title='bbox 1545 4291 1571 4342; x_wconf 91' lang='lat' dir='ltr'><strong>et</strong></span> <span class='ocrx_word' id='word_1_861' title='bbox 1589 4293 1650 4356; x_wconf 89' lang='lat' dir='ltr'><strong>agat</strong></span> <span class='ocrx_word' id='word_1_862' title='bbox 1667 4303 1701 4342; x_wconf 85' lang='lat' dir='ltr'><strong>ex</strong></span> <span class='ocrx_word' id='word_1_863' title='bbox 1715 4291 1883 4352; x_wconf 87' lang='lat' dir='ltr'><strong>testamento,</strong></span> <span class='ocrx_word' id='word_1_864' title='bbox 1901 4297 1940 4340; x_wconf 85' lang='lat' dir='ltr'><strong>not</strong></span> 
     </span>
     <span class='ocr_line' id='line_1_58' title="bbox 283 4355 1941 4426; baseline -0.001 -16"><span class='ocrx_word' id='word_1_865' title='bbox 283 4357 327 4410; x_wconf 89' lang='lat' dir='ltr'><strong>alii</strong></span> <span class='ocrx_word' id='word_1_866' title='bbox 345 4357 447 4424; x_wconf 88' lang='lat' dir='ltr'><strong>legatus</strong></span> <span class='ocrx_word' id='word_1_867' title='bbox 466 4361 545 4422; x_wconf 89' lang='lat' dir='ltr'><strong>esset,</strong></span> <span class='ocrx_word' id='word_1_868' title='bbox 563 4355 652 4410; x_wconf 87' lang='lat' dir='ltr'><strong>iactus</strong></span> <span class='ocrx_word' id='word_1_869' title='bbox 670 4357 750 4412; x_wconf 82' lang='lat' dir='ltr'><strong>fuerit</strong></span> <span class='ocrx_word' id='word_1_870' title='bbox 767 4373 842 4412; x_wconf 90' lang='lat' dir='ltr'><strong>meus</strong></span> <span class='ocrx_word' id='word_1_871' title='bbox 854 4375 888 4414; x_wconf 87' lang='grc' dir='ltr'><strong>ιι</strong></span> <span class='ocrx_word' id='word_1_872' title='bbox 905 4375 987 4414; x_wconf 86' lang='lat' dir='ltr'><strong>causa</strong></span> <span class='ocrx_word' id='word_1_873' title='bbox 1005 4359 1094 4414; x_wconf 89' lang='lat' dir='ltr'><strong>lucra·</strong></span> <span class='ocrx_word' id='word_1_874' title='bbox 1146 4357 1224 4412; x_wconf 89' lang='lat' dir='ltr'><strong>aliter</strong></span> <span class='ocrx_word' id='word_1_875' title='bbox 1247 4357 1348 4410; x_wconf 89' lang='lat' dir='ltr'><strong>absolvi</strong></span> <span class='ocrx_word' id='word_1_876' title='bbox 1370 4355 1495 4410; x_wconf 89' lang='lat' dir='ltr'><strong>heredem</strong></span> <span class='ocrx_word' id='word_1_877' title='bbox 1520 4357 1668 4426; x_wconf 90' lang='lat' dir='ltr'><strong>oportebit,</strong></span> <span class='ocrx_word' id='word_1_878' title='bbox 1695 4371 1774 4426; x_wconf 88' lang='lat' dir='ltr'><strong>quarn</strong></span> <span class='ocrx_word' id='word_1_879' title='bbox 1797 4357 1821 4408; x_wconf 90' lang='lat' dir='ltr'><strong>si</strong></span> <span class='ocrx_word' id='word_1_880' title='bbox 1842 4357 1941 4424; x_wconf 82' lang='lat' dir='ltr'><strong>pretium</strong></span> 
     </span>
     <span class='ocr_line' id='line_1_59' title="bbox 281 4423 1941 4496; baseline -0.002 -19"><span class='ocrx_word' id='word_1_881' title='bbox 281 4425 567 4490; x_wconf 58' lang='lat' dir='ltr'><strong>circamanentium</strong></span> <span class='ocrx_word' id='word_1_882' title='bbox 586 4423 1095 4496; x_wconf 84' lang='lat' dir='ltr'><strong>exsistenteccndieioneexstipulatu</strong></span> <span class='ocrx_word' id='word_1_883' title='bbox 1147 4429 1162 4480; x_wconf 89' lang='grc'><strong>6</strong></span> <span class='ocrx_word' id='word_1_884' title='bbox 1196 4423 1344 4480; x_wconf 88' lang='lat' dir='ltr'><strong>restituerit</strong></span> <span class='ocrx_word' id='word_1_885' title='bbox 1361 4429 1387 4480; x_wconf 91' lang='lat' dir='ltr'><strong>et</strong></span> <span class='ocrx_word' id='word_1_886' title='bbox 1403 4423 1538 4478; x_wconf 86' lang='lat' dir='ltr'><strong>hominem</strong></span> <span class='ocrx_word' id='word_1_887' title='bbox 1554 4423 1765 4480; x_wconf 85' lang='lat' dir='ltr'><strong>actorisiecerit.</strong></span> <span class='ocrx_word' id='word_1_888' title='bbox 1800 4423 1867 4478; x_wconf 78' lang='lat' dir='ltr'><strong>eun</strong></span> <span class='ocrx_word' id='word_1_889' title='bbox 1880 4431 1941 4492; x_wconf 84' lang='lat' dir='ltr'><strong>pater</strong></span> 
     </span>
     <span class='ocr_line' id='line_1_60' title="bbox 283 4489 1941 4564; baseline -0.001 -18"><span class='ocrx_word' id='word_1_890' title='bbox 283 4497 293 4546; x_wconf 87' lang='lat' dir='ltr'><strong>l</strong></span> <span class='ocrx_word' id='word_1_891' title='bbox 332 4507 411 4560; x_wconf 89' lang='lat' dir='ltr'><strong>agere</strong></span> <span class='ocrx_word' id='word_1_892' title='bbox 427 4495 531 4560; x_wconf 91' lang='lat' dir='ltr'><strong>potero.</strong></span> <span class='ocrx_word' id='word_1_893' title='bbox 566 4491 595 4546; x_wconf 88' lang='lat' dir='ltr'><strong>Si</strong></span> <span class='ocrx_word' id='word_1_894' title='bbox 613 4507 647 4546; x_wconf 87' lang='grc' dir='ltr'><strong>ιι</strong></span> <span class='ocrx_word' id='word_1_895' title='bbox 665 4493 740 4548; x_wconf 91' lang='lat' dir='ltr'><strong>bonis</strong></span> <span class='ocrx_word' id='word_1_896' title='bbox 758 4495 830 4558; x_wconf 89' lang='lat' dir='ltr'><strong>eius,</strong></span> <span class='ocrx_word' id='word_1_897' title='bbox 853 4493 899 4564; x_wconf 88' lang='lat' dir='ltr'><strong>qui</strong></span> <span class='ocrx_word' id='word_1_898' title='bbox 915 4495 955 4548; x_wconf 90' lang='lat' dir='ltr'><strong>rei</strong></span> <span class='ocrx_word' id='word_1_899' title='bbox 970 4495 1094 4564; x_wconf 88' lang='lat' dir='ltr'><strong>publicae</strong></span> <span class='ocrx_word' id='word_1_900' title='bbox 1144 4509 1194 4562; x_wconf 90' lang='lat' dir='ltr'><strong>pro</strong></span> <span class='ocrx_word' id='word_1_901' title='bbox 1212 4493 1268 4546; x_wconf 85' lang='lat' dir='ltr'><strong>filia</strong></span> <span class='ocrx_word' id='word_1_902' title='bbox 1285 4507 1334 4546; x_wconf 93' lang='lat' dir='ltr'><strong>sua</strong></span> <span class='ocrx_word' id='word_1_903' title='bbox 1352 4493 1422 4546; x_wconf 90' lang='lat' dir='ltr'><strong>dotis</strong></span> <span class='ocrx_word' id='word_1_904' title='bbox 1436 4493 1542 4546; x_wconf 88' lang='lat' dir='ltr'><strong>nomine</strong></span> <span class='ocrx_word' id='word_1_905' title='bbox 1555 4499 1661 4546; x_wconf 87' lang='lat' dir='ltr'><strong>centum</strong></span> <span class='ocrx_word' id='word_1_906' title='bbox 1671 4491 1843 4560; x_wconf 87' lang='lat' dir='ltr'><strong>promisisset,</strong></span> <span class='ocrx_word' id='word_1_907' title='bbox 1862 4489 1941 4546; x_wconf 81' lang='lat' dir='ltr'><strong>deinde</strong></span> 
     </span>
     <span class='ocr_line' id='line_1_61' title="bbox 283 4559 1941 4632; baseline -0.002 -18"><span class='ocrx_word' id='word_1_908' title='bbox 283 4575 365 4614; x_wconf 90' lang='lat' dir='ltr'><strong>causa</strong></span> <span class='ocrx_word' id='word_1_909' title='bbox 382 4561 483 4624; x_wconf 89' lang='lat' dir='ltr'><strong>aberat,</strong></span> <span class='ocrx_word' id='word_1_910' title='bbox 500 4577 557 4616; x_wconf 89' lang='lat' dir='ltr'><strong>rem</strong></span> <span class='ocrx_word' id='word_1_911' title='bbox 573 4575 626 4612; x_wconf 89' lang='lat' dir='ltr'><strong>usu</strong></span> <span class='ocrx_word' id='word_1_912' title='bbox 643 4559 828 4630; x_wconf 82' lang='lat' dir='ltr'><strong>adquisie1im⁵</strong></span> <span class='ocrx_word' id='word_1_913' title='bbox 851 4567 878 4618; x_wconf 91' lang='grc' dir='ltr'><strong>ιι</strong></span> <span class='ocrx_word' id='word_1_914' title='bbox 903 4577 936 4616; x_wconf 87' lang='grc' dir='ltr'><strong>ιι</strong></span> <span class='ocrx_word' id='word_1_915' title='bbox 953 4569 1094 4632; x_wconf 83' lang='lat' dir='ltr'><strong>antequam</strong></span> <span class='ocrx_word' id='word_1_916' title='bbox 1145 4561 1230 4614; x_wconf 89' lang='lat' dir='ltr'><strong>eidem</strong></span> <span class='ocrx_word' id='word_1_917' title='bbox 1248 4565 1353 4614; x_wconf 88' lang='lat' dir='ltr'><strong>centum</strong></span> <span class='ocrx_word' id='word_1_918' title='bbox 1372 4561 1464 4614; x_wconf 90' lang='lat' dir='ltr'><strong>eadem</strong></span> <span class='ocrx_word' id='word_1_919' title='bbox 1486 4561 1615 4630; x_wconf 90' lang='lat' dir='ltr'><strong>legasset,</strong></span> <span class='ocrx_word' id='word_1_920' title='bbox 1639 4561 1692 4614; x_wconf 93' lang='lat' dir='ltr'><strong>doli</strong></span> <span class='ocrx_word' id='word_1_921' title='bbox 1715 4561 1778 4614; x_wconf 89' lang='lat' dir='ltr'><strong>mali</strong></span> <span class='ocrx_word' id='word_1_922' title='bbox 1800 4561 1941 4628; x_wconf 84' lang='lat' dir='ltr'><strong>exceptione</strong></span> 
     </span>
     <span class='ocr_line' id='line_1_62' title="bbox 281 4623 1941 4696; baseline -0.003 -12"><span class='ocrx_word' id='word_1_923' title='bbox 281 4629 447 4684; x_wconf 86' lang='lat' dir='ltr'><strong>evinceretur</strong></span> <span class='ocrx_word' id='word_1_924' title='bbox 464 4627 530 4682; x_wconf 90' lang='lat' dir='ltr'><strong>mihi</strong></span> <span class='ocrx_word' id='word_1_925' title='bbox 545 4627 633 4696; x_wconf 85' lang='lat' dir='ltr'><strong>legata</strong></span> <span class='ocrx_word' id='word_1_926' title='bbox 650 4627 693 4694; x_wconf 88' lang='lat' dir='ltr'><strong>sit,</strong></span> <span class='ocrx_word' id='word_1_927' title='bbox 720 4629 813 4684; x_wconf 90' lang='lat' dir='ltr'><strong>deinde</strong></span> <span class='ocrx_word' id='word_1_928' title='bbox 856 4633 931 4684; x_wconf 87' lang='lat' dir='ltr'><strong>ostea</strong></span> <span class='ocrx_word' id='word_1_929' title='bbox 948 4631 1093 4696; x_wconf 87' lang='lat' dir='ltr'><strong>evincatur,</strong></span> <span class='ocrx_word' id='word_1_930' title='bbox 1145 4629 1223 4682; x_wconf 90' lang='lat' dir='ltr'><strong>heres</strong></span> <span class='ocrx_word' id='word_1_931' title='bbox 1241 4633 1316 4682; x_wconf 89' lang='lat' dir='ltr'><strong>tutus</strong></span> <span class='ocrx_word' id='word_1_932' title='bbox 1334 4629 1391 4694; x_wconf 90' lang='lat' dir='ltr'><strong>erit,</strong></span> <span class='ocrx_word' id='word_1_933' title='bbox 1410 4627 1434 4682; x_wconf 90' lang='lat' dir='ltr'><strong>si</strong></span> <span class='ocrx_word' id='word_1_934' title='bbox 1445 4633 1472 4684; x_wconf 92' lang='lat' dir='ltr'><strong>et</strong></span> <span class='ocrx_word' id='word_1_935' title='bbox 1489 4645 1569 4696; x_wconf 84' lang='lat' dir='ltr'><strong>gener</strong></span> <span class='ocrx_word' id='word_1_936' title='bbox 1587 4643 1620 4680; x_wconf 86' lang='grc' dir='ltr'><strong>ιι</strong></span> <span class='ocrx_word' id='word_1_937' title='bbox 1630 4627 1805 4696; x_wconf 87' lang='lat' dir='ltr'><strong>promissione</strong></span> <span class='ocrx_word' id='word_1_938' title='bbox 1824 4633 1851 4682; x_wconf 93' lang='lat' dir='ltr'><strong>et</strong></span> <span class='ocrx_word' id='word_1_939' title='bbox 1867 4623 1941 4696; x_wconf 80' lang='lat' dir='ltr'><strong>puella</strong></span> 
     </span>
     <span class='ocr_line' id='line_1_63' title="bbox 281 4695 1955 4768; baseline -0.003 -18"><span class='ocrx_word' id='word_1_940' title='bbox 281 4701 354 4750; x_wconf 88' lang='lat' dir='ltr'><strong>recte</strong></span> <span class='ocrx_word' id='word_1_941' title='bbox 372 4711 405 4750; x_wconf 83' lang='lat' dir='ltr'><strong>ex</strong></span> <span class='ocrx_word' id='word_1_942' title='bbox 421 4701 582 4752; x_wconf 87' lang='lat' dir='ltr'><strong>testamento</strong></span> <span class='ocrx_word' id='word_1_943' title='bbox 600 4701 690 4764; x_wconf 85' lang='lat' dir='ltr'><strong>petam</strong></span> <span class='ocrx_word' id='word_1_944' title='bbox 714 4711 772 4750; x_wconf 88' lang='lat' dir='ltr'><strong>earn</strong></span> <span class='ocrx_word' id='word_1_945' title='bbox 822 4697 943 4752; x_wconf 84' lang='lat' dir='ltr'><strong>‘’dari</strong></span> <span class='ocrx_word' id='word_1_946' title='bbox 959 4705 1092 4768; x_wconf 84' lang='lat' dir='ltr'><strong>oportere.</strong></span> <span class='ocrx_word' id='word_1_947' title='bbox 1145 4711 1179 4750; x_wconf 88' lang='grc' dir='ltr'><strong>ιι</strong></span> <span class='ocrx_word' id='word_1_948' title='bbox 1196 4701 1355 4750; x_wconf 87' lang='lat' dir='ltr'><strong>testamento</strong></span> <span class='ocrx_word' id='word_1_949' title='bbox 1373 4711 1452 4766; x_wconf 88' lang='lat' dir='ltr'><strong>agere</strong></span> <span class='ocrx_word' id='word_1_950' title='bbox 1468 4695 1624 4750; x_wconf 89' lang='lat' dir='ltr'><strong>instituerit:</strong></span> <span class='ocrx_word' id='word_1_951' title='bbox 1644 4695 1783 4750; x_wconf 87' lang='lat' dir='ltr'><strong>convenire</strong></span> <span class='ocrx_word' id='word_1_952' title='bbox 1800 4697 1870 4750; x_wconf 88' lang='lat' dir='ltr'><strong>enim</strong></span> <span class='ocrx_word' id='word_1_953' title='bbox 1887 4697 1955 4768; x_wconf 61' lang='lat' dir='ltr'><strong>inter</strong></span> 
     </span>
     <span class='ocr_line' id='line_1_64' title="bbox 281 4759 1940 4834; baseline 0.001 -18"><span class='ocrx_word' id='word_1_954' title='bbox 281 4769 297 4816; x_wconf 88' lang='lat'>2</span> <span class='ocrx_word' id='word_1_955' title='bbox 332 4763 444 4818; x_wconf 81' lang='lat' dir='ltr'><strong>Fundus</strong></span> <span class='ocrx_word' id='word_1_956' title='bbox 461 4765 526 4818; x_wconf 89' lang='lat' dir='ltr'><strong>mihi</strong></span> <span class='ocrx_word' id='word_1_957' title='bbox 542 4763 646 4832; x_wconf 86' lang='lat' dir='ltr'><strong>legatus</strong></span> <span class='ocrx_word' id='word_1_958' title='bbox 665 4769 718 4818; x_wconf 84' lang='lat' dir='ltr'><strong>est:</strong></span> <span class='ocrx_word' id='word_1_959' title='bbox 736 4765 927 4834; x_wconf 84' lang='lat' dir='ltr'><strong>proprietatem</strong></span> <span class='ocrx_word' id='word_1_960' title='bbox 945 4765 999 4820; x_wconf 89' lang='lat' dir='ltr'><strong>eius</strong></span> <span class='ocrx_word' id='word_1_961' title='bbox 1017 4767 1094 4820; x_wconf 75' lang='lat' dir='ltr'><strong>flandi</strong></span> <span class='ocrx_word' id='word_1_962' title='bbox 1147 4771 1159 4814; x_wconf 81' lang='lat' dir='ltr'><strong>l</strong></span> <span class='ocrx_word' id='word_1_963' title='bbox 1197 4779 1243 4820; x_wconf 86' lang='lat' dir='ltr'><strong>eos</strong></span> <span class='ocrx_word' id='word_1_964' title='bbox 1261 4769 1374 4832; x_wconf 86' lang='lat' dir='ltr'><strong>oportet,</strong></span> <span class='ocrx_word' id='word_1_965' title='bbox 1391 4771 1424 4818; x_wconf 90' lang='lat' dir='ltr'><strong>ut</strong></span> <span class='ocrx_word' id='word_1_966' title='bbox 1437 4765 1566 4818; x_wconf 88' lang='lat' dir='ltr'><strong>alterutra</strong></span> <span class='ocrx_word' id='word_1_967' title='bbox 1583 4765 1688 4820; x_wconf 88' lang='lat' dir='ltr'><strong>actione</strong></span> <span class='ocrx_word' id='word_1_968' title='bbox 1700 4765 1818 4818; x_wconf 89' lang='lat' dir='ltr'><strong>contenti</strong></span> <span class='ocrx_word' id='word_1_969' title='bbox 1830 4765 1892 4818; x_wconf 87' lang='lat' dir='ltr'><strong>sint.</strong></span> <span class='ocrx_word' id='word_1_970' title='bbox 1922 4759 1940 4834; x_wconf 73' lang='lat' dir='ltr'><strong>S¹</strong></span> 
     </span>
     <span class='ocr_line' id='line_1_65' title="bbox 281 4831 1955 4902; baseline -0.002 -16"><span class='ocrx_word' id='word_1_971' title='bbox 281 4831 381 4886; x_wconf 89' lang='lat' dir='ltr'><strong>redemi</strong></span> <span class='ocrx_word' id='word_1_972' title='bbox 398 4831 518 4886; x_wconf 89' lang='lat' dir='ltr'><strong>detracto</strong></span> <span class='ocrx_word' id='word_1_973' title='bbox 541 4849 594 4886; x_wconf 91' lang='lat' dir='ltr'><strong>usu</strong></span> <span class='ocrx_word' id='word_1_974' title='bbox 617 4831 723 4886; x_wconf 84' lang='lat' dir='ltr'><strong>fructu:</strong></span> <span class='ocrx_word' id='word_1_975' title='bbox 746 4839 841 4902; x_wconf 84' lang='lat' dir='ltr'><strong>postea</strong></span> <span class='ocrx_word' id='word_1_976' title='bbox 863 4833 983 4888; x_wconf 89' lang='lat' dir='ltr'><strong>venditor</strong></span> <span class='ocrx_word' id='word_1_977' title='bbox 1007 4835 1094 4902; x_wconf 91' lang='lat' dir='ltr'><strong>capite</strong></span> <span class='ocrx_word' id='word_1_978' title='bbox 1144 4833 1183 4886; x_wconf 92' lang='lat' dir='ltr'><strong>ita</strong></span> <span class='ocrx_word' id='word_1_979' title='bbox 1207 4831 1250 4886; x_wconf 90' lang='lat' dir='ltr'><strong>cui</strong></span> <span class='ocrx_word' id='word_1_980' title='bbox 1271 4833 1387 4900; x_wconf 88' lang='lat' dir='ltr'><strong>legatum</strong></span> <span class='ocrx_word' id='word_1_981' title='bbox 1413 4837 1496 4888; x_wconf 81' lang='lat' dir='ltr'><strong>esset:</strong></span> <span class='ocrx_word' id='word_1_982' title='bbox 1526 4831 1557 4886; x_wconf 89' lang='lat' dir='ltr'><strong>‘si</strong></span> <span class='ocrx_word' id='word_1_983' title='bbox 1579 4833 1685 4888; x_wconf 85' lang='lat' dir='ltr'><strong>tabulas</strong></span> <span class='ocrx_word' id='word_1_984' title='bbox 1709 4831 1879 4900; x_wconf 86' lang='lat' dir='ltr'><strong>chirographi</strong></span> <span class='ocrx_word' id='word_1_985' title='bbox 1903 4839 1955 4882; x_wconf 77' lang='grc' dir='ltr'><strong>ιιι</strong></span> 
     </span>
     <span class='ocr_line' id='line_1_66' title="bbox 281 4895 1940 4972; baseline 0 -18"><span class='ocrx_word' id='word_1_986' title='bbox 281 4901 399 4954; x_wconf 87' lang='lat' dir='ltr'><strong>minutus</strong></span> <span class='ocrx_word' id='word_1_987' title='bbox 417 4903 458 4954; x_wconf 91' lang='lat' dir='ltr'><strong>est</strong></span> <span class='ocrx_word' id='word_1_988' title='bbox 477 4905 503 4954; x_wconf 92' lang='lat' dir='ltr'><strong>et</strong></span> <span class='ocrx_word' id='word_1_989' title='bbox 520 4899 710 4954; x_wconf 85' lang='lat' dir='ltr'><strong>ususfructus</strong></span> <span class='ocrx_word' id='word_1_990' title='bbox 734 4901 770 4954; x_wconf 90' lang='lat' dir='ltr'><strong>ad</strong></span> <span class='ocrx_word' id='word_1_991' title='bbox 786 4915 829 4954; x_wconf 87' lang='grc' dir='ltr'><strong>ιιι</strong></span> <span class='ocrx_word' id='word_1_992' title='bbox 845 4903 979 4972; x_wconf 89' lang='lat' dir='ltr'><strong>pertinere</strong></span> <span class='ocrx_word' id='word_1_993' title='bbox 997 4903 1092 4972; x_wconf 91' lang='lat' dir='ltr'><strong>coepit.</strong></span> <span class='ocrx_word' id='word_1_994' title='bbox 1145 4901 1245 4954; x_wconf 89' lang='lat' dir='ltr'><strong>‘heredi</strong></span> <span class='ocrx_word' id='word_1_995' title='bbox 1262 4915 1320 4954; x_wconf 91' lang='lat' dir='ltr'><strong>meo</strong></span> <span class='ocrx_word' id='word_1_996' title='bbox 1337 4901 1498 4966; x_wconf 87' lang='lat' dir='ltr'><strong>reddiderit,</strong></span> <span class='ocrx_word' id='word_1_997' title='bbox 1520 4901 1597 4954; x_wconf 91' lang='lat' dir='ltr'><strong>heres</strong></span> <span class='ocrx_word' id='word_1_998' title='bbox 1620 4915 1695 4954; x_wconf 90' lang='lat' dir='ltr'><strong>meus</strong></span> <span class='ocrx_word' id='word_1_999' title='bbox 1719 4901 1743 4954; x_wconf 92' lang='lat' dir='ltr'><strong>ei</strong></span> <span class='ocrx_word' id='word_1_1000' title='bbox 1766 4899 1857 4954; x_wconf 89' lang='lat' dir='ltr'><strong>decem</strong></span> <span class='ocrx_word' id='word_1_1001' title='bbox 1875 4895 1940 4954; x_wconf 61' lang='lat' dir='ltr'><strong>dato’t</strong></span> 
     </span>
     <span class='ocr_line' id='line_1_67' title="bbox 281 4965 1956 5036; baseline -0.001 -16"><span class='ocrx_word' id='word_1_1002' title='bbox 281 4969 356 5020; x_wconf 80' lang='lat' dir='ltr'><strong>sien</strong></span> <span class='ocrx_word' id='word_1_1003' title='bbox 373 4973 532 5020; x_wconf 89' lang='lat' dir='ltr'><strong>testamento</strong></span> <span class='ocrx_word' id='word_1_1004' title='bbox 553 4983 648 5036; x_wconf 89' lang='lat' dir='ltr'><strong>egero,</strong></span> <span class='ocrx_word' id='word_1_1005' title='bbox 671 4967 751 5020; x_wconf 83' lang='lat' dir='ltr'><strong>iudex</strong></span> <span class='ocrx_word' id='word_1_1006' title='bbox 776 4969 845 5022; x_wconf 91' lang='lat' dir='ltr'><strong>tanti</strong></span> <span class='ocrx_word' id='word_1_1007' title='bbox 862 4971 935 5024; x_wconf 92' lang='lat' dir='ltr'><strong>litem</strong></span> <span class='ocrx_word' id='word_1_1008' title='bbox 953 4969 1094 5022; x_wconf 87' lang='lat' dir='ltr'><strong>aestimare</strong></span> <span class='ocrx_word' id='word_1_1009' title='bbox 1144 4967 1297 5022; x_wconf 88' lang='lat' dir='ltr'><strong>huiusmodi</strong></span> <span class='ocrx_word' id='word_1_1010' title='bbox 1326 4969 1449 5022; x_wconf 91' lang='lat' dir='ltr'><strong>condicio</strong></span> <span class='ocrx_word' id='word_1_1011' title='bbox 1478 4969 1548 5022; x_wconf 90' lang='lat' dir='ltr'><strong>hanc</strong></span> <span class='ocrx_word' id='word_1_1012' title='bbox 1579 4969 1632 5020; x_wconf 89' lang='lat' dir='ltr'><strong>viru</strong></span> <span class='ocrx_word' id='word_1_1013' title='bbox 1662 4969 1746 5022; x_wconf 87' lang='lat' dir='ltr'><strong>habet</strong></span> <span class='ocrx_word' id='word_1_1014' title='bbox 1776 4969 1808 5022; x_wconf 88' lang='lat' dir='ltr'><strong>‘si</strong></span> <span class='ocrx_word' id='word_1_1015' title='bbox 1832 4965 1956 5036; x_wconf 50' lang='lat' dir='ltr'><strong>heredert¹¹</strong></span> 
     </span>
     <span class='ocr_line' id='line_1_68' title="bbox 281 5033 1939 5114; baseline -0.001 -26"><span class='ocrx_word' id='word_1_1016' title='bbox 281 5039 296 5088; x_wconf 88' lang='grc'>3</span> <span class='ocrx_word' id='word_1_1017' title='bbox 333 5035 453 5098; x_wconf 87' lang='lat' dir='ltr'><strong>debebit,</strong></span> <span class='ocrx_word' id='word_1_1018' title='bbox 486 5043 616 5114; x_wconf 81' lang='lat' dir='ltr'><strong>quantum</strong></span> <span class='ocrx_word' id='word_1_1019' title='bbox 647 5033 711 5086; x_wconf 88' lang='lat' dir='ltr'><strong>mihi</strong></span> <span class='ocrx_word' id='word_1_1020' title='bbox 748 5035 860 5090; x_wconf 64' lang='lat' dir='ltr'><strong>aharith</strong></span> <span class='ocrx_word' id='word_1_1021' title='bbox 908 5035 1092 5090; x_wconf 76' lang='lat' dir='ltr'><strong>Menoeceus.</strong></span> <span class='ocrx_word' id='word_1_1022' title='bbox 1145 5041 1243 5088; x_wconf 90' lang='lat' dir='ltr'><strong>‘meum</strong></span> <span class='ocrx_word' id='word_1_1023' title='bbox 1260 5035 1350 5090; x_wconf 87' lang='lat' dir='ltr'><strong>debito</strong></span> <span class='ocrx_word' id='word_1_1024' title='bbox 1358 5035 1528 5090; x_wconf 77' lang='lat' dir='ltr'><strong>liberaverit.</strong></span> <span class='ocrx_word' id='word_1_1025' title='bbox 1563 5049 1647 5104; x_wconf 85' lang='lat' dir='ltr'><strong>quare</strong></span> <span class='ocrx_word' id='word_1_1026' title='bbox 1664 5041 1698 5098; x_wconf 89' lang='lat' dir='ltr'><strong>et,</strong></span> <span class='ocrx_word' id='word_1_1027' title='bbox 1717 5035 1740 5088; x_wconf 91' lang='lat' dir='ltr'><strong>si</strong></span> <span class='ocrx_word' id='word_1_1028' title='bbox 1748 5035 1855 5090; x_wconf 89' lang='lat' dir='ltr'><strong>tabulae</strong></span> <span class='ocrx_word' id='word_1_1029' title='bbox 1866 5039 1939 5090; x_wconf 85' lang='lat' dir='ltr'><strong>exsta·</strong></span> 
     </span>
     <span class='ocr_line' id='line_1_69' title="bbox 280 5101 1939 5170; baseline 0.001 -16"><span class='ocrx_word' id='word_1_1030' title='bbox 280 5101 355 5156; x_wconf 90' lang='lat' dir='ltr'><strong>Idem</strong></span> <span class='ocrx_word' id='word_1_1031' title='bbox 373 5103 423 5156; x_wconf 90' lang='lat' dir='ltr'><strong>erit</strong></span> <span class='ocrx_word' id='word_1_1032' title='bbox 440 5107 466 5156; x_wconf 90' lang='lat' dir='ltr'><strong>et</strong></span> <span class='ocrx_word' id='word_1_1033' title='bbox 483 5117 506 5156; x_wconf 89' lang='grc' dir='ltr'><strong>ιι</strong></span> <span class='ocrx_word' id='word_1_1034' title='bbox 523 5107 627 5170; x_wconf 89' lang='lat' dir='ltr'><strong>partem</strong></span> <span class='ocrx_word' id='word_1_1035' title='bbox 638 5101 782 5168; x_wconf 88' lang='lat' dir='ltr'><strong>redemero,</strong></span> <span class='ocrx_word' id='word_1_1036' title='bbox 799 5117 863 5170; x_wconf 87' lang='lat' dir='ltr'><strong>pars</strong></span> <span class='ocrx_word' id='word_1_1037' title='bbox 878 5103 943 5158; x_wconf 91' lang='lat' dir='ltr'><strong>mihi</strong></span> <span class='ocrx_word' id='word_1_1038' title='bbox 953 5105 1042 5170; x_wconf 80' lang='lat' dir='ltr'><strong>legata</strong></span> <span class='ocrx_word' id='word_1_1039' title='bbox 1054 5109 1094 5158; x_wconf 90' lang='lat' dir='ltr'><strong>est</strong></span> <span class='ocrx_word' id='word_1_1040' title='bbox 1145 5103 1221 5168; x_wconf 88' lang='lat' dir='ltr'><strong>bunt,</strong></span> <span class='ocrx_word' id='word_1_1041' title='bbox 1240 5119 1295 5156; x_wconf 92' lang='lat' dir='ltr'><strong>non</strong></span> <span class='ocrx_word' id='word_1_1042' title='bbox 1311 5101 1479 5170; x_wconf 87' lang='lat' dir='ltr'><strong>intellegetur</strong></span> <span class='ocrx_word' id='word_1_1043' title='bbox 1488 5101 1638 5158; x_wconf 87' lang='lat' dir='ltr'><strong>condicioni</strong></span> <span class='ocrx_word' id='word_1_1044' title='bbox 1655 5101 1818 5158; x_wconf 86' lang='lat' dir='ltr'><strong>satisfecisse</strong></span> <span class='ocrx_word' id='word_1_1045' title='bbox 1832 5101 1939 5158; x_wconf 77' lang='lat' dir='ltr'><strong>eredere</strong></span> 
     </span>
     <span class='ocr_line' id='line_1_70' title="bbox 281 5169 1940 5240; baseline 0 -16"><span class='ocrx_word' id='word_1_1046' title='bbox 281 5175 330 5224; x_wconf 89' lang='lat' dir='ltr'><strong>aut</strong></span> <span class='ocrx_word' id='word_1_1047' title='bbox 347 5169 459 5224; x_wconf 85' lang='lat' dir='ltr'><strong>donata:</strong></span> <span class='ocrx_word' id='word_1_1048' title='bbox 483 5175 589 5238; x_wconf 89' lang='lat' dir='ltr'><strong>partem</strong></span> <span class='ocrx_word' id='word_1_1049' title='bbox 611 5169 681 5224; x_wconf 89' lang='lat' dir='ltr'><strong>enim</strong></span> <span class='ocrx_word' id='word_1_1050' title='bbox 705 5169 843 5224; x_wconf 84' lang='lat' dir='ltr'><strong>dumtaxat</strong></span> <span class='ocrx_word' id='word_1_1051' title='bbox 864 5175 955 5240; x_wconf 90' lang='lat' dir='ltr'><strong>petere</strong></span> <span class='ocrx_word' id='word_1_1052' title='bbox 980 5171 1092 5224; x_wconf 91' lang='lat' dir='ltr'><strong>debebo.</strong></span> <span class='ocrx_word' id='word_1_1053' title='bbox 1144 5171 1197 5224; x_wconf 90' lang='lat' dir='ltr'><strong>nisi</strong></span> <span class='ocrx_word' id='word_1_1054' title='bbox 1214 5175 1354 5238; x_wconf 88' lang='lat' dir='ltr'><strong>acceptum</strong></span> <span class='ocrx_word' id='word_1_1055' title='bbox 1370 5169 1464 5224; x_wconf 89' lang='lat' dir='ltr'><strong>heredi</strong></span> <span class='ocrx_word' id='word_1_1056' title='bbox 1479 5169 1581 5234; x_wconf 85' lang='lat' dir='ltr'><strong>fecerit,</strong></span> <span class='ocrx_word' id='word_1_1057' title='bbox 1605 5175 1640 5236; x_wconf 88' lang='grc' dir='ltr'><strong>ιι,</strong></span> <span class='ocrx_word' id='word_1_1058' title='bbox 1658 5169 1680 5224; x_wconf 89' lang='lat' dir='ltr'><strong>si</strong></span> <span class='ocrx_word' id='word_1_1059' title='bbox 1698 5169 1806 5224; x_wconf 89' lang='lat' dir='ltr'><strong>tabulae</strong></span> <span class='ocrx_word' id='word_1_1060' title='bbox 1822 5169 1851 5224; x_wconf 90' lang='lat' dir='ltr'><strong>in</strong></span> <span class='ocrx_word' id='word_1_1061' title='bbox 1867 5179 1940 5224; x_wconf 73' lang='lat' dir='ltr'><strong>rerum</strong></span> 
     </span>
     <span class='ocr_line' id='line_1_71' title="bbox 280 5235 1939 5308; baseline 0.001 -18"><span class='ocrx_word' id='word_1_1062' title='bbox 280 5243 297 5290; x_wconf 89' lang='grc'>4</span> <span class='ocrx_word' id='word_1_1063' title='bbox 332 5237 481 5292; x_wconf 73' lang='lat' dir='ltr'><strong>[uernans.</strong></span> <span class='ocrx_word' id='word_1_1064' title='bbox 524 5235 648 5304; x_wconf 77' lang='lat' dir='ltr'><strong>Quodsi</strong></span> <span class='ocrx_word' id='word_1_1065' title='bbox 671 5237 786 5304; x_wconf 88' lang='lat' dir='ltr'><strong>legatum</strong></span> <span class='ocrx_word' id='word_1_1066' title='bbox 808 5239 873 5290; x_wconf 89' lang='lat' dir='ltr'><strong>mihi</strong></span> <span class='ocrx_word' id='word_1_1067' title='bbox 896 5245 938 5292; x_wconf 91' lang='lat' dir='ltr'><strong>est</strong></span> <span class='ocrx_word' id='word_1_1068' title='bbox 962 5239 1034 5308; x_wconf 89' lang='lat' dir='ltr'><strong>quod</strong></span> <span class='ocrx_word' id='word_1_1069' title='bbox 1061 5253 1094 5292; x_wconf 91' lang='grc' dir='ltr'><strong>ιι</strong></span> <span class='ocrx_word' id='word_1_1070' title='bbox 1145 5243 1242 5290; x_wconf 87' lang='lat' dir='ltr'><strong>natura</strong></span> <span class='ocrx_word' id='word_1_1071' title='bbox 1253 5239 1425 5302; x_wconf 86' lang='lat' dir='ltr'><strong>nonfuerint,</strong></span> <span class='ocrx_word' id='word_1_1072' title='bbox 1437 5239 1632 5292; x_wconf 82' lang='lat' dir='ltr'><strong>existimabitur</strong></span> <span class='ocrx_word' id='word_1_1073' title='bbox 1640 5239 1756 5306; x_wconf 90' lang='lat' dir='ltr'><strong>inplesse</strong></span> <span class='ocrx_word' id='word_1_1074' title='bbox 1765 5239 1939 5294; x_wconf 77' lang='lat' dir='ltr'><strong>carmeianen</strong></span> 
     </span>
     <span class='ocr_line' id='line_1_72' title="bbox 281 5305 1940 5376; baseline -0.001 -18"><span class='ocrx_word' id='word_1_1075' title='bbox 281 5305 422 5374; x_wconf 89' lang='lat' dir='ltr'><strong>Pamphila</strong></span> <span class='ocrx_word' id='word_1_1076' title='bbox 438 5311 531 5358; x_wconf 90' lang='lat' dir='ltr'><strong>natum</strong></span> <span class='ocrx_word' id='word_1_1077' title='bbox 550 5305 608 5370; x_wconf 85' lang='lat' dir='ltr'><strong>erit,</strong></span> <span class='ocrx_word' id='word_1_1078' title='bbox 635 5321 682 5372; x_wconf 89' lang='lat' dir='ltr'><strong>ego</strong></span> <span class='ocrx_word' id='word_1_1079' title='bbox 700 5305 866 5374; x_wconf 86' lang='lat' dir='ltr'><strong>Pamphilam</strong></span> <span class='ocrx_word' id='word_1_1080' title='bbox 884 5311 1017 5360; x_wconf 86' lang='lat' dir='ltr'><strong>mercatus</strong></span> <span class='ocrx_word' id='word_1_1081' title='bbox 1035 5323 1094 5360; x_wconf 89' lang='lat' dir='ltr'><strong>sum</strong></span> <span class='ocrx_word' id='word_1_1082' title='bbox 1145 5305 1309 5360; x_wconf 89' lang='lat' dir='ltr'><strong>siheredem</strong></span> <span class='ocrx_word' id='word_1_1083' title='bbox 1330 5305 1494 5372; x_wconf 84' lang='lat' dir='ltr'><strong>liberaverit,</strong></span> <span class='ocrx_word' id='word_1_1084' title='bbox 1520 5321 1570 5362; x_wconf 90' lang='lat' dir='ltr'><strong>nec</strong></span> <span class='ocrx_word' id='word_1_1085' title='bbox 1593 5305 1629 5358; x_wconf 88' lang='lat' dir='ltr'><strong>ad</strong></span> <span class='ocrx_word' id='word_1_1086' title='bbox 1649 5321 1707 5360; x_wconf 87' lang='lat' dir='ltr'><strong>rem</strong></span> <span class='ocrx_word' id='word_1_1087' title='bbox 1722 5305 1878 5376; x_wconf 87' lang='lat' dir='ltr'><strong>pertinebit,</strong></span> <span class='ocrx_word' id='word_1_1088' title='bbox 1901 5305 1940 5358; x_wconf 79' lang='lat' dir='ltr'><strong>iad</strong></span> 
     </span>
    </p>
   </div>
   <div class='ocr_carea' id='block_1_3' title="bbox 281 5473 1956 5882">
    <p class='ocr_par' dir='ltr' id='par_1_3' title="bbox 281 5473 1959 5882">
     <span class='ocr_line' id='line_1_73' title="bbox 281 5473 1940 5538; baseline -0.001 -12"><span class='ocrx_word' id='word_1_1089' title='bbox 281 5479 312 5538; x_wconf 74' lang='grc' dir='ltr'><strong>ιιι</strong></span> <span class='ocrx_word' id='word_1_1090' title='bbox 338 5483 418 5524; x_wconf 87' lang='lat' dir='ltr'><strong>totum</strong></span> <span class='ocrx_word' id='word_1_1091' title='bbox 435 5479 480 5528; x_wconf 82' lang='lat' dir='ltr'><strong>ias.</strong></span> <span class='ocrx_word' id='word_1_1092' title='bbox 498 5473 539 5526; x_wconf 81' lang='lat' dir='ltr'><strong>F²</strong></span> <span class='ocrx_word' id='word_1_1093' title='bbox 641 5477 674 5536; x_wconf 81' lang='lat' dir='ltr'><strong>(i)</strong></span> <span class='ocrx_word' id='word_1_1094' title='bbox 697 5477 805 5524; x_wconf 85' lang='lat' dir='ltr'><strong>cesserit.</strong></span> <span class='ocrx_word' id='word_1_1095' title='bbox 834 5477 924 5524; x_wconf 82' lang='lat' dir='ltr'><strong>Servus</strong></span> <span class='ocrx_word' id='word_1_1096' title='bbox 942 5473 1027 5524; x_wconf 82' lang='lat' dir='ltr'><strong>atilio</strong></span> <span class='ocrx_word' id='word_1_1097' title='bbox 1046 5493 1091 5526; x_wconf 78' lang='lat' dir='ltr'><strong>scr.</strong></span> <span class='ocrx_word' id='word_1_1098' title='bbox 1145 5475 1276 5524; x_wconf 85' lang='lat' dir='ltr'><strong>servitutis</strong></span> <span class='ocrx_word' id='word_1_1099' title='bbox 1285 5473 1368 5526; x_wconf 85' lang='lat' dir='ltr'><strong>iocum</strong></span> <span class='ocrx_word' id='word_1_1100' title='bbox 1382 5475 1489 5536; x_wconf 87' lang='lat' dir='ltr'><strong>obtinet,</strong></span> <span class='ocrx_word' id='word_1_1101' title='bbox 1505 5475 1548 5526; x_wconf 88' lang='lat' dir='ltr'><strong>sed</strong></span> <span class='ocrx_word' id='word_1_1102' title='bbox 1565 5477 1650 5528; x_wconf 84' lang='lat' dir='ltr'><strong>officio</strong></span> <span class='ocrx_word' id='word_1_1103' title='bbox 1664 5477 1758 5526; x_wconf 85' lang='lat' dir='ltr'><strong>indicis</strong></span> <span class='ocrx_word' id='word_1_1104' title='bbox 1775 5477 1906 5538; x_wconf 89' lang='lat' dir='ltr'><strong>contineri,</strong></span> <span class='ocrx_word' id='word_1_1105' title='bbox 1921 5475 1940 5520; x_wconf 81' lang='grc' dir='ltr'><strong>ιῑ</strong></span> 
     </span>
     <span class='ocr_line' id='line_1_74' title="bbox 281 5541 1940 5608; baseline -0.001 -14"><span class='ocrx_word' id='word_1_1106' title='bbox 281 5547 313 5602; x_wconf 80' lang='lat' dir='ltr'><strong>tat</strong></span> <span class='ocrx_word' id='word_1_1107' title='bbox 333 5543 455 5596; x_wconf 84' lang='lat' dir='ltr'><strong>fectaics.</strong></span> <span class='ocrx_word' id='word_1_1108' title='bbox 525 5545 557 5606; x_wconf 78' lang='lat' dir='ltr'><strong>(t)</strong></span> <span class='ocrx_word' id='word_1_1109' title='bbox 577 5541 882 5594; x_wconf 79' lang='lat' dir='ltr'><strong>excausalncrativadcl.</strong></span> <span class='ocrx_word' id='word_1_1110' title='bbox 952 5543 985 5604; x_wconf 80' lang='lat' dir='ltr'><strong>(t)</strong></span> <span class='ocrx_word' id='word_1_1111' title='bbox 1005 5543 1093 5608; x_wconf 86' lang='lat' dir='ltr'><strong>adqui·</strong></span> <span class='ocrx_word' id='word_1_1112' title='bbox 1145 5541 1254 5594; x_wconf 91' lang='lat' dir='ltr'><strong>deducto</strong></span> <span class='ocrx_word' id='word_1_1113' title='bbox 1269 5557 1317 5594; x_wconf 84' lang='lat' dir='ltr'><strong>usa</strong></span> <span class='ocrx_word' id='word_1_1114' title='bbox 1333 5543 1419 5594; x_wconf 77' lang='lat' dir='ltr'><strong>fructu</strong></span> <span class='ocrx_word' id='word_1_1115' title='bbox 1440 5543 1528 5594; x_wconf 90' lang='lat' dir='ltr'><strong>iubeat</strong></span> <span class='ocrx_word' id='word_1_1116' title='bbox 1545 5545 1743 5594; x_wconf 85' lang='lat' dir='ltr'><strong>aestimationem</strong></span> <span class='ocrx_word' id='word_1_1117' title='bbox 1759 5545 1880 5608; x_wconf 87' lang='lat' dir='ltr'><strong>praestari</strong></span> <span class='ocrx_word' id='word_1_1118' title='bbox 1893 5541 1940 5594; x_wconf 76' lang='lat' dir='ltr'><strong>lua</strong></span> 
     </span>
     <span class='ocr_line' id='line_1_75' title="bbox 282 5607 1956 5681; baseline -0.002 -21"><span class='ocrx_word' id='word_1_1119' title='bbox 282 5611 394 5662; x_wconf 85' lang='lat' dir='ltr'><strong>serimF</strong></span> <span class='ocrx_word' id='word_1_1120' title='bbox 434 5615 468 5676; x_wconf 80' lang='lat' dir='ltr'><strong>(e)</strong></span> <span class='ocrx_word' id='word_1_1121' title='bbox 484 5611 506 5662; x_wconf 91' lang='lat' dir='ltr'><strong>si</strong></span> <span class='ocrx_word' id='word_1_1122' title='bbox 516 5611 558 5660; x_wconf 90' lang='lat' dir='ltr'><strong>cui</strong></span> <span class='ocrx_word' id='word_1_1123' title='bbox 566 5611 662 5662; x_wconf 76' lang='lat' dir='ltr'><strong>fundus</strong></span> <span class='ocrx_word' id='word_1_1124' title='bbox 671 5611 768 5660; x_wconf 86' lang='lat' dir='ltr'><strong>alienus</strong></span> <span class='ocrx_word' id='word_1_1125' title='bbox 776 5611 875 5674; x_wconf 87' lang='lat' dir='ltr'><strong>legatus</strong></span> <span class='ocrx_word' id='word_1_1126' title='bbox 884 5609 961 5660; x_wconf 87' lang='lat' dir='ltr'><strong>fuerit</strong></span> <span class='ocrx_word' id='word_1_1127' title='bbox 970 5615 996 5660; x_wconf 90' lang='lat' dir='ltr'><strong>et</strong></span> <span class='ocrx_word' id='word_1_1128' title='bbox 1005 5611 1094 5660; x_wconf 89' lang='lat' dir='ltr'><strong>emerit</strong></span> <span class='ocrx_word' id='word_1_1129' title='bbox 1143 5607 1167 5670; x_wconf 83' lang='lat'><strong>2,</strong></span> <span class='ocrx_word' id='word_1_1130' title='bbox 1178 5617 1238 5670; x_wconf 70' lang='lat' dir='ltr'><strong>aas</strong></span> <span class='ocrx_word' id='word_1_1131' title='bbox 1291 5607 1483 5672; x_wconf 49' lang='grc' dir='ltr'><strong>(ιηιοιιιιιιιψΖ</strong></span> <span class='ocrx_word' id='word_1_1132' title='bbox 1530 5611 1563 5674; x_wconf 79' lang='grc' dir='ltr'><strong>(ι)</strong></span> <span class='ocrx_word' id='word_1_1133' title='bbox 1573 5611 1599 5662; x_wconf 88' lang='grc' dir='ltr'><strong>ιι</strong></span> <span class='ocrx_word' id='word_1_1134' title='bbox 1607 5609 1677 5660; x_wconf 87' lang='lat' dir='ltr'><strong>heres</strong></span> <span class='ocrx_word' id='word_1_1135' title='bbox 1686 5625 1757 5662; x_wconf 85' lang='lat' dir='ltr'><strong>meus</strong></span> <span class='ocrx_word' id='word_1_1136' title='bbox 1766 5609 1845 5674; x_wconf 84' lang='lat' dir='ltr'><strong>Titio]</strong></span> <span class='ocrx_word' id='word_1_1137' title='bbox 1854 5609 1878 5658; x_wconf 88' lang='lat' dir='ltr'><strong>ei</strong></span> <span class='ocrx_word' id='word_1_1138' title='bbox 1886 5609 1956 5681; x_wconf 37' lang='lat' dir='ltr'><strong>heres.</strong></span> 
     </span>
     <span class='ocr_line' id='line_1_76' title="bbox 281 5675 1941 5746; baseline -0.004 -18"><span class='ocrx_word' id='word_1_1139' title='bbox 281 5679 462 5746; x_wconf 86' lang='lat' dir='ltr'><strong>proprietatem</strong></span> <span class='ocrx_word' id='word_1_1140' title='bbox 477 5681 590 5728; x_wconf 89' lang='lat' dir='ltr'><strong>detracto</strong></span> <span class='ocrx_word' id='word_1_1141' title='bbox 605 5695 653 5728; x_wconf 87' lang='lat' dir='ltr'><strong>usn</strong></span> <span class='ocrx_word' id='word_1_1142' title='bbox 668 5679 753 5730; x_wconf 85' lang='lat' dir='ltr'><strong>fructu</strong></span> <span class='ocrx_word' id='word_1_1143' title='bbox 767 5683 792 5728; x_wconf 88' lang='lat' dir='ltr'><strong>et</strong></span> <span class='ocrx_word' id='word_1_1144' title='bbox 806 5695 867 5728; x_wconf 88' lang='lat' dir='ltr'><strong>usus</strong></span> <span class='ocrx_word' id='word_1_1145' title='bbox 881 5679 978 5728; x_wconf 86' lang='lat' dir='ltr'><strong>fructus</strong></span> <span class='ocrx_word' id='word_1_1146' title='bbox 995 5679 1093 5728; x_wconf 84' lang='lat' dir='ltr'><strong>adeum</strong></span> <span class='ocrx_word' id='word_1_1147' title='bbox 1142 5689 1269 5728; x_wconf 79' lang='lat' dir='ltr'><strong>meusscr&#39;.</strong></span> <span class='ocrx_word' id='word_1_1148' title='bbox 1317 5675 1551 5740; x_wconf 78' lang='lat' dir='ltr'><strong>(9)legatnrutrcr.</strong></span> <span class='ocrx_word' id='word_1_1149' title='bbox 1602 5679 1749 5744; x_wconf 83' lang='lat' dir='ltr'><strong>(tt)estscr.</strong></span> <span class='ocrx_word' id='word_1_1150' title='bbox 1795 5677 1941 5746; x_wconf 79' lang='lat' dir='ltr'><strong>(tt)sipretrt</strong></span> 
     </span>
     <span class='ocr_line' id='line_1_77' title="bbox 281 5743 1956 5816; baseline -0.002 -16"><span class='ocrx_word' id='word_1_1151' title='bbox 281 5749 423 5816; x_wconf 87' lang='lat' dir='ltr'><strong>pervenerit</strong></span> <span class='ocrx_word' id='word_1_1152' title='bbox 432 5753 457 5796; x_wconf 88' lang='lat' dir='ltr'><strong>et</strong></span> <span class='ocrx_word' id='word_1_1153' title='bbox 466 5751 553 5812; x_wconf 88' lang='lat' dir='ltr'><strong>postea</strong></span> <span class='ocrx_word' id='word_1_1154' title='bbox 562 5761 593 5796; x_wconf 84' lang='lat' dir='ltr'><strong>ex</strong></span> <span class='ocrx_word' id='word_1_1155' title='bbox 602 5751 751 5798; x_wconf 87' lang='lat' dir='ltr'><strong>testamento</strong></span> <span class='ocrx_word' id='word_1_1156' title='bbox 761 5749 827 5812; x_wconf 86' lang='lat' dir='ltr'><strong>aget,</strong></span> <span class='ocrx_word' id='word_1_1157' title='bbox 843 5749 912 5796; x_wconf 89' lang='lat' dir='ltr'><strong>recte</strong></span> <span class='ocrx_word' id='word_1_1158' title='bbox 920 5761 977 5798; x_wconf 88' lang='lat' dir='ltr'><strong>eum</strong></span> <span class='ocrx_word' id='word_1_1159' title='bbox 985 5761 1059 5810; x_wconf 81' lang='lat' dir='ltr'><strong>agere</strong></span> <span class='ocrx_word' id='word_1_1160' title='bbox 1068 5751 1094 5798; x_wconf 91' lang='lat' dir='ltr'><strong>et</strong></span> <span class='ocrx_word' id='word_1_1161' title='bbox 1142 5743 1428 5810; x_wconf 74' lang='lat' dir='ltr'><strong>...eritdetKrueper</strong></span> <span class='ocrx_word' id='word_1_1162' title='bbox 1478 5749 1627 5812; x_wconf 70' lang='lat' dir='ltr'><strong>(liieptoF</strong></span> <span class='ocrx_word' id='word_1_1163' title='bbox 1954 5745 1956 5754; x_wconf 44' lang='lat'><strong>³</strong></span> 
     </span>
     <span class='ocr_line' id='line_1_78' title="bbox 281 5815 1092 5882; baseline 0 -16"><span class='ocrx_word' id='word_1_1164' title='bbox 281 5817 387 5868; x_wconf 84' lang='lat' dir='ltr'><strong>iundurn</strong></span> <span class='ocrx_word' id='word_1_1165' title='bbox 396 5821 480 5882; x_wconf 87' lang='lat' dir='ltr'><strong>petere</strong></span> <span class='ocrx_word' id='word_1_1166' title='bbox 489 5815 606 5866; x_wconf 87' lang='lat' dir='ltr'><strong>Iulianus</strong></span> <span class='ocrx_word' id='word_1_1167' title='bbox 622 5817 667 5874; x_wconf 85' lang='lat' dir='ltr'><strong>ait,</strong></span> <span class='ocrx_word' id='word_1_1168' title='bbox 683 5815 742 5880; x_wconf 87' lang='lat' dir='ltr'><strong>quia</strong></span> <span class='ocrx_word' id='word_1_1169' title='bbox 757 5833 816 5866; x_wconf 89' lang='lat' dir='ltr'><strong>usus</strong></span> <span class='ocrx_word' id='word_1_1170' title='bbox 826 5815 923 5866; x_wconf 80' lang='lat' dir='ltr'><strong>fructus</strong></span> <span class='ocrx_word' id='word_1_1171' title='bbox 932 5815 959 5866; x_wconf 90' lang='lat' dir='ltr'><strong>in</strong></span> <span class='ocrx_word' id='word_1_1172' title='bbox 969 5815 1092 5878; x_wconf 85' lang='lat' dir='ltr'><strong>petitione</strong></span> 
     </span>
    </p>
   </div>
   <div class='ocr_carea' id='block_1_4' title="bbox 0 0 2188 6258">
    <p class='ocr_par' dir='ltr' id='par_1_4' title="bbox 0 0 2188 6258">
     <span class='ocr_line' id='line_1_79' title="bbox 0 0 2188 6258; baseline 0 1"><span class='ocrx_word' id='word_1_1173' title='bbox 0 0 2188 6258; x_wconf 95' lang='lat' dir='ltr'><strong> </strong></span> 
     </span>
    </p>
   </div>
  </div>
 </body>
</html>
