4366 6258
274 369 673 442 nannetensem
1068 363 1131 442 tte
1333 369 1334 372 ’
1490 383 1536 436 nn
1558 381 1709 434 creantis
1731 379 1930 436 emesenus

275 565 291 616 ι
326 559 471 616 adeundus.
496 559 558 638 'Sed
581 563 608 638 et
630 557 654 612 si
677 559 741 626 quid
763 557 836 612 aliud
857 561 921 628 post
941 563 1077 628 receptam
1127 561 1142 612 ι
1175 571 1210 612 ne
1234 555 1296 624 quid
1319 553 1452 626 pendente
1473 555 1652 626 appellatione
1673 559 1794 610 novetur.
1827 553 1932 624 Siquis

275 627 477 698 appellationem
494 625 696 694 ιεεεειιεεεειοι
713 625 815 682 iactum
829 625 917 692 luerit.
935 641 995 680 eum
1010 625 1077 680 adiri
1127 641 1160 680 ex
1181 623 1303 694 pluribus
1325 623 1489 680 facinoribus
1511 623 1701 678 condemnatus
1723 627 1835 696 prepter
1851 637 1932 692 quae·

276 703 290 748 3
326 699 443 774 eportet,
472 709 549 762 quem
575 693 711 762 appellare
739 695 798 776 quis
821 693 909 774 debet:
947 693 1078 748 Planesi
1127 695 1188 746 dom
1205 691 1362 772 appellarim
1384 697 1497 772 propter
1514 691 1643 760 quaedam
1660 707 1727 770 nen:
1751 691 1932 772 utrumdiffe-

275 779 309 830 ap
330 761 452 840 ellaeone
473 765 657 840 nenurecepta
678 777 732 814 non
754 777 843 840 npsum
865 761 973 824 amerit,
999 775 1077 840 quem
1126 759 1209 814 rende
1230 775 1318 840 papea
1340 775 1397 838 erus
1419 765 1455 840 εει
1472 775 1507 840 an
1523 775 1589 824 non,
1613 765 1755 826 quaeretur.
1792 765 1819 838 et
1835 775 1860 838 ss
1876 775 1932 826 qm-

275 779 374 894 deimt
391 829 438 882 sed
454 845 539 896 pnncr
559 843 607 894 em,
629 843 678 948 ppo
696 843 729 884 ee
746 829 897 892 habebitur,
917 833 997 908 atque
1014 845 1038 882 sn
1054 843 1077 882 rs
1127 827 1186 882 dem
1202 841 1325 896 memora
1341 831 1395 880 smt
1412 841 1535 892 mamma,
1553 825 1587 880 eb
1606 841 1674 894 quae
1692 827 1834 896 appellaeo
1851 833 1932 880 mter-

275 895 363 950 aditus
381 901 433 962 εει,
455 895 501 964 qui
518 911 534 948 a
554 895 560 908 ⁶
577 895 583 908 ‘
603 893 636 948 de
655 895 708 950 uite
731 895 811 964 idque
834 895 971 964 rescriptis
993 895 1076 964 impe·
1109 893 1284 964 peniteant,
1306 895 1389 950 levius
1412 899 1501 950 autem
1522 893 1562 960 id,
1585 901 1695 962 prepter
1735 895 1789 948 uod
1811 911 1866 950 non
1886 911 1902 948 a
1921 925 1933 940 -

275 967 291 1020 4
325 961 421 1042 ratpris
434 963 519 1042 nostri
529 961 658 1042 Antopini
671 963 844 1042 declaratur..
860 963 944 1042 Plane
959 963 982 1018 si
996 963 1077 1018 adum
1126 963 1242 1032 petierit,
1260 961 1414 1042 recipienda
1432 967 1473 1018 est
1490 961 1639 1042 omnimodo
1658 977 1726 1030 appe
1747 965 1800 1018 atio
1819 969 1845 1016 et
1877 961 1933 1042 ‘e-

275 1033 395 1152 imisit
408 1029 722 1154 attestantium
739 1031 846 1152 iiiii
862 1031 1076 1152 irruant·
1127 1031 1209 1152 init
1226 1045 1383 1152 atita
1405 1031 1818 1152 γιιιιιιιιίιιιιιῖιιΜ
1839 1035 1935 1152 'iiiit

275 1153 334 1220 tuta
360 1139 449 1244 εειειε
476 1155 651 1234 appellatorio
680 1115 802 1234 terripiira
815 1115 907 1220 sdebet
930 1165 972 1246 is,¹
1001 1115 1077 1220 cusiis
1126 1117 1213 1234 piena
1229 1115 1381 1234 iipoininda
1394 1115 1448 1222 titit.
1607 1113 1644 1168 pp
1756 1113 1881 1164 ’omum
1917 1115 1932 1152 θ

275 1231 417 1356 appellitae
434 1247 488 1286 non
505 1237 678 1354 ffieoepta'
696 1235 738 1288 vel
756 1237 948 1300 competentem
964 1231 1078 1288 rufficcm
1355 1259 1356 1262 ε

275 1315 532 1426 vsspffignfflo
546 1339 663 1422 sicunde
677 1369 711 1422 de
725 1367 952 1448 appellationibus
986 1367 1077 1422 Scien—
1561 1405 1572 1438 ,

275 1435 338 1490 dum
352 1439 399 1500 est,
414 1451 474 1490 cunr
488 1435 629 1504 appellatio
644 1453 699 1490 nen
711 1441 847 1504 recepitur,
859 1435 980 1504 praecipi
993 1435 1077 1490 sacris
1482 1407 1554 1468 Vffl
1573 1451 1581 1468 ·

276 1503 507 1558 constitutionibus
525 1503 612 1558 emnia
629 1503 657 1558 in
674 1501 766 1558 eodem
782 1507 854 1556 statu
869 1519 927 1558 esse
941 1519 990 1558 nec
1004 1503 1077 1570 quic·
1129 1521 1220 1580 QUAE
1242 1521 1461 1572 sumum
1483 1521 1562 1572 snm
1583 1521 1845 1572 mmmmm
1860 1521 1935 1574 Rus.

276 1587 354 1638 quam
371 1571 475 1638 novari,
502 1573 605 1626 etiarnsi
628 1575 723 1624 eontra
738 1569 832 1624 fiscum
849 1569 1012 1640 appellatum
1029 1571 1077 1624 sit:
1430 1589 1635 1640 opprpfflpup

275 1655 395 1708 eumque,
413 1639 457 1708 qui
475 1639 678 1708 appellationem
695 1655 750 1692 non
767 1639 905 1708 receperit,
928 1637 1078 1708 opinionem

275 1723 350 1762 suam
372 1707 510 1762 confestim
530 1723 579 1778 per
601 1707 755 1764 sabionem
778 1705 948 1762 manifestare
970 1711 996 1760 et
1013 1721 1077 1760 cau·
1165 1701 1535 1760 rusurrianensis
1559 1705 1592 1758 cle
1610 1703 1836 1774 appellationibus
1867 1703 1936 1760 Illud

275 1789 345 1838 sam,
392 1789 422 1828 ro
446 1791 498 1844 qua
521 1791 576 1828 nen
599 1773 699 1842 recepit
722 1773 939 1840 appellationem,
968 1773 1079 1842 eiusque
1128 1771 1337 1826 meminerimus:
1357 1771 1381 1826 si
1399 1777 1550 1838 quaeratur,
1567 1771 1714 1826 iudicatum
1730 1771 1765 1826 sit
1782 1787 1832 1826 nec
1848 1787 1891 1838 ne,
1909 1779 1936 1828 et

275 1857 349 1894 exem
368 1793 422 1894 iim
444 1843 489 1914 lit·¹
502 1843 570 1896 atoni
591 1843 669 1896 edere
692 1841 789 1894 debere
811 1841 942 1894 mendatis
961 1845 1078 1894 canetur.
1127 1837 1389 1918 laniuspuaestionis
1405 1837 1488 1894 iudex
1508 1855 1561 1894 non
1579 1853 1638 1894 esre
1655 1839 1802 1894 iudicatum
1816 1855 1935 1918 prenun-

310 1905 327 1966 7
370 1923 463 1964 nenvs
476 1859 549 1966 ¹inbre
572 1909 708 1978 siupulari
728 1909 762 1962 cle
784 1909 1011 1980 appellationibus
1050 1909 1079 1962 si
1128 1909 1248 1960 manenti
1265 1907 1329 1960 hcet
1345 1905 1426 1962 fuerit
1442 1905 1596 1972 iudicatum,
1614 1907 1782 1974 rescinditur,
1801 1921 1825 1960 ει
1839 1921 1937 1974 preve·

274 1993 316 2032 res
335 1975 487 2032 dilationem
507 1993 561 2030 non
578 1975 703 2044 recipiat,
728 1993 783 2032 nen
804 1977 965 2046 permittitur
986 1977 1078 2044 appel·
1132 1981 1142 2026 t
1181 1981 1269 2028 catum
1286 1989 1339 2028 non
1357 1973 1446 2028 fuerit.
1481 1975 1548 2028 Item
1571 1975 1594 2028 si
1617 1975 1715 2028 calculi
1737 1989 1813 2030 error
1831 1973 1859 2030 in
1876 1989 1936 2030 sen-

273 2045 336 2112 iare,
354 2045 443 2100 relut²
464 2059 498 2098 na
514 2051 701 2100 testamentum
719 2045 855 2114 aperiatur
872 2049 912 2110 (ut
929 2045 1005 2100 divus
1022 2045 1077 2100 Ha·
1129 2041 1213 2098 tentia
1229 2057 1289 2098 esse
1306 2041 1419 2106 dicatur,
1437 2043 1573 2110 appellare
1590 2057 1700 2098 necesse
1715 2059 1770 2098 nen
1783 2047 1838 2098 est:
1855 2041 1937 2098 veluti

274 2113 382 2170 dnanus
401 2113 558 2178 constituit),
582 2127 617 2166 ne
638 2111 803 2168 frumentum
818 2113 848 2168 in
864 2129 941 2168 usum
958 2113 1078 2178 militum,
1129 2111 1152 2164 si
1180 2109 1262 2165 iudex
1287 2109 1328 2164 ita
1353 2109 1580 2178 pronuntiaverim
1611 2109 1686 2164 ‘Onon
1712 2115 1817 2164 constet
1838 2109 1937 2164 Titium

273 2181 302 2236 in
318 2197 439 2236 annonae
456 2179 574 2236 subsidia
590 2181 773 2248 contrahatur,
791 2197 856 2236 neve
871 2181 987 2252 scriptus
1000 2181 1079 2236 heres
1130 2179 1198 2234 ‘Seio
1217 2195 1251 2234 ex
1266 2177 1314 2232 illa
1331 2179 1420 2246 specie
1438 2179 1636 2258 quinquaginta,
1654 2179 1717 2230 item
1734 2195 1768 2234 ex
1784 2177 1832 2230 illa
1848 2179 1937 2246 specie

277 2253 288 2302 1
325 2249 354 2302 in
375 2249 569 2318 possessionem
590 2249 741 2304 inducatur.
776 2251 843 2304 Item
860 2249 884 2304 si
901 2265 933 2304 ex
970 2255 1080 2316 erpetue
1130 2245 1230 2314 ‘viginti
1247 2247 1364 2314 quinque
1380 2245 1491 2312 debere,
1509 2245 1609 2300 idonce
1626 2245 1741 2300 Lucium
1759 2245 1858 2298 Titium
1877 2245 1937 2300 Seio

275 2317 360 2370 edicto
383 2315 483 2386 aliquid
505 2317 675 2382 decernatur,
703 2317 807 2386 idque
829 2317 915 2370 minus
958 2323 999 2384 at,
1025 2331 1080 2372 non
1130 2319 1245 2368 ‘centum
1267 2313 1439 2368 condemno':
1467 2329 1530 2368 nam
1555 2311 1680 2382 queniam
1703 2329 1777 2368 error
1800 2317 1937 2380 computa·

274 2389 289 2438 ι
343 2385 484 2440 ermittitur
509 2385 651 2454 appellare.
692 2383 759 2440 Item
789 2401 841 2452 quo
869 2383 957 2440 minus
983 2383 1080 2452 pignus
1128 2383 1207 2436 tionis
1225 2387 1279 2450 εει,
1303 2397 1353 2436 nec
1376 2383 1513 2452 appellare
1529 2395 1638 2434 necesse
1656 2387 1697 2436 est
1713 2387 1740 2436 et
1757 2381 1824 2434 eitra
1841 2397 1936 2450 prere·

274 2401 386 2508 ueniere
401 2451 489 2518 dcent,
506 2451 636 2522 oppedam
653 2467 707 2506 eon
723 2455 821 2528 potest.
1130 2449 1261 2506 cntionem
1274 2449 1425 2518 corrigiam.
1451 2449 1499 2506 sed
1513 2455 1540 2504 et
1553 2449 1576 2504 si
1588 2449 1670 2502 hudus
1683 2449 1844 2518 quaestionis
1858 2447 1938 2502 iudex

1130 2517 1289 2572 senmntiam
1301 2523 1407 2582 eentum
1419 2517 1621 2584 confirmaverit,
1634 2515 1658 2572 si
1669 2517 1774 2586 quidem
1784 2515 1852 2582 idco,
1866 2517 1937 2586 qued

1130 2585 1247 2654 quinqua
1266 2587 1322 2638 'nte
1336 2589 1364 2638 ct
1377 2585 1470 2654 viginti
1483 2587 1598 2654 quinque
1611 2585 1669 2638 lieri
1680 2591 1787 2640 eentum
1798 2585 1938 2654 putaverit,

639 2691 697 2752 VI,
1130 2653 1218 2708 adhuc
1239 2601 1310 2774 niatu
1333 2667 1407 2732 epror
1430 2653 1642 2734 contreetationis
1661 2655 1703 2708 εει
1723 2669 1788 2776 tnear}l
1802 2653 1939 2734 appellare

318 2745 321 2750 „
697 2735 706 2754 ·
1129 2737 1240 2776 necesse
1257 2737 1312 2776 es:
1336 2737 1360 2776 ει
1382 2737 1444 2776 vere
1467 2737 1527 2778 reo
1580 2737 1722 2776 uomame
1789 2737 1818 2776 as
1836 2737 1849 2776 s
1868 2737 1938 2776 ecies

307 2809 353 2860 nn
375 2807 534 2860 asenneus
557 2809 776 2872 emesenus,
802 2809 862 2866 eun
883 2809 1046 2860 enesnem
1129 2789 1221 2858 nune
1238 2789 1354 2860 quinque
1370 2787 1455 2844 anses
1472 2737 1580 2856 raeti
1604 2789 1777 2870 appellationi
1795 2739 1870 2872 teupi
1888 2795 1938 2844 aa.

584 2875 768 2926 mmmm,
915 2881 918 2886 ·
1131 2861 1146 2910 2
1179 2857 1255 2938 item·
1270 2873 1331 2940 eum
1355 2863 1450 2938 comma
1468 2873 1559 2938 sacras
1577 2861 1780 2938 consecutiones
1797 2857 1938 2938 mdicatur,

311 2989 324 3048 1
350 2989 525 3072 Maecianus
549 2991 616 3072 libro
646 2991 762 3048 samnio
791 2991 825 3046 cic
853 2991 1081 3064 appellationibus
1129 2925 1644 3058 {ppesslpttgglmpupppgpgtagggmpltgrpppe
1660 2929 1939 3060 iiiiiiiuctiilriiifuiltin

274 3061 339 3116 Post
355 3061 560 3128 appellationem
575 3061 760 3130 mterpositam
777 3061 885 3114 litterae
902 3059 1004 3114 dandae
1018 3067 1081 3114 sunt
1131 3061 1164 3116 de
1178 3061 1236 3116 iure
1248 3061 1390 3130 litigatoris
1403 3067 1600 3130 pronunnatur.
1627 3077 1689 3114 nam
1706 3061 1728 3116 si
1745 3059 1824 3116 index
1840 3061 1941 3116 uolenti

274 3129 309 3182 ab
327 3141 371 3192 ee,
392 3143 408 3182 a
431 3145 483 3198 qno
506 3127 669 3198 appellatum
690 3133 744 3194 εει,
768 3127 803 3184 ad
821 3145 895 3194 eum,
919 3127 965 3200 qui
982 3127 1014 3184 de
1032 3143 1080 3198 ap·
1130 3145 1159 3184 se
1176 3145 1210 3184 ex
1220 3133 1240 3162 ¹⁰
1258 3145 1324 3186 eura
1339 3129 1456 3184 muneris
1473 3129 1514 3184 rel
1531 3131 1630 3184 tutelae
1648 3127 1779 3184 beneficio
1796 3129 1940 3184 liberorum

273 3195 417 3266 pellatione
439 3195 591 3264 cogniturus
613 3203 667 3264 εει,
692 3197 746 3250 ειεε
767 3195 914 3266 principem
932 3197 986 3250 sive
1003 3211 1081 3266 quem
1130 3197 1171 3252 vel
1186 3199 1282 3252 aetatis
1297 3201 1345 3252 aut
1361 3197 1455 3268 privile
1474 3197 1489 3208 ''
1508 3211 1644 3262 excusare,
1663 3197 1758 3252 dixerit
1772 3211 1857 3266 neque
1870 3197 1940 3250 fides

275 3265 363 3328 alium,
382 3279 448 3334 quas
465 3265 567 3318 litteras
585 3263 747 3320 dimissorias
765 3265 820 3320 sive
837 3281 853 3318 a
873 3265 974 3318 ostoles
988 3265 1080 3334 appel·
1130 3281 1216 3334 neque
1233 3271 1349 3320 aemtem
1366 3271 1414 3318 aut
1431 3213 1515 3318 elilim
1550 3265 1696 3334 ririlegium
1714 3265 1749 3318 ad
1766 3265 1881 3320 muneris
1898 3263 1941 3320 rel

277 3337 288 3384 1
325 3333 389 3386 lant.
425 3331 524 3386 Sensus
547 3337 636 3412 autem
658 3333 807 3388 litterarum
830 3333 876 3412 ιε’
909 3339 963 3388 ert:
988 3333 1080 3400 appel·
1130 3333 1231 3389 tutelae
1253 3331 1454 3388 excusationem
1481 3281 1620 3402 prognaes,
1649 3331 1683 3388 de
1709 3331 1769 3388 iure
1796 3333 1940 3388 constituto

274 3401 344 3456 lasse
365 3405 432 3470 puta
454 3399 567 3454 Lucium
587 3399 686 3455 Titium
709 3417 725 3454 a
746 3399 983 3466 sententialibus,
1013 3415 1082 3470 quae
1149 3401 1320 3456 renuntiasse
1335 3401 1509 3470 intellegitur:
1534 3401 1651 3472 quodsi
1673 3401 1707 3456 de
1730 3403 1788 3456 iure
1811 3415 1859 3464 suo
1877 3417 1941 3470 pre·

275 3473 290 3522 2
323 3469 469 3550 interillos
488 3469 559 3550 dieta
577 3475 625 3550 est.
662 3469 767 3524 Sufficit
789 3475 879 3550 autem
895 3469 994 3538 petisse
1006 3469 1082 3550 'intra
1130 3419 1239 3550 iantenn
1255 3469 1401 3536 admiserit,
1418 3469 1467 3526 sed
1481 3469 1581 3524 idcirce
1598 3475 1692 3526 contra
1709 3485 1769 3524 eum
1784 3469 1941 3524 seutentiam

275 3541 379 3618 tempus
398 3535 558 3616 ermessenas
575 3541 707 3592 metantes
724 3541 751 3592 et
768 3553 884 3606 saepms,
902 3541 933 3592 ut
950 3541 977 3592 et
991 3553 1014 3592 sn
1027 3553 1082 3592 nen
1131 3537 1241 3604 derant,
1265 3537 1336 3606 qued
1358 3537 1493 3606 negaverit
1515 3553 1575 3592 eum
1598 3537 1631 3592 de
1655 3543 1743 3616 aetate
1766 3553 1817 3592 sua
1838 3543 1885 3592 aut
1908 3537 1941 3592 de

275 3603 770 3728 laterianensis-tua
785 3611 1083 3728 ιεε
1258 3605 1561 3728 ”tensum
1586 3607 1620 3660 ι
1642 3605 1941 3728 iurclinum

274 3739 423 3810 anigitur,
446 3741 477 3822 ειι
486 3689 612 3810 perseum
629 3691 746 3806 sieterit,
764 3715 944 3822 quidenebai
958 3691 1081 3796 dariulit·
1131 3687 1941 3822 1311estssptprrnecffinerpeppcotocpsesraepplporio'oqugenseslrlss

275 3813 355 3876 teras,
374 3825 530 3880 queremus
549 3809 602 3874 det,
620 3825 654 3864 ne
669 3811 722 3864 hoc
740 3815 882 3878 aecrprentn
897 3815 1001 3864 noceat.
1131 3815 1299 3930 progenitum
1320 3815 1362 3862 est
1379 3825 1464 3878 neque
1481 3809 1514 3888 'in
1535 3811 1656 3864 notabam
1675 3815 1797 3880 pervenit
1814 3811 1940 3874 absentis,

937 3919 938 3922 ,
1133 3891 1185 3932 con
1203 3877 1318 3930 emnatie
1344 3877 1390 3940 tit,
1422 3877 1521 3930 numus
1545 3877 1671 3930 momenti
1698 3893 1757 3932 esse
1784 3879 1941 3932 εεειεειιειε

1133 3949 1148 3998 t
1183 3943 1386 4000 constitutiones
1411 3943 1631 3998 demonstrant¹¹.
1673 3945 1702 4000 st
1731 3943 1803 4012 apud
1829 3945 1942 4000 eamdem

638 4049 714 4110 VH„
1131 4011 1245 4092 iudicem
1267 4011 1380 4132 insipepp
1397 4015 1536 4134 getam&
1563 4010 1592 4132 sie
1610 4015 1718 4090 etmea
1740 4017 1833 4132 effice
1848 4013 1941 4132 ppititie

715 4095 722 4112 ·
1132 4095 1190 4134 ειεε
1212 4095 1301 4134 usuns
1335 4095 1365 4132 un
1446 4095 1475 4132 ru
1549 4095 1576 4132 m
1633 4095 1730 4134 nerem
1791 4095 1868 4134 reon
1887 4095 1940 4134 ern-

308 4167 410 4220 Nfflpp
434 4167 617 4220 pppovpppo
644 4167 907 4220 Appppppffloppp
929 4167 1048 4218 ppppp.
1132 4149 1218 4214 navit,
1238 4165 1290 4216 quo
1307 4147 1392 4216 magis
1409 4153 1440 4200 ιε
1456 4147 1530 4216 prior
1546 4161 1589 4202 me
1607 4095 1811 4202 indemnatum
1828 4147 1940 4202 habeas:

614 4237 741 4288 POSITm
1132 4231 1187 4270 nen
1199 4221 1242 4270 est
1253 4215 1318 4270 mihi
1330 4231 1440 4270 neeesse
1452 4231 1502 4294 pro
1514 4215 1566 4296 hac
1579 4231 1662 4294 causa
1675 4217 1819 4294 appellare,
1835 4217 1941 4284 quande

289 4349 325 4416 ¹i
353 4349 495 4432 dannanus
515 4351 583 4430 libne
600 4357 698 4432 quarto
716 4351 749 4404 de
765 4351 992 4422 appellationibus
1025 4353 1080 4420 Ap·
1131 4283 1279 4406 peercpngpff
1296 4299 1398 4420 iiiiii,
1416 4283 1941 4430 ωιιιῗιιειξιηειιέἳέθξιεωειὴεῗῖὲΐοεῗεὲῃθρὲιῗ-

275 4419 419 4488 pellatrone
434 4423 603 4498 interposita,
623 4435 687 4498 srva
704 4435 736 4474 ea
759 4423 869 4488 recepta
890 4419 927 4474 sit
948 4419 1081 4486 eirenen,
1131 4423 1204 4474 tiene
1224 4419 1367 4474 iudicetur.
1400 4369 1448 4476 sei
1468 4417 1553 4488 magis
1575 4423 1628 4486 est,
1651 4423 1682 4472 ut
1699 4419 1842 4490 appellatae
1859 4417 1941 4474 inter·

275 4485 362 4548 medie
379 4491 497 4556 tempere
514 4487 581 4540 mhtl
598 4501 690 4542 noran
707 4493 825 4558 eportet:
844 4487 867 4540 si
882 4485 987 4556 quidem
1001 4485 1083 4542 fuerit
1132 4493 1255 4556 ponatur.
1383 4543 1385 4548 ,

275 4561 383 4624 recepta
399 4555 555 4624 appellatio,
593 4555 637 4608 uia
654 4571 714 4610 rcee
732 4561 762 4608 ta
779 4561 833 4610 est:
851 4553 875 4612 si
891 4571 951 4610 vere
969 4571 1024 4608 nen
1041 4561 1083 4610 eat
1166 4551 1322 4610 2Paeeus
1343 4555 1410 4610 libro
1435 4555 1512 4608 tertio
1535 4569 1725 4626 responsorum
1763 4555 1863 4608 Paulus
1885 4571 1941 4610 res·

275 4627 395 4690 recepta,
425 4639 459 4678 ne
485 4621 579 4690 precio
599 4623 676 4676 'cium
722 4629 762 4688 et,
795 4621 884 4690 quoad
914 4621 1081 4688 deliberetur,
1131 4621 1226 4692 pendit
1247 4639 1320 4690 eum,
1345 4621 1390 4690 qui
1409 4621 1439 4676 in
1454 4623 1535 4678 rebus
1552 4623 1676 4678 humanis
1694 4639 1748 4676 nen
1766 4621 1818 4676 fuit
1835 4629 1940 4678 senten·

278 4697 290 4764 1Ι
326 4697 414 4744 utrum
434 4691 588 4760 recipienda
611 4691 647 4746 sit
663 4691 808 4760 appellatio
826 4705 862 4744 an
878 4691 994 4746 nonsit.
1028 4691 1080 4746 Re·
1131 4691 1185 4746 tiae
1198 4689 1426 4760 dictaetempore,
1443 4689 1618 4744 inefficaciter
1631 4689 1836 4744 condemnatum
1847 4689 1940 4744 videm

276 4765 354 4880 ἓεειε
377 4759 665 4880 autemapgellationc
682 4759 784 4840 tandm
801 4757 870 4812 nihil
887 4759 938 4814 erit
953 4759 1081 4840 innovan-
1135 4765 1145 4812 t
1182 4759 1254 4840 Idem
1275 4757 1415 4828 respondit
1436 4759 1562 4838 aduersus
1585 4773 1658 4822 eum,
1682 4759 1727 4826 qui
1748 4759 1777 4810 in
1793 4759 1872 4836 rebus
1891 4759 1941 4812 hn-

276 4843 355 4948 2¹¹⁰it
376 4825 519 4964 mo
541 4827 1081 4974 ioribpiitiiiisitiitlfiiiiiiilii
1131 4825 1941 4972 statucensentientemattitulat

275 4979 329 5016 nen
351 4963 486 5016 arcebitur
506 4977 591 5032 neque
607 4965 652 5016 mi
669 4963 747 5016 ltalia
764 4977 852 5032 neque
868 4961 914 5016 ιεἵ
937 4963 1081 5042 provincia,
1132 4963 1230 5016 dietam
1244 4975 1316 5028 ¹vires
1332 4963 1441 5016 habere.

275 5035 291 5082 3
326 5047 378 5098 qua
398 5031 529 5098 relegatus
551 5035 599 5084 est.
634 5029 749 5098 Propter
769 5031 880 5084 eandem
902 5037 1032 5084 moenem
1056 5035 1083 5086 et
1166 5027 1282 5086 3Ioen
1303 5029 1371 5084 libro
1394 5035 1473 5084 sento
1491 5029 1593 5084 decim
1610 5043 1801 5110 repensorem
1840 5029 1942 5084 Paulus

275 5097 299 5170 ει
316 5099 374 5164 quis
392 5097 546 5166 deportatus
563 5095 615 5150 fruit
631 5097 665 5152 ab
685 5113 725 5162 eo,
744 5099 788 5152 cui
805 5097 963 5166 deportandi
974 5097 1017 5152 ins
1031 5103 1080 5164 est,
1132 5095 1269 5166 respondit
1291 5095 1446 5164 inpossibile
1464 5113 1561 5164 praece
1580 5101 1637 5152 tum
1653 5095 1748 5150 iudicis
1766 5095 1865 5150 nullius
1883 5111 1942 5152 esse

275 5167 316 5218 vel
339 5165 497 5228 adnotatus,
521 5179 606 5234 neque
627 5165 732 5218 macula
748 5167 871 5266 patietur
892 5179 978 5234 neque
999 5165 1082 5218 ullam
1134 5169 1146 5218 1
1181 5163 1316 5218 momenti.
1356 5163 1431 5218 Idem
1451 5179 1550 5234 respon
1570 5165 1590 5218 ἰ
1613 5165 1647 5218 ab
1670 5179 1704 5218 ca
1727 5165 1871 5230 sententia,
1898 5165 1942 5218 εει

274 5233 354 5286 aliam
376 5233 513 5298 iniuriam,
537 5249 616 5302 quam
638 5233 765 5300 patitur,
790 5233 836 5302 qui
858 5233 1005 5290 sententiae
1026 5249 1082 5288 non
1131 5233 1221 5302 pareri
1247 5245 1338 5288 rerum
1364 5237 1463 5288 natura
1484 5247 1538 5286 non
1563 5233 1667 5302 potnit,
1697 5231 1755 5286 sine
1784 5245 1866 5286 cansa
1893 5247 1941 5302 ap·

275 5299 459 5368 adquieverat:
482 5301 583 5368 integer
600 5301 668 5354 enirn
685 5305 772 5356 status
790 5317 849 5356 εεεε
865 5301 970 5356 videtur
986 5317 1082 5370 provo·
1131 5299 1234 5370 paliari

275 5373 291 5420 4
327 5369 432 5422 catione
448 5369 612 5438 interposita.
648 5369 721 5436 Ergo
743 5373 771 5422 et
792 5371 816 5422 si
838 5369 972 5424 abstinere
989 5369 1082 5422 ordine

273 5435 364 5490 iussus
383 5435 417 5490 sit
434 5441 461 5488 ει
478 5437 667 5502 provocaverit,
685 5437 778 5490 eadam
794 5437 899 5492 ratione
914 5441 1004 5506 potest
1021 5451 1082 5492 cee-

276 5511 333 5560 tem
348 5503 518 5574 participare,
537 5521 597 5558 conr
614 5505 666 5558 hoc
683 5505 719 5558 sit
733 5505 906 5560 constitutum
919 5509 948 5560 et
960 5503 1081 5572 sitieris,

275 5679 306 5740 (ι)
322 5675 525 5742 impedimentum
533 5677 592 5726 ilat
661 5677 695 5738 (ιι
711 5679 837 5728 sindana
848 5673 966 5740 Bane
1131 5675 1242 5728 del.edd.
1312 5677 1346 5742 (a)
1364 5691 1438 5740 quam
1445 5673 1597 5742 patitnrdel.

309 5749 342 5808 tol
359 5743 534 5794 Sub—Bos.
546 5745 633 5806 e,1‚n
670 5795 671 5798 ,
701 5749 732 5806 (tl
751 5743 933 5808 repetentem
1164 5743 1199 5808 (ι)
1217 5745 1277 5796 Sub.
1294 5755 1317 5804 ις
1336 5745 1400 5810 Pap.
1416 5755 1436 5796 a.
1452 5755 1473 5796 ι.
1486 5773 1519 5782 «-
1535 5743 1632 5808 Base,
1646 5755 1665 5806 1,
1679 5755 1809 5796 tt...tb.·-
1826 5743 1861 5810 Os
1876 5745 1933 5796 Ced.

309 5815 342 5878 (ιι
362 5813 466 5864 Sab—
476 5813 538 5862 Bes,
549 5813 574 5878 9,
583 5823 602 5876 ι,
611 5821 636 5864 ιι
705 5815 739 5878 (bl
757 5811 844 5862 novari
854 5811 903 5862 iud.
914 5813 940 5862 F
1001 5813 1034 5876 (ι)
1052 5811 1080 5860 in
1131 5815 1154 5876 i,
1167 5821 1194 5872 tt
1262 5813 1309 5878 (ιι)
1326 5827 1396 5864 asor.
1466 5815 1506 5878 (ιι)
1524 5811 1725 5864 demomnentF
