4366 6258
276 353 404 424 XXXX
426 355 445 420 7
1080 349 1151 426 ‘634
1284 435 1285 438 Ἴ
1529 383 1533 390 ‘¹
1650 367 1944 422 reseruassemus

278 539 475 610 quaestionem¹
494 553 552 594 esse
569 537 596 592 in
613 537 664 592 hac
682 537 783 608 specie,
812 553 880 608 quae
904 543 931 592 et
947 539 978 594 in
992 537 1087 608 legatis
1138 553 1299 608 quamquam
1327 537 1396 592 enim
1422 553 1457 592 ex
1483 541 1572 606 empto
1598 537 1741 604 utactio,
1770 545 1860 596 tamen
1882 547 1944 610 apud

313 609 394 660 'tatur
411 607 459 660 ‘illi
477 623 537 660 eum
554 607 600 658 illo
618 607 670 670 do',
694 621 733 660 an
753 607 837 660 altero
862 607 1002 660 deficiente
1018 607 1088 660 alter
1137 621 1178 660 em
1199 611 1286 660 torem
1302 607 1437 674 peculium
1454 621 1547 658 sersus
1565 621 1620 658 non
1637 605 1742 658 hahuit.

278 681 294 726 a
341 673 455 742 legatum
484 673 655 726 admittatur:
685 673 757 742 quod
785 673 869 740 magis
897 673 949 726 sibi
971 673 1086 742 placere,
1172 623 1212 730 §6
1236 673 1316 726 Iona
1336 673 1404 728 libro
1426 673 1545 726 secundo
1569 673 1755 740 definitionum
1795 673 1827 726 In
1855 673 1941 732 tabulis

277 739 386 808 perinde
407 755 440 794 ac
463 739 486 794 si
507 739 547 792 ita
569 739 697 808 scriptum
719 745 791 794 esset
808 739 855 792 ‘illi
872 745 899 792 et
916 739 971 792 illi’.
1007 741 1089 794 aham
1137 739 1261 794 secundis
1274 739 1329 792 filio
1342 755 1447 794 servum
1457 741 1478 772 ²⁰
1495 739 1560 792 data
1571 739 1695 794 libertate
1707 739 1883 792 substitutum
1893 739 1941 798 inre

278 805 357 860 etiam
369 821 428 862 esse
441 805 631 874 quaestionem,
649 823 685 860 an
702 805 888 860 contubernali
903 821 1008 874 quoque
1023 821 1088 860 con·
1137 805 1288 860 statuliberi
1304 807 1451 874 prudentes
1464 805 1631 858 munierunt:
1650 805 1722 874 quod
1734 805 1836 858 utilitas
1849 805 1941 876 recipit,
1963 863 1965 872 ,

277 871 348 926 dicio
365 873 456 926 iuncta
479 873 527 926 sit:
553 873 624 940 quod
645 873 729 940 mame
752 877 830 928 esset.
866 873 956 940 itaque
974 873 996 926 si
1013 873 1088 926 nulla
1138 871 1239 926 scilicet
1256 877 1287 926 ut
1302 889 1363 926 cum
1377 889 1427 926 sua
1441 889 1525 926 causa
1536 871 1707 936 alienaretur,
1725 887 1759 926 ne
1773 871 1857 940 patris
1869 877 1941 928 teste-

277 937 380 1006 reliqua
397 939 504 992 Stichus
521 939 657 1006 habuerit,
681 939 771 994 statim
794 953 853 992 eam
869 939 983 994 liberam
1001 941 1087 1004 esse',
1137 943 1256 992 mentum
1271 955 1340 1006 puer
1355 939 1427 992 filius
1444 937 1588 992 rescindat.
1626 955 1695 1006 quae
1716 939 1784 992 iuris
1807 941 1941 1000 auctoritas

278 1005 301 1070 si
318 1005 442 1060 hahuerit
458 1005 570 1073 reliqua,
587 1007 684 1060 debere
701 1021 761 1060 eam
776 1021 918 1060 numerare
932 1005 1088 1072 pecuniam:
1140 1005 1209 1058 citra
1228 1005 1354 1060 dilectum
1377 1005 1477 1060 ordinis
1502 1005 1536 1058 ad
1554 1005 1701 1060 secuudum
1718 1021 1824 1074 quoque
1841 1005 1883 1060 vel
1897 1011 1941 1062 ter-

277 1087 327 1126 nec
352 1075 442 1126 amen
462 1071 597 1126 hciturum
617 1087 649 1126 ex
673 1089 722 1128 suo
746 1071 849 1140 peculio
873 1073 949 1136 dare,
974 1073 1038 1140 quia
1059 1069 1089 1126 id
1137 1071 1206 1124 tium
1223 1073 1398 1126 substitutum
1413 1077 1541 1140 porrecta
1558 1077 1607 1126 est.

277 1139 329 1192 illis
345 1139 504 1206 permissum
521 1139 569 1204 sit,
594 1141 639 1208 qui
663 1137 847 1210 principaliter
869 1153 919 1208 pro
941 1153 991 1196 sua
1007 1139 1104 1192 libes
1172 1135 1212 1194 37
1233 1139 1326 1194 Gerus
1340 1139 1409 1192 libro
1426 1139 1563 1208 siapaiam'
1579 1139 1614 1194 de
1631 1139 1739 1194 cambus
1772 1135 1801 1192 Si
1815 1137 1853 1192 ita
1867 1139 1938 1210 scrip.

278 1211 333 1258 tate
350 1207 492 1274 pecuniam
509 1207 573 1260 dare
590 1207 724 1262 iubentur.
1137 1207 1194 1258 ium
1211 1205 1263 1258 sit:
1287 1203 1417 1260 ‘Stichum
1435 1205 1508 1260 Titio
1526 1205 1572 1270 do,
1594 1211 1626 1258 ut
1643 1221 1704 1260 eum
1721 1205 1903 1258 manumittat:
1924 1213 1939 1268 si

312 1267 352 1328 32
369 1271 528 1326 chrrrmus
539 1275 673 1328 Restare
688 1273 756 1326 libro
765 1273 859 1342 primo
875 1273 1032 1342 repuleram
1058 1269 1088 1326 Si
1138 1277 1201 1326 ‘non
1217 1273 1409 1340 manumiserit,
1427 1273 1496 1326 liber
1513 1273 1620 1338 esto’¹¹,
1639 1273 1731 1328 statim
1748 1273 1869 1326 Stichum
1885 1273 1938 1328 libe-

278 1339 381 1392 duohns
392 1339 532 1394 heredibus
541 1341 669 1396 institutis
680 1353 771 1392 servus
782 1337 851 1392 lihar
860 1355 918 1394 esse
926 1339 1014 1392 iussus
1027 1339 1062 1390 sit
1067 1339 1087 1404 ³,
1138 1355 1197 1392 rum
1215 1353 1282 1394 esse.

278 1405 301 1458 si
319 1405 409 1460 decem
425 1405 567 1462 heredibus
585 1405 700 1468 dederit,
725 1405 759 1456 ab
783 1405 868 1460 altero
890 1421 925 1458 ex
945 1405 1088 1460 heredibus
1172 1401 1212 1462 38
1232 1405 1351 1460 Parrus
1366 1407 1434 1460 libro
1447 1407 1541 1476 primo
1559 1405 1596 1460 ed
1613 1405 1755 1460 Neratium
1789 1405 1851 1460 Non
1874 1421 1938 1466 omn:

278 1471 389 1526 rement
405 1477 432 1526 et
448 1473 562 1528 traditus
578 1473 666 1536 fuerit,
684 1487 734 1540 pro
744 1473 846 1590 (prestet
864 1471 941 1526 alteri
959 1489 994 1526 ex
1010 1471 1087 1526 here·
1139 1473 1172 1526 ab
1196 1471 1301 1526 heredis
1325 1487 1441 1540 persona
1463 1471 1641 1526 interveniens
1664 1471 1692 1526 iu
1712 1471 1871 1528 adimantum
1895 1477 1938 1528 sta.

278 1539 365 1604 dibus,
383 1555 400 1594 a
417 1555 469 1606 quo
484 1555 539 1594 non
553 1539 671 1606 venient,
689 1539 742 1592 dan
762 1541 935 1606 opecuniam
947 1539 1013 1594 liber
1028 1539 1087 1594 erit.
1139 1537 1253 1592 tulibero
1276 1555 1326 1606 pro
1350 1539 1457 1606 expleta
1474 1539 1630 1594 condicione
1648 1555 1678 1594 ce
1700 1541 1732 1606 ἰ,
1757 1539 1804 1594 sed
1826 1539 1854 1592 id
1876 1537 1938 1594 dun.

314 1601 353 1662 33
371 1605 555 1660 Passerinus
570 1607 637 1660 libro
651 1605 768 1660 secundo
783 1607 969 1674 quaestionum
995 1605 1087 1660 Statu·
1138 1609 1222 1672 taxat,
1241 1605 1313 1674 quod
1329 1607 1514 1674 impediendae
1530 1605 1664 1660 libertatis
1681 1609 1784 1660 factum
1802 1611 1851 1660 est.

278 1673 421 1726 liberorum
437 1675 498 1726 iura
512 1689 561 1744 per
572 1673 696 1728 heredem
705 1671 765 1726 fieri
776 1689 831 1726 non
842 1679 957 1742 possunt
969 1671 1086 1728 duriora.
1172 1669 1212 1730 39
1223 1675 1245 1708 ¹²
1274 1673 1442 1728 laborares
1469 1675 1536 1750 libro
1567 1681 1664 1744 quarta
1692 1689 1730 1728 cer
1752 1675 1938 1756 posterioribus

312 1739 352 1798 34
369 1741 449 1796 Iona
464 1741 531 1796 libro
548 1741 690 1796 vicensimo
704 1741 797 1810 primo
813 1743 999 1810 quaestionum
1026 1741 1086 1796 Ser·
1138 1741 1272 1798 Labeonis
1307 1741 1437 1796 ‘Stichum
1454 1741 1528 1796 Attio
1547 1741 1580 1796 do
1598 1741 1656 1810 lego
1674 1747 1716 1806 et,
1740 1759 1764 1796 sr
1785 1741 1809 1796 is
1832 1741 1857 1794 ei
1873 1757 1938 1798 num·

278 1825 326 1864 rus
344 1807 367 1864 si
383 1807 479 1864 heredi*
492 1809 582 1862 decem
606 1807 723 1872 dederit,
734 1847 735 1850 ,
746 1807 815 1862 liber
838 1823 896 1864 esse
919 1809 1008 1864 iussus
1031 1813 1087 1864 est:
1139 1813 1204 1864 ‘mos
1223 1813 1329 1864 centum
1346 1809 1457 1874 dederit,
1475 1811 1543 1864 liber
1560 1809 1635 1864 esto'.
1663 1809 1687 1864 si
1709 1825 1801 1864 sersus
1818 1825 1852 1862 ex
1867 1813 1938 1866 usta.

279 1877 463 1930 stauiliberum
480 1877 558 1930 heres
575 1891 636 1930 eum
652 1875 807 1930 manumisit
824 1891 856 1930 ac
869 1881 964 1944 postea
976 1873 1087 1930 defunc·
1137 1883 1227 1930 mento
1244 1891 1367 1930 nummos
1384 1877 1459 1930 Attio
1478 1877 1607 1942 dedisset,
1625 1891 1671 1930 eos
1689 1885 1810 1956 repetere
1827 1877 1938 1934 heredem

278 1951 321 1996 tus
340 1949 389 1998 est.
419 1943 523 1996 heredis
540 1943 632 1996 heredi
648 1943 763 2010 pecnnia
776 1943 930 1998 dandanon
941 1949 996 1998 est:
1016 1943 1088 2010 quod
1137 1959 1192 1996 non
1209 1959 1289 2012 posse
1306 1943 1398 1996 Labeo
1416 1945 1563 2008 exstimat,
1587 1943 1651 2012 quia
1666 1945 1757 1998 Attius
1776 1959 1822 1998 eos
1840 1957 1936 2002 a‘serro

278 2011 348 2064 enirn
362 2011 465 2080 placuit
482 2011 588 2064 heredis
605 2011 695 2064 heredi
707 2011 766 2066 dari
782 2017 913 2080 oportere,
932 2013 1014 2066 ιιιιιθ5
1033 2027 1088 2066 ure·
1138 2027 1186 2066 suo
1211 2011 1358 2080 acceperit,
1386 2027 1440 2066 nan
1462 2013 1497 2066 ab
1520 2011 1626 2066 heredis
1649 2027 1735 2066 serre.
1778 2027 1838 2066 enm
1862 2019 1965 2072 auten¹

278 2079 384 2134 minens
401 2077 490 2134 locum
507 2079 618 2144 habere,
637 2095 697 2132 cum
715 2081 789 2148 prior
806 2083 884 2134 heres
902 2079 1023 2136 dominus
1041 2095 1087 2134 ac·
1138 2079 1323 2134 statuliberum
1349 2093 1408 2134 esse
1430 2079 1544 2146 Quintus
1568 2079 1688 2146 Mucius,
1718 2079 1811 2134 Gallus
1841 2083 1867 2134 et
1892 2083 1938 2148 ipss

279 2153 405 2218 capturus
422 2147 563 2216 pecuniam
579 2147 637 2200 luit.
669 2163 738 2216 quae
755 2163 837 2204 causa
854 2147 921 2202 iacit
937 2149 1086 2204 ambulato-
1137 2149 1229 2202 Labeo
1246 2151 1356 2216 putant:
1376 2145 1492 2212 Servius,
1511 2147 1604 2202 Ofilius
1619 2163 1673 2202 non
1688 2163 1754 2202 esse.
1787 2149 1937 2216 superiorem

278 2217 360 2284 nam,
382 2221 413 2270 nt
428 2217 467 2270 ita
484 2215 607 2284 dixerim,
630 2215 828 2272 condicionem:
851 2217 920 2272 duae
937 2223 999 2272 sunt
1016 2217 1087 2272 enim
1138 2217 1296 2272 sententiam
1316 2215 1415 2286 probo,
1440 2215 1479 2270 ita
1501 2221 1602 2282 tamen,
1626 2221 1657 2270 ut
1678 2215 1702 2272 is
1726 2233 1817 2272 sersus
1835 2217 1937 2286 heredis,

280 2299 390 2350 causae,
413 2301 461 2354 per
482 2301 549 2354 quas
569 2285 598 2338 in
614 2285 693 2356 primi
708 2287 814 2340 heredis
831 2301 947 2354 persona
965 2285 1086 2340 condicio
1140 2301 1194 2338 non
1216 2287 1336 2352 legatarii
1358 2285 1405 2348 sit,
1429 2291 1524 2352 utpote
1541 2301 1602 2338 cum
1619 2284 1736 2354 legatum
1753 2285 1938 2344 statulibertate

277 2353 409 2422 impletur,
428 2353 535 2408 dominii
552 2353 629 2420 ratio,
650 2353 714 2408 item
730 2369 862 2422 personae
880 2353 1086 2410 demonstratio:
1140 2359 1151 2406 1
1187 2353 1338 2410 tollatur¹³.
1373 2353 1490 2408 ‘Stichus
1507 2353 1574 2408 liber
1591 2359 1663 2418 esto,
1687 2353 1794 2422 quando
1817 2369 1863 2406 aas
1884 2355 1936 2410 alie·

278 2423 351 2492 prior
368 2437 450 2476 causa
466 2421 564 2476 transit
579 2419 607 2474 in
626 2437 729 2476 omnem
748 2437 937 2488 successorem,
956 2421 991 2476 ad
1008 2437 1087 2488 quem
1139 2423 1210 2476 ‘num
1227 2437 1315 2476 meum
1333 2421 1449 2476 solutum
1468 2421 1675 2476 creditoribusre
1697 2423 1764 2476 meis
1781 2419 1936 2482 satisfactura
1960 2443 1964 2484 ,

278 2491 428 2558 pervenerit
448 2491 588 2546 statuliber
610 2505 659 2558 per
679 2489 789 2544 dominii
804 2489 930 2544 translati
947 2489 1086 2544 continua·
1138 2491 1213 2544 ‘erit'.
1249 2489 1366 2558 quamvis
1385 2491 1461 2548 heres
1478 2489 1598 2558 locuples
1616 2489 1761 2554 extitisset,
1783 2495 1872 2544 tamen
1893 2485 1964 2548 noni

278 2557 385 2624 donem,
403 2573 516 2626 sequens
533 2573 663 2628 personae
681 2557 821 2612 dumtaxat
834 2557 900 2626 eius,
919 2557 963 2626 qui
979 2557 1086 2612 demon·
1136 2557 1212 2626 prins
1229 2557 1349 2612 Stichum
1365 2557 1478 2614 liberum
1496 2557 1623 2626 futurum,
1642 2575 1722 2626 quam
1740 2557 1884 2612 creditores
1900 2575 1937 2628 pe·
1960 2543 1964 2618 l

284 2631 294 2680 t
331 2632 431 2680 stratus
455 2629 510 2692 esi,
534 2627 669 2680 adhaeret.
704 2627 855 2696 Imperator
870 2627 1021 2682 Antoninus
1037 2641 1086 2698 ‚re-
1139 2627 1242 2680 cuniam
1267 2633 1315 2680 aut
1334 2625 1402 2682 satis
1425 2641 1490 2680 acce
1509 2627 1593 2694 issent
1616 2625 1700 2680 aliove
1723 2643 1775 2696 quo
1798 2625 1875 2680 modo
1896 2629 1937 2682 sibi
1963 2637 1964 2640 ’

279 2695 385 2764 scripsit
401 2695 504 2750 iussum
518 2695 634 2752 ratores
649 2695 760 2752 reddere
779 2701 805 2750 et
821 2695 960 2752 hherum⁵'
979 2695 1088 2760 essaei
1139 2697 1154 2748 2
1190 2695 1335 2760 cavissent,
1358 2695 1451 2752 Labeo
1471 2643 1565 2750 Oblius
1586 2695 1790 2764 responderunt.
1825 2695 1854 2750 Si
1871 2695 1937 2750 heres
1964 2759 1965 2762 Ἴ

279 2765 355 2818 heres
374 2763 528 2820 causabitur
545 2763 665 2834 accipere
680 2765 807 2830 rationes,
825 2765 908 2818 nihilo
922 2765 1007 2818 minus
1020 2764 1087 2818 libe·
1138 2779 1213 2818 serso
1230 2763 1373 2834 pecuniam
1391 2763 1425 2818 ad
1442 2763 1630 2832 negotiandum
1653 2763 1784 2830 dedisset,
1809 2763 1935 2818 statulibe-

278 2849 336 2888 rum
353 2831 420 2888 fore.
455 2833 525 2900 qued
549 2833 708 2902 rescriptum
725 2833 762 2888 ita
778 2833 866 2902 accipi
884 2833 973 2902 debet,
995 2837 1040 2898 ut,
1065 2833 1087 2888 si
1137 2849 1196 2886 rum
1220 2849 1279 2888 eam
1302 2833 1389 2902 ipsam
1412 2833 1576 2886 numerando
1599 2833 1708 2888 liberari
1734 2849 1767 2888 ex
1790 2837 1936 2888 testamento

279 2901 381 2970 reliqua
397 2919 451 2958 non
467 2901 567 2966 trahat,
585 2903 652 2956 liber
669 2903 717 2958 sit:
741 2903 812 2970 quod
829 2903 852 2956 si
869 2905 967 2968 trahat,
985 2903 1023 2956 ita
1040 2901 1086 2956 de·
1137 2917 1191 2956 non
1208 2917 1288 2970 posse
1305 2901 1397 2956 Labeo
1415 2901 1560 2958 Trebatius
1576 2901 1784 2970 responderunt,
1807 2901 1869 2970 quia
1887 2903 1936 2956 red·

279 2987 358 3036 mum,
376 2971 400 3026 si
418 2971 513 3040 optulit
524 2985 583 3026 eam
596 2971 779 3040 quantitatem,
798 2987 867 3040 quae
878 2971 983 3026 refundi
995 2971 1088 3024 debuit
1139 2971 1200 3024 dere
1220 2985 1278 3024 eam
1296 2971 1379 3038 magis
1397 2987 1477 3040 qnam
1494 2971 1557 3024 dare
1574 2971 1716 3024 videretur.
1750 2985 1799 3040 ego
1823 2975 1899 3040 puto,
1920 2971 1936 3024 si

281 3057 312 3094 ex
328 3039 381 3094 fide
398 3039 531 3094 scritate:
555 3057 610 3094 non
627 3039 697 3094 enim
713 3041 831 3094 libertati
848 3041 947 3094 sufficit
963 3039 1086 3094 heredem
1137 3039 1286 3108 peculiares
1303 3039 1404 3094 nummi
1420 3039 1541 3104 fuerunt,
1565 3055 1596 3094 ex
1619 3045 1779 3094 testamento
1802 3055 1861 3094 enm
1881 3037 1935 3094 libe·

279 3109 308 3164 in
324 3123 398 3164 mora
414 3109 505 3174 fuisse,
524 3109 547 3162 si
563 3127 618 3164 non
634 3107 661 3162 id
678 3109 727 3162 fiat
740 3127 789 3178 per
803 3109 996 3176 statuliberum,
1015 3109 1086 3176 quod
1139 3115 1152 3162 3
1187 3123 1247 3162 rum
1265 3107 1393 3162 futurum.
1432 3109 1554 3162 ¹⁴‘Dama
1577 3125 1667 3164 servus
1694 3125 1753 3162 cum
1769 3107 1867 3162 ¹heredi
1887 3123 1935 3162 meo

279 3185 381 3234 remota
402 3193 477 3232 mora
498 3177 617 3232 libertati
638 3177 741 3232 aditum
763 3177 848 3232 daret.
885 3177 948 3246 quid
971 3177 1040 3232 enim
1064 3179 1087 3232 si
1138 3181 1278 3232 ‘annorum
1296 3179 1427 3244 septem¹⁵
1445 3193 1539 3246 operas
1559 3177 1677 3244 solverit,
1701 3177 1770 3232 iiber
1791 3177 1857 3232 esto’
1880 3177 1935 3232 etis

279 3247 318 3300 ita
339 3247 528 3302 manumissum
555 3247 650 3300 ‘Dama
672 3245 696 3302 si
718 3247 747 3300 in
768 3247 927 3316 Hispaniam
950 3245 1086 3314 profectus
1137 3261 1228 3300 sersus
1250 3245 1320 3300 intra
1343 3253 1445 3314 septem
1467 3259 1551 3300 annos
1574 3245 1602 3298 in
1625 3245 1723 3300 iudicio
1745 3247 1854 3314 publico
1877 3251 1936 3298 esset

280 3319 357 3370 ‘anno
382 3315 501 3382 proximo
524 3313 630 3370 finctus
653 3315 783 3382 coegerit,
806 3315 874 3370 liber
896 3315 961 3370 esto'
984 3313 1086 3370 Rornae
1138 3315 1194 3368 θι16
1218 3313 1345 3382 septimus
1369 3329 1456 3368 annus
1478 3313 1662 3382 praeterisset,
1693 3313 1800 3368 Servius
1826 3313 1864 3368 ait
1887 3329 1935 3368 eun

279 3385 392 3440 retineat
413 3383 489 3440 heres
513 3399 599 3452 neque
627 3381 762 3454 proficisci
788 3385 926 3454 patiatur?
959 3383 1087 3452 numquid
1136 3397 1191 3436 non
1214 3381 1323 3436 liberari
1345 3381 1455 3448 debere,
1479 3383 1584 3450 Labeo,
1613 3389 1639 3436 et
1661 3381 1686 3436 si
1706 3387 1802 3452 postea
1823 3379 1935 3436 solvisset

280 3453 378 3506 dicturi
399 3467 490 3508 sumus
513 3451 602 3506 statim
626 3459 687 3508 ante
710 3451 814 3508 fructus
842 3457 950 3508 coactos
974 3451 1087 3506 liberum
1137 3467 1269 3506 annorum
1287 3457 1388 3520 septem
1406 3467 1509 3520 operas,
1527 3451 1641 3506 liberum
1658 3451 1794 3506 futurum:
1813 3449 1884 3520 quad
1900 3465 1935 3504 re·

279 3519 355 3574 torel
382 3535 444 3574 nam
469 3527 495 3574 et
518 3535 579 3574 cum
596 3519 696 3574 Rornae
721 3519 858 3588 stipulatio
884 3521 1033 3590 concipitur
1049 3523 1087 3574 ita
1137 3525 1153 3572 4
1186 3535 1247 3574 rum
1261 3523 1310 3574 est.
1337 3519 1375 3574 ‘Si
1387 3519 1493 3574 Stichus
1505 3519 1595 3574 Attice
1611 3519 1682 3574 mille
1699 3535 1820 3574 nummos
1835 3517 1935 3580 dederit,

280 3591 395 3642 ‘centum
415 3587 444 3640 in
459 3589 589 3656 Hispania
610 3589 676 3642 dare
698 3589 850 3654 spondesl',
873 3589 961 3644 inesse
983 3595 1086 3658 tempus
1138 3587 1214 3642 ‘liber
1231 3589 1307 3642 esto'.
1336 3589 1410 3640 Attia
1427 3589 1485 3642 rivo
1503 3593 1631 3642 testatore
1649 3587 1777 3642 decessit:
1796 3603 1851 3642 non
1865 3601 1935 3656 posse

280 3655 452 3724 stipulationi,
471 3657 542 3726 quo6
559 3655 643 3724 possit
660 3655 856 3724 inHispaniam
873 3655 1017 3724 pervenire,
1037 3673 1086 3710 nec
1139 3655 1260 3710 Stichum
1282 3655 1395 3712 liberum
1418 3671 1477 3712 esse
1500 3655 1590 3712 Labeo
1616 3655 1707 3710 Ofilius
1735 3655 1935 3724 responderunt:

281 3733 342 3780 ante
358 3725 416 3778 iure
434 3723 477 3794 agi
494 3723 603 3794 placuit.
638 3725 685 3778 sed
702 3723 727 3778 si
743 3725 819 3778 heres
838 3725 955 3794 acceptis
972 3725 1085 3778 rationi·
1137 3725 1294 3790 Trebatius,
1319 3725 1342 3780 si
1359 3731 1422 3780 ante
1439 3729 1626 3778 testamentum
1643 3725 1744 3778 factum
1761 3725 1836 3778 Attia
1853 3723 1935 3780 deces-

281 3793 332 3848 bus
350 3799 377 3848 et
393 3791 502 3862 reliquis
521 3793 680 3862 computatis
698 3793 798 3848 donare
816 3809 846 3848 se
864 3797 913 3848 ea7
930 3795 1086 3860 statuhhero
1137 3795 1222 3856 sisset,
1241 3793 1324 3846 idem:
1347 3795 1495 3862 ripariae,
1520 3811 1579 3848 eum
1596 3793 1707 3848 liberum
1727 3793 1854 3848 futurum.
1889 3793 1934 3846 Ia·

281 3877 334 3916 non
350 3861 459 3916 babenti
476 3863 549 3932 quod
565 3861 663 3916 inierat
678 3861 849 3930 proscribats
871 3867 919 3916 aut
941 3863 1020 3916 etiam
1043 3861 1086 3914 lit-
1136 3861 1228 3914 beccis
1244 3865 1271 3914 et
1284 3859 1355 3916 Ofilii
1372 3859 1503 3916 sententia
1520 3861 1650 3916 rabonem
1667 3861 1773 3930 quidem
1790 3863 1878 3926 habet,
1896 3859 1934 3916 sed

280 3929 343 3984 teris
361 3929 396 3984 ad
413 3945 474 3984 eum
490 3931 578 3986 missis
595 3931 684 4000 palam
701 3929 798 3994 iaciat,
817 3931 936 3982 condicio
955 3929 1086 3984 libertatis
1136 3929 1188 3982 hcc
1205 3929 1263 3982 iure
1279 3929 1386 3994 utimur,
1404 3935 1435 3982 ιιι
1451 3929 1474 3982 is
1493 3943 1584 3984 sersus
1602 3945 1635 3982 ex
1649 3935 1807 3984 testamento
1819 3929 1887 3984 liber
1900 3931 1935 3982 sit.

280 3997 388 4066 impleta
410 3997 548 4054 videbitur.
589 3997 652 4066 quid
675 4015 751 4068 ergo,
779 3997 803 4052 si
827 4003 906 4066 neget
931 4013 960 4052 se
985 3999 1087 4066 reliqua
1137 4003 1151 4048 5
1187 3997 1215 4048 Si
1233 4013 1323 4050 servus
1343 4013 1437 4066 operas
1456 4003 1582 4052 extraneo
1601 3997 1665 4052 dare
1682 3999 1770 4052 iussus
1790 4003 1865 4064 esset,
1883 3997 1935 4050 nul·
1964 4013 1965 4016 ¹

281 4065 394 4120 traxisse
417 4071 497 4134 atque
518 4067 591 4132 ideo,
615 4067 677 4134 qrria
699 4083 747 4136 per
769 4065 894 4122 heredem
917 4067 1032 4130 steterit,
1055 4073 1087 4120 ut
1136 4065 1208 4120 ΙιιιΠ
1232 4065 1337 4120 nomine
1358 4067 1428 4120 servi
1450 4081 1513 4120 suas
1535 4081 1630 4134 operas
1655 4067 1742 4120 dando
1759 4065 1871 4120 liberare
1889 4081 1935 4120 ser·
1963 4119 1964 4122 ,

281 4133 396 4204 accipiat
412 4135 537 4200 rationes,
554 4135 668 4190 liberum
683 4135 792 4198 iactum,
809 4135 886 4188 heres
900 4139 988 4188 autem
1001 4151 1086 4202 neque
1136 4149 1198 4186 vum
1214 4137 1317 4202 potest:
1342 4135 1413 4200 quod
1436 4135 1464 4188 in
1484 4135 1598 4204 pecunia
1615 4135 1693 4188 aliter
1711 4135 1877 4200 observatur,
1899 4137 1934 4186 ut·

281 4217 310 4256 se
327 4201 423 4256 iecisse
440 4217 540 4256 moram
559 4203 702 4271 etreliqua
718 4203 1085 4258 deberestatuhberumcon-
1136 4207 1199 4270 pote
1217 4217 1278 4254 cum
1295 4207 1437 4256 extraneus
1454 4217 1504 4270 pro
1522 4217 1552 4256 eo
1571 4219 1645 4258 servo
1656 4203 1678 4236 ¹⁸
1699 4201 1787 4256 dando
1804 4201 1935 4270 pecuniam

281 4267 392 4324 tendat?
413 4269 484 4338 apud
500 4285 561 4324 eum
578 4271 624 4336 qui
635 4271 669 4324 de
679 4271 802 4324 libertate
815 4271 957 4338 cognoscit,
976 4287 1010 4324 an
1023 4287 1086 4324 oon·
1137 4285 1241 4334 serrum
1258 4269 1392 4324 liberaret.

282 4337 351 4392 dicio
369 4339 404 4390 sit
415 4337 530 4406 implete,
549 4339 696 4392 constabit:
716 4339 792 4394 ouius
805 4337 894 4392 officio
909 4339 1087 4392 continebitur
1169 4335 1209 4396 40
1229 4337 1380 4392 Scaevoia
1404 4337 1472 4392 libro
1493 4339 1635 4392 uicensimo
1658 4343 1755 4408 quarto
1780 4337 1935 4408 dr'pcstcram

282 4405 315 4458 de
336 4421 411 4460 more
431 4405 600 4460 considerare
620 4423 671 4460 neo
692 4407 780 4462 minus
797 4411 952 4474 computare
968 4407 1086 4460 rabones
1137 4405 1227 4460 Sticho
1249 4405 1359 4460 libertas
1382 4405 1447 4458 data
1470 4411 1524 4460 est:
1553 4406 1596 4459 ‘ab
1621 4405 1764 4460 heredibus
1790 4405 1854 4460 meis
1879 4411 1934 4474 peto
1961 4393 1965 4468 i

281 4479 317 4538 et,
334 4471 359 4528 si
374 4471 477 4540 reliqua
492 4473 564 4526 uehi
579 4473 745 4540 compererit,
762 4489 816 4528 non
827 4489 885 4528 esse
899 4475 1011 4528 liberum
1023 4489 1086 4542 pro·
1136 4471 1248 4540 fideique
1267 4489 1358 4528 eornm
1376 4473 1525 4538 committo,
1549 4477 1580 4526 ut
1595 4473 1745 4528 rationibus
1761 4471 1870 4526 redditis
1889 4471 1933 4526 Sti·
1961 4469 1965 4514 i

282 4539 414 4594 nuntime.
449 4539 496 4594 sed
518 4541 542 4594 si
564 4557 627 4594 num
645 4557 708 4594 uam
729 4541 834 4610 negarit
855 4539 959 4610 reliqua
982 4541 1085 4608 debere,
1137 4539 1215 4594 chum
1232 4539 1437 4594 manumittaut’.
1474 4539 1622 4608 quaesitum
1640 4547 1693 4606 est,
1712 4557 1773 4594 cum
1790 4541 1877 4608 ampla
1892 4555 1932 4610 pe·
1961 4571 1963 4610 3

283 4623 344 4664 cum
361 4615 449 4662 autem
467 4609 618 4664 conveniret
629 4559 758 4664 [heredem
776 4615 802 4664 et
818 4607 935 4662 rationes
953 4609 1085 4674 alternati,
1137 4609 1215 4662 cunia
1232 4609 1356 4662 θιιθθιθ19
1373 4613 1563 4676 postmortem
1580 4609 1717 4662 testatoris
1734 4609 1786 4662 sibi
1802 4609 1934 4662 commissa

282 4675 419 4746 professus
443 4675 477 4730 sit
499 4675 663 4742 refusurum,
692 4677 822 4746 quidquid
846 4675 876 4730 in
897 4677 1004 4746 reliquis
1028 4693 1086 4732 esse
1136 4677 1281 4744 reliquetur
1306 4683 1332 4732 et
1355 4675 1484 4744 quasdam
1507 4691 1622 4730 summas
1646 4693 1663 4732 a
1686 4677 1786 4732 colonis
1810 4675 1934 4730 exacuat

284 4745 431 4800 constiterit
447 4749 474 4798 et
490 4747 546 4798 eius
563 4745 691 4812 pecuniae
708 4761 783 4800 reum
805 4759 945 4798 numerare
962 4753 1085 4814 paratum
1136 4745 1282 4798 rationibus
1310 4761 1363 4798 non
1393 4743 1513 4798 intulerit
1538 4745 1764 4812 hereditatemque
1791 4743 1934 4812 spoliauerit

281 4813 406 4868 idoneum
423 4813 519 4894 optulit
536 4816 564 4866 et
579 4813 655 4866 heres
672 4813 700 4866 in
716 4829 792 4868 mora
807 4813 873 4866 tuit:
891 4813 1022 4868 sentemia
1036 4829 1085 4882 pro
1136 4813 1234 4882 apertis
1259 4813 1326 4866 olam
1341 4813 1453 4866 ,horreis
1471 4813 1634 4880 sublatisque
1652 4813 1809 4880 supellectili
1826 4817 1852 4864 et
1868 4819 1933 4866 reste
1962 4813 1967 4864 i

281 4881 405 4936 libertate
422 4879 531 4936 drcetrrr.
1012 4923 1016 4932 ,ι
1136 4887 1164 4936 et
1179 4881 1316 4948 apothecis
1333 4881 1483 4936 exhaustis:
1502 4895 1537 4934 an
1551 4897 1605 4934 non
1616 4881 1691 4948 prius
1704 4881 1728 4932 ei
1738 4879 1934 4934 fideicommissa

1960 1921 1965 1950 i

317 4945 357 5008 35
374 4947 456 5004 Irru
469 4949 535 5004 libro
553 4963 624 5002 nmio
641 4963 831 5020 responsorum
870 4935 1086 5004 denudabitur
1135 4949 1242 5004 libertas
1261 4949 1401 5014 debeatur,
1440 4963 1503 5002 uam
1520 4963 1563 5016 ea,
1587 4963 1655 5016 quae
1671 4949 1743 5002 mala
1760 4949 1863 5002 ratione
1880 4949 1932 5002 reli-

282 5033 332 5086 per
347 5017 529 5074 statilihenrm
546 5021 690 5080 onustare,
710 5035 762 5086 quo
773 5017 860 5072 minus
873 5015 993 5074 condicio
1005 5017 1085 5072 liber-
1136 5021 1232 5086 quatus
1250 5023 1290 5072 est
1308 5019 1404 5086 quae2¹
1422 4963 1527 5070 Suetus
1545 5021 1594 5080 est,
1612 5017 1770 5086 reposuerit.
1804 5017 1934 5084 respondit

282 5085 345 5140 tatis
369 5085 479 5150 existat,
503 5085 525 5140 si
543 5085 576 5140 de
593 5083 711 5152 peculio,
735 5085 807 5154 quod
830 5085 903 5156 apud
923 5085 1086 5140 venditorem
1136 5101 1189 5140 non
1205 5085 1279 5154 prius
1297 5087 1322 5138 ei
1337 5083 1566 5140 fideicommissam
1583 5083 1732 5138 libertatem
1744 5083 1932 5152 praestandam,

283 5169 373 5210 sersus
390 5153 492 5218 habuit,
509 5153 649 5222 pecuniam
666 5153 828 5208 condicionis
847 5153 941 5208 offerre
954 5169 1008 5206 non
1022 5167 1086 5222 pcs-
1136 5167 1216 5222 qnam
1232 5153 1377 5220 etreliqua
1395 5157 1421 5206 et
1439 5153 1535 5216 omnia,
1553 5167 1620 5219 quae
1636 5167 1685 5220 per
1702 5167 1763 5206 eum
1777 5153 1933 5214 abessent,

284 5221 333 5278 sit:
350 5221 385 5276 ad
402 5221 516 5274 alienum
533 5221 601 5274 enirn
612 5221 744 5290 peculium
756 5221 879 5276 voluntas
893 5221 1011 5278 defuncti
1023 5237 1086 5290 por·
1139 5227 1150 5274 t
1186 5221 1353 5274 restituisset.
1393 5221 1554 5289 ‘Pamphilus
1579 5219 1647 5272 liber
1675 5223 1732 5274 esto
1760 5221 1864 5290 peculio
1889 5235 1933 5274 suo

283 5287 335 5356 rigi
355 5305 408 5346 non
429 5289 524 5358 potuit.
557 5287 627 5344 idem
644 5287 694 5342 erit
711 5293 738 5342 et
755 5289 779 5344 si
796 5305 856 5344 cum
872 5289 977 5356 peculio
995 5305 1086 5342 sersus
1136 5287 1286 5344 ‘heredibus
1303 5305 1365 5344 rere
1382 5287 1462 5344 dato’.
1498 5287 1644 5356 quaesitum
1663 5293 1718 5352 est,
1739 5303 1799 5342 cum
1815 5289 1874 5358 plus
1892 5287 1932 5344 do·

284 5355 394 5410 samarit
416 5367 444 5412 et
464 5355 583 5412 venditor
605 5355 657 5410 fide
677 5361 758 5424 rupta
779 5357 912 5426 pecuhum
933 5357 1086 5410 retinuerit:
1136 5359 1208 5412 mino
1225 5357 1322 5412 debeat
1337 5373 1417 5426 quam
1433 5357 1462 5410 in
1481 5355 1586 5426 peculio
1607 5355 1706 5410 habeat
1728 5359 1755 5410 et
1777 5371 1866 5412 omnes
1888 5371 1933 5420 res,

286 5529 316 5594 (i)
334 5529 540 5592 queauonumr
635 5537 666 5594 itt
686 5531 794 5582 essetffl
896 5533 928 5596 (3)
946 5531 1086 5596 sit]sierer.
1138 5527 1294 5580 tollaturser.
1348 5533 1389 5590 illl
1409 5545 1464 5580 cum
1473 5531 1509 5580 ita
1517 5531 1572 5596 quis
1580 5527 1716 5596 scripsisset
1725 5529 1769 5580 ins.
1825 5533 1867 5592 (15)
1886 5545 1933 5594 sep·

286 5599 318 5662 (4)
336 5597 447 5662 emptori,
455 5613 501 5662 pro
509 5601 578 5664 parte
587 5599 633 5650 ins.
683 5601 714 5662 (5)
734 5599 892 5664 tunclnech'
935 5599 977 5662 (5¹)
995 5599 1094 5650 liberF
1138 5599 1277 5650 temonaF
1321 5599 1364 5660 (ιι)
1384 5601 1494 5650 etamF
1546 5601 1588 5663 (ιι)
1607 5599 1814 5662 sisersusoperaa
1823 5597 1934 5650 clareins·

287 5669 320 5728 (6)
337 5663 438 5728 quodF
503 5675 534 5730 (ι)
552 5667 692 5730 seeascF¹,
707 5681 780 5716 secas
788 5667 840 5724 h⁷²¹
901 5667 933 5728 (a)
952 5667 1088 5734 perscribat
1137 5671 1254 5730 sesemet,
1268 5667 1544 5720 mbaseusnullusscr.
1602 5669 1645 5730 itti
1664 5683 1734 5716 servo
1749 5669 1794 5716 clei.
1847 5669 1890 5732 (19)
1908 5679 1967 5728 θιιΙ

287 5735 424 5800 Stephanae
463 5735 496 5798 (9)
514 5735 636 5788 offerrreF
672 5733 926 5800 i1ctfiliumserroF
962 5737 1002 5800 (ιι)
1022 5737 1094 5788 estF
1137 5749 1246 5786 arcessa
1296 5737 1343 5800 (aa)
1361 5739 1522 5788 exactasdcrt.
1574 5739 1616 5800 (ar)
1634 5737 1933 5800 quaequeBranemonnar
1964 5731 1967 5758 r

287 5803 331 5870 (ιι)
344 5803 378 5854 ad
385 5809 417 5864 §a
428 5803 457 5872 ο(
467 5803 481 5854 i.
489 5813 513 5854 ιι
523 5807 582 5864 §tta
590 5815 603 5854 t.
640 5807 682 5866 (ιι)
695 5805 781 5868 utpote
790 5819 846 5854 curn
854 5803 965 5868 legatum
971 5797 1087 5854 libertate
1138 5807 1184 5866 (aa)
1203 5803 1296 5854 abesset
1304 5805 1328 5854 F
1494 5803 1496 5808 ‘
