4366 6258
255 369 499 422 tarentinarum

256 539 285 596 sd
297 535 361 590 diem
374 533 570 590 fideicommissi
580 549 672 602 nepos,
686 547 800 602 sequens
809 533 942 602 scriptura
954 539 1048 588 cesset.

256 601 381 674 respondit
407 615 439 654 ea
465 615 533 668 quse
558 617 607 670 pro
627 607 771 654 onerentur
794 601 932 656 ostendere
959 601 1050 656 decern

258 679 281 730 tl
314 669 449 724 dumtaxat
476 667 570 722 uncias
594 617 649 722 hiis
675 667 761 722 datas.
801 667 885 720 Heres
911 667 1050 724 institutus

257 739 324 798 mori
344 739 450 802 rogatus
472 739 557 790 totam
578 733 752 788 hereditatem
772 733 911 788 restituere
931 733 1050 790 restituit

257 809 363 864 detracta
380 807 489 868 quarta:
512 801 661 870 quaemtum
683 809 738 866 est,
763 817 825 856 cum
841 817 910 856 uxor
927 809 1050 870 qumtam

257 881 348 950 portem
359 867 512 922 hereditatis
522 869 657 938 praesenti
668 867 711 922 die
724 873 752 922 et
763 867 893 936 reliquam
907 877 969 938 post
982 877 1048 926 tem·

257 959 299 1016 pus
318 937 361 994 alii
380 941 474 1004 rogata
496 951 513 990 e
528 941 658 992 testatore
674 935 771 992 fuismt
786 933 938 1000 restituere,
960 953 996 992 an
1011 937 1048 1000 id,

257 1009 318 1082 quod
332 1005 408 1058 heres
426 1003 451 1056 ei
467 1003 626 1060 detraxisset
647 1009 759 1074 quartae
779 1003 897 1070 nomine,
920 1003 948 1058 in
971 1003 1048 1060 resti·

257 1075 342 1134 tuendo
352 1071 553 1128 fideicommisso
565 1071 696 1140 impetere
707 1071 801 1140 possit.
824 1073 969 1142 respondit,
983 1087 1048 1140 qua-

259 1151 284 1202 12
314 1149 388 1196 ιιιιι
407 1141 528 1208 cepisset,
548 1139 749 1194 fideicommisso
768 1139 931 1194 obstrictam.
964 1139 1048 1194 Here-

258 1213 326 1269 (ηιμ
348 1207 409 1262 fidei
422 1207 574 1274 summisit,
596 1213 640 1274 ut,
664 1205 793 1276 quidquid
817 1223 849 1260 ex
870 1213 947 1276 parte
968 1207 1049 1262 tertia

257 1275 396 1340 tarditatis
412 1275 562 1344 pervenerit
578 1275 613 1330 ad
630 1289 684 1340 eos,
701 1273 730 1328 id
740 1273 883 1354 redderent
893 1273 961 1354 Gaio
973 1275 1048 1330 Mae·

257 1351 291 1404 rio
310 1345 412 1400 alumno
434 1343 585 1406 testatoris,
608 1355 668 1396 cum
690 1341 772 1396 fuerit
794 1357 870 1396 annes
891 1343 1047 1412 quindecim,

258 1423 280 1472 et
293 1411 423 1470 subiunxit
440 1411 507 1466 haec
524 1411 618 1466 rerba:
638 1411 753 1466 ‘interim
769 1425 804 1466 ex
816 1409 919 1466 refecto
932 1427 1048 1480 pauper-

258 1483 330 1548 tatis,
353 1479 398 1548 qui
419 1479 455 1534 ad
476 1495 524 1534 ros
546 1479 708 1550 pervenerit,
733 1477 811 1534 alatis
833 1495 894 1534 eum
911 1495 944 1534 ex
960 1477 1049 1534 usuds

258 1561 304 1672 :prp
326 1549 471 1668 qupptitate
493 1545 827 1672 nffigmplpntyeffitsaz
862 1547 921 1668 hoct
936 1547 1049 1670 amplppp

264 1635 284 1674 er
300 1633 337 1670 em
384 1633 462 1672 umno
484 1633 512 1670 m
602 1633 656 1670 mm
827 1633 872 1670 um
894 1633 908 1670 e
941 1633 1006 1672 vern

258 1693 383 1750 tutorem,
405 1685 451 1752 qui
471 1699 533 1738 eum
556 1683 669 1738 artificio
690 1699 739 1740 suo
759 1685 879 1740 mercede
897 1685 960 1738 date
977 1685 1050 1738 alere

258 1753 364 1832 poterit.
386 1753 542 1832 ¹quaesitum
560 1757 608 1818 est,
623 1769 688 1834 ,cum
705 1751 830 1808 alimenta
845 1753 929 1810 multo
946 1753 1049 1806 minora

257 1821 1050 1970 ttttttttttttttttrttt=„tldsttttttttttt

257 1957 309 2028 pelh
331 1957 443 2010 debeant
464 1963 547 2012 tubus
569 1957 696 2026 temporis
714 1975 750 2012 an
767 1973 801 2014 ex
837 1957 872 2024 ἰ,
896 1975 948 2026 quo
972 1973 1049 2026 qum-

257 2037 303 2080 tun
319 2023 444 2078 decimum
461 2025 612 2093 explesset?
642 2031 669 2080 et
686 2041 746 2080 cum
765 2025 834 2080 terri
849 2023 930 2094 legati
947 2025 972 2078 ei
989 2040 1048 2093 spe·

258 2093 357 2158 cialiter,
375 2099 405 2146 ιι
422 2107 455 2148 ex
471 2093 635 2148 mercedibus
653 2093 781 2158 aleretur,
804 2095 894 2146 statim
910 2093 1047 2160 venierint,

258 2169 333 2214 utrum
347 2161 480 2216 mercedes
497 2177 534 2216 ιι
545 2177 642 2216 usuras
652 2167 743 2230 petere
755 2159 888 2214 debeat³?
912 2159 1050 2230 respondit

257 2227 388 2284 secuudum
409 2245 441 2284 ea
463 2245 531 2298 quae
554 2233 768 2298 proponerentur
788 2233 945 2284 testatorem
966 2227 1050 2284 rideri

258 2297 284 2350 de
299 2295 364 2350 omni
380 2297 468 2350 reditu
484 2303 513 2352 et
527 2297 650 2352 mercede
664 2311 800 2352 servorum
812 2297 976 2352 restituenda
989 2311 1048 2350 sen-

260 2371 282 2416 13
313 2365 384 2418 sisse.
417 2365 544 2420 Pluribus
566 2363 711 2420 heredibus
724 2363 876 2430 institutis,
902 2365 1048 2434 inquibus

258 2437 279 2486 et
292 2431 387 2486 libertis
395 2433 481 2488 tribus
494 2449 528 2488 ex
539 2431 678 2498 dodrante,
695 2431 794 2488 eisdem
805 2431 902 2488 fundos
914 2447 962 2500 per
971 2449 1048 2500 prae·

259 2499 391 2566 ceptionem
408 2499 481 2554 dedit
497 2505 525 2554 ιι
541 2501 576 2554 ab
592 2499 635 2554 his
652 2501 727 2568 petit,
745 2515 779 2554 ne
797 2515 842 2554 eos
859 2499 1005 2554 alienarent
1022 2507 1049 2554 ιι

257 2573 292 2630 ιι,
308 2567 351 2634 qui
365 2567 420 2620 vita
437 2571 604 2636 superasset,
623 2569 723 2622 solidos
740 2567 845 2622 eosdem
863 2567 961 2624 fundos
979 2569 1048 2636 opti-

257 2641 332 2688 neret:
350 2633 443 2688 deinde
459 2635 538 2690 unius
557 2649 589 2688 ex
605 2635 767 2692 hislibertis
781 2635 887 2690 Otacilii
900 2635 962 2690 fidei
977 2651 1047 2690 com-

258 2701 329 2766 misit,
356 2701 396 2754 ati
421 2701 485 2770 quid
503 2701 549 2756 uid
575 2701 609 2756 ad
632 2715 691 2758 eum
714 2717 748 2756 ex
770 2701 917 2758 hereditate
939 2703 1049 2758 benisve

257 2767 416 2848 pervenisset,
446 2719 561 2848 deliuqto
585 2785 635 2838 pro
663 2785 703 2824 ea
721 2775 800 2838 parte
827 2785 888 2824 aere
911 2773 998 2824 alieno
1022 2779 1050 2826 ιι

258 2839 336 2904 legets
361 2841 387 2890 ιι
407 2837 460 2891 sibi
480 2837 572 2906 mgrnti
593 2835 681 2892 aureis
706 2839 831 2892 restituat
854 2837 937 2892 Titio:
967 2855 1047 2908 quae-

258 2905 324 2960 situm
340 2909 391 2968 est,
416 2919 452 2958 en
475 2905 555 2958 etism
575 2911 666 2974 partes
683 2905 777 2960 tertias
794 2903 948 2970 fundorum,
989 2923 1047 2960 rae-

257 2973 390 3040 legatorum
407 2987 468 3026 cum
485 2971 639 3026 conlibertis
656 2971 756 3040 eidem,
779 2971 910 3028 deducere
932 2923 1046 3028 deieret.

257 3039 379 3106 sponda
400 3037 546 3094 secundum
567 3055 600 3094 ea
616 3055 686 3108 quae
702 3045 915 3108 proponerentur
931 3055 986 3094 non
1003 3043 1047 3094 de-

257 3109 309 3160 bere
325 3105 462 3162 restituere
478 3105 706 3186 praeceptionem,
731 3123 792 3162 oum
814 3107 872 3176 ipse
891 3113 1005 3164 testator
1023 3115 1049 3162 et

260 3181 284 3228 lt
312 3175 396 3244 legata
413 3175 500 3244 excipi
516 3173 651 3228 eolmsset
686 3175 801 3230 Maritus
823 3191 906 3230 uxore
926 3175 1049 3232 instituta

258 3243 340 3298 herede
360 3259 393 3296 ex
413 3247 492 3310 parte
512 3241 591 3296 tertia
612 3247 640 3296 et
660 3241 782 3310 plruibus
800 3241 824 3296 ei
839 3241 1047 3298 fideicommissis

258 3311 315 3364 datis
338 3309 425 3364 dotem
470 3325 558 3378 noque
583 3307 745 3378 praelegerit
767 3309 809 3364 his
831 3309 933 3364 uerbis:
962 3311 1049 3364 ‘Seiae

259 3377 331 3430 ‘mori
354 3391 427 3430 meae
452 3325 512 3430 ieri
534 3375 594 3430 volo
616 3391 633 3430 a
654 3375 717 3430 filiis
740 3377 806 3430 meis
829 3391 958 3430 summam
980 3377 1049 3430 dotis

259 3445 318 3512 blus,
335 3459 402 3512 quae
417 3443 482 3496 mihi
497 3459 547 3512 pro
566 3457 598 3496 ea
613 3441 690 3512 illata
707 3445 756 3496 est’
773 3441 942 3512 eiusdemque
958 3443 1049 3498 uxoris

257 3511 309 3566 idei
324 3511 464 3576 commisit,
484 3517 516 3564 ut
531 3515 636 3580 partem
651 3509 807 3566 hereditatis
824 3515 852 3566 et
868 3525 1048 3578 quaecumque

259 3581 404 3648 allegasset
425 3583 621 3648 postmortem
645 3593 722 3634 suam
745 3577 815 3634 Titio
838 3577 893 3632 filio
917 3577 1050 3634 communi

258 3649 401 3702 restitueret.
448 3647 579 3701 uaasitum
592 3653 640 3712 est,
658 3661 693 3700 an
710 3661 840 3702 summam
857 3661 962 3714 quoque
980 3645 1049 3700 dotis

259 3717 315 3770 inter
336 3663 533 3784 ceteraqlegata
556 3729 589 3768 ex
609 3729 693 3768 causa
715 3713 911 3768 fideicommissi
924 3713 981 3766 filio
1000 3728 1048 3768 suo

259 3785 381 3838 restituere
404 3781 508 3838 debeat.
546 3781 684 3850 respondit
706 3797 761 3836 non
784 3781 864 3848 alias,
892 3781 943 3834 nisi
963 3781 1047 3834 mani-

258 3851 341 3906 festum
361 3855 432 3904 esset
454 3851 486 3904 de
508 3849 570 3904 dote
590 3865 696 3918 quoque
712 3849 877 3904 restituenda
893 3853 1048 3902 testatorem

259 3919 369 3974 seussser
399 3923 480 3986 etque
505 3917 609 3970 etiamsi
629 3919 758 3972 sensisset
778 3923 804 3970 ιι
826 3919 877 3970 hoo
899 3915 980 3970 tuerit
1000 3915 1047 3970 ad-

259 3987 398 4054 probatum,
420 3985 459 4040 ita
479 3985 536 4040 eius
557 3999 663 4054 quoque
703 3985 838 4040 stitionem
859 3985 930 4050 fore,
954 3985 1048 4038 sinon

258 4055 331 4108 uinus
351 4055 378 4108 io
401 4053 563 4122 quandtate,
586 4067 655 4122 quae
677 4001 813 4108 inluniae
836 4051 941 4106 nomine
962 4067 1047 4106 reme-

261 4128 284 4176 lt
314 4129 396 4188 neret,
417 4121 488 4176 foret
509 4129 588 4188 quam
603 4121 633 4174 in
649 4119 797 4188 quandmte
814 4119 892 4174 dotis.
927 4119 1048 4188 Rogatus

259 4189 415 4246 hereditatem
426 4189 566 4244 restituere
576 4189 700 4258 Septicio,
719 4205 780 4244 curn
794 4189 845 4244 erit
857 4187 934 4242 annis
948 4187 1047 4256 viginti,

259 4257 345 4312 interea
354 4257 459 4322 irmdos,
473 4273 540 4326 quos
554 4257 695 4312 defunctus
705 4257 810 4326 pignori
823 4261 972 4324 acceperat,
985 4273 1047 4310 ven·

260 4325 314 4380 didit
328 4333 353 4380 et
387 4331 511 4396 reptaret
522 4323 696 4394 pigneraticia
707 4325 806 4380 iudicio
821 4341 838 4378 a
851 4323 969 4378 debitore
985 4339 1047 4378 eon-

258 4399 339 4448 rentus
361 4343 472 4448 ‹iecessit
491 4393 588 4448 herede
604 4393 698 4448 relicte
716 4391 872 4462 Sempronio
890 4395 933 4444 ιι1
950 4391 1047 4446 iudicio

259 4461 362 4516 noudum
382 4459 458 4516 finito
478 4459 596 4516 restituit
616 4459 789 4516 hereditatem
806 4459 930 4528 Septicio.
967 4475 1062 4528 quae·¹

259 4529 327 4582 situm
342 4535 393 4594 est,
417 4545 453 4582 an
474 4527 574 4582 iudicio
596 4527 679 4596 nihilo
700 4529 787 4582 minus
804 4529 861 4598 ipse
878 4527 1049 4582 condemnari

260 4597 354 4662 debeat,
381 4613 442 4650 cum
469 4597 586 4666 potuerit
606 4597 721 4652 retinere
744 4597 795 4664 (vel
818 4597 905 4652 ιιιιιί
927 4597 988 4662 sibi]
1011 4597 1047 4662 id,

259 4663 320 4730 quod
335 4679 366 4718 ex
383 4681 465 4720 eausa
481 4663 591 4718 iudicati
625 4669 792 4720 raestaturus
806 4669 882 4720 esset.
911 4663 1049 4732 respondit

258 4729 338 4786 iudicii
357 4733 553 4788 exsecutionem
572 4681 654 4786 nihilo
676 4731 764 4788 minus
781 4731 906 4788 adversus
923 4731 1048 4788 heredem

261 4802 285 4852 ld
316 4805 416 4870 etpost
432 4801 582 4858 restitutam
600 4801 774 4856 hereditatem
791 4801 928 4856 manebas.
962 4801 1048 4858 Heres

259 4867 318 4932 eius,
341 4869 385 4936 qui
401 4875 462 4938 post
478 4875 589 4924 mortem
606 4883 683 4924 suam
698 4875 808 4936 rogatus
824 4875 883 4922 erat
898 4869 1048 4924 universam

258 4931 417 4998 hereditatem
433 4937 585 5004 restituere,
605 4935 741 4990 minimam
759 4935 946 5004 quandtatem,
969 4953 1049 5006 quam

1040 349 1107 418 '535

1676 349 1815 412 XXXVI
1839 355 1904 412 1.2

1100 525 1276 586 tractatorum
1316 535 1347 588 Si
1371 535 1488 604 pupillus
1515 529 1620 602 parenti
1644 541 1693 582 suo
1717 525 1794 580 heres
1817 529 1904 580 extitit

1100 601 1128 652 et
1148 595 1378 654 fideicommissum
1399 599 1553 656 hereditatis
1573 601 1677 668 partem
1691 593 1819 658 restruit,
1841 609 1902 646 mox

1100 663 1250 718 abstinetur
1270 671 1383 732 paterna
1403 665 1564 722 hereditate:
1593 663 1665 732 optio
1694 659 1836 716 deferenda
1864 667 1902 714 est

1099 729 1356 796 fideicommissario,
1383 739 1414 788 ut
1440 739 1488 788 aut
1513 733 1662 802 portionem
1685 743 1790 798 quoque
1810 727 1904 796 pupilli

1099 799 1245 866 adgnoscat
1270 803 1318 850 aut
1343 805 1401 854 toto
1422 799 1550 856 discedat.
1589 805 1638 854 aut
1661 795 1810 852 omnimodo
1832 795 1904 850 bona

1098 865 1237 920 vendenda
1257 871 1332 932 sunt,
1360 871 1392 918 ut
1412 867 1441 920 id
1463 869 1533 934 quod
1554 867 1717 938 superfluum
1739 871 1779 920 est
1802 863 1902 934 pupillo

1099 937 1231 998 serretur,
1261 939 1299 998 et,
1328 931 1352 988 si
1376 933 1404 984 in
1427 933 1540 988 solidum
1562 937 1632 990 bona
1654 937 1743 988 venire
1764 949 1819 988 nou
1841 947 1903 1000 pos-

1099 1005 1176 1066 sunt,
1199 997 1349 1056 omnimode
1372 1001 1490 1054 actiones
1511 1001 1755 1060 fideicommissario
1773 1001 1903 1068 denegan-

1100 1069 1150 1122 dae
1173 1073 1263 1122 erunt:
1289 1067 1437 1122 eratenim
1457 1069 1486 1120 in
1507 1075 1638 1136 potestate
1660 1071 1731 1126 illius
1753 1071 1905 1126 universum

1100 1135 1236 1206 suscipere
1251 1141 1280 1192 et
1296 1135 1320 1190 si
1337 1135 1476 1204 quidplus
1493 1137 1551 1202 erit,
1568 1139 1668 1208 pupillo
1686 1153 1801 1196 servare.

1134 1201 1174 1262 82
1193 1199 1255 1272 (80)
1272 1203 1442 1258 διιιιοιι1
1459 1203 1526 1258 libro
1543 1207 1635 1274 quinto
1653 1207 1818 1278 clipeatorum
1844 1207 1903 1262 Ma-

1099 1279 1168 1328 trem
1184 1277 1212 1326 ιι
1223 1273 1384 1326 ammonium
1396 1271 1552 1340 eosdemque
1562 1273 1707 1330 creditores
1718 1291 1782 1330 suos
1793 1275 1905 1330 heredes

1100 1341 1208 1410 scripsit
1229 1339 1329 1394 Lucius
1352 1339 1438 1394 Titius
1463 1345 1489 1394 et
1511 1353 1602 1394 eorum
1623 1341 1687 1396 fidei
1709 1345 1851 1408 commisit,
1875 1347 1905 1396 ιιι

1100 1417 1162 1480 post
1178 1413 1289 1462 mortem
1304 1409 1483 1474 restituerent,
1502 1405 1574 1476 quod
1590 1423 1623 1462 ex
1638 1425 1668 1462 re
1685 1409 1809 1464 familiari
1821 1417 1904 1464 testa-

1100 1477 1166 1534 toris
1188 1475 1364 1600 superfuerit,
1394 1475 1517 1556 Septicio.
1555 1475 1665 1530 heredes
1692 1493 1746 1532 non
1773 1479 1905 1534 modicam

1099 1551 1202 1614 partem
1238 1561 1349 1600 oncrum
1369 1549 1503 1600 testatoris
1526 1551 1747 1612 consumpserunt
1764 1553 1791 1600 ιι
1807 1549 1905 1602 multos

1099 1615 1210 1670 heredes
1226 1615 1398 1684 reliquerunt,
1416 1613 1512 1692 quibus
1529 1611 1675 1694 scientibus
1688 1615 1771 1694 multa
1783 1631 1904 1696 perpere,

1100 1681 1905 1822 aasututurainstuararentur:

1099 1819 1159 1876 buit
1179 1821 1258 1876 matri
1280 1825 1308 1876 et
1330 1819 1473 1886 avunculo,
1499 1817 1610 1874 heredes
1636 1833 1728 1872 eorum
1749 1833 1766 1872 a
1788 1819 1905 1888 Septicio

1098 1893 1188 1958 petere
1216 1889 1328 1958 possint.
1369 1885 1508 1958 respondit
1535 1903 1590 1942 non
1616 1901 1704 1954 posse.
1748 1885 1906 1942 Genucius:

1099 1955 1217 2012 aditione
1234 1957 1304 2012 enim
1319 1955 1473 2012 hereditatis
1492 1955 1604 2010 confusa
1622 1953 1747 2022 obligatio
1763 1955 1905 2010 intercide-

1099 2029 1149 2088 rat,
1168 2023 1215 2080 sed
1231 2023 1426 2080 fideicommissi
1443 2023 1564 2092 repetitio
1586 2027 1657 2078 erat:
1684 2023 1760 2076 emus
1783 2023 1904 2092 aequitas

1100 2091 1197 2158 defecit
1219 2091 1273 2162 his,
1304 2095 1349 2164 qui
1375 2095 1459 2148 mrilta
1484 2107 1518 2146 ex
1540 2091 1686 2146 hereditate
1710 2091 1906 2160 consumpsisse

1084 2175 1147 2234 'pro
1169 2165 1293 2216 suuntur.

1134 2177 1173 2286 88
1193 2223 1255 2296 (81)
1273 2229 1392 2286 Pronus
1405 2229 1582 2302 imperialium
1595 2229 1787 2282 sententiarum
1800 2227 1828 2280 ab
1844 2243 1906 2296 oop-

1099 2297 1245 2352 tuitionibus
1262 2295 1496 2368 protocursorem
1517 2297 1593 2352 libris
1615 2311 1646 2350 rr
1661 2295 1728 2350 libro
1745 2295 1837 2366 primo
1858 2311 1905 2348 seo

1100 2365 1267 2420 damnorum
1284 2365 1352 2420 libro
1370 2379 1398 2418 ιι
1429 2365 1512 2420 Iulius
1523 2365 1631 2420 Foebus
1647 2367 1805 2418 testamento
1824 2361 1905 2426 facto,

1100 2449 1161 2486 cum
1177 2437 1232 2488 tres
1249 2431 1347 2487 hberos
1364 2433 1474 2488 heredes
1491 2433 1651 2496 institueret,
1668 2431 1791 2486 Foebum
1808 2437 1834 2482 et
1851 2431 1905 2482 He-

1099 2500 1209 2554 racliam
1226 2515 1260 2554 ex
1277 2499 1368 2554 eadem
1385 2501 1497 2566 matrel,
1514 2501 1674 2572 Polycraten
1692 2515 1725 2552 ex
1745 2499 1797 2552 alia
1813 2497 1904 2566 aequis

1099 2569 1279 2636 portionibus,
1300 2569 1368 2636 petit
1385 2583 1401 2620 a
1417 2567 1559 2638 Polycrate
1575 2569 1677 2622 minore
1694 2567 1789 2632 batre,
1813 2571 1845 2618 ut
1861 2581 1905 2618 ac-

1100 2641 1177 2704 cepto
1196 2639 1269 2690 certo
1286 2635 1395 2704 praedio
1407 2635 1581 2692 hereditatem
1592 2635 1720 2690 iratribus
1733 2633 1904 2712 concederem

1100 2707 1127 2758 et
1144 2701 1256 2758 invicem
1273 2719 1334 2768 eos,
1358 2703 1404 2772 qui
1426 2719 1459 2758 ιιι
1481 2703 1574 2758 eadem
1595 2709 1681 2758 matre
1704 2707 1791 2768 erant,
1816 2701 1839 2756 si
1861 2717 1905 2770 qur

1099 2785 1191 2824 eorum
1207 2771 1284 2824 heres
1302 2787 1356 2826 non
1372 2771 1476 2836 itdsset,
1494 2773 1676 2826 substituerat.
1703 2769 1846 2842 Polycrati,
1865 2769 1906 2822 si⁵

1098 2839 1170 2892 intra
1187 2839 1356 2908 pubertatem
1373 2839 1542 2904 decessisset,
1560 2839 1691 2894 secundas
1709 2839 1815 2894 tabulas
1832 2837 1905 2904 fecit,

1100 2921 1167 2974 quas
1183 2905 1262 2958 matri
1279 2905 1336 2960 eius
1355 2907 1544 2960 commendavit
1561 2907 1732 2974 aperiendas,
1752 2907 1776 2962 si
1791 2905 1905 2974 inpubes

1099 2971 1207 3028 obisset.
1243 2971 1338 3026 deinde
1347 2973 1423 3092 petit
1439 2989 1456 3026 a
1471 2973 1618 3040 prioribus,
1635 2979 1678 3040 ut,
1697 2973 1795 3042 siquis
1814 2989 1906 3026 eorum

1099 3039 1157 3094 sine
1172 3039 1263 3094 liberis
1282 3039 1346 3094 dece
1365 3045 1429 3106 eret,
1447 3041 1594 3108 portionem
1611 3057 1688 3094 suam
1697 3041 1815 3110 exceptis
1828 3041 1905 3096 bonis

1099 3109 1224 3160 maternis
1247 3121 1341 3160 eorum
1362 3113 1391 3160 et
1413 3107 1489 3160 eutis
1511 3107 1536 3162 ei
1556 3109 1599 3162 rel
1614 3109 1653 3162 eis
1672 3107 1718 3178 qui
1734 3115 1906 3176 superessent

1099 3175 1257 3230 restitueret.
1283 3175 1409 3228 Heraclia
1422 3189 1500 3230 soror
1509 3181 1615 3230 momua
1625 3177 1682 3232 sine
1692 3175 1783 3230 liberis
1795 3175 1906 3230 fratrem

1098 3243 1220 3296 Foebum
1231 3241 1354 3296 heredem
1366 3241 1494 3296 instituit:
1509 3241 1663 3310 Polycrates
1676 3243 1905 3298 fideicommissum

1098 3309 1213 3378 petierat
1229 3313 1257 3362 et
1274 3309 1425 3378 optinuerat
1442 3307 1514 3376 apud
1526 3309 1665 3364 Aurelium
1681 3309 1824 3364 Proculum
1842 3327 1904 3376 pro·

1100 3375 1236 3430 consulem
1262 3377 1392 3430 Achaiae:
1424 3375 1601 3444 appellatione
1628 3377 1714 3442 facta,
1743 3393 1803 3432 cum
1830 3379 1905 3432 aolus

1100 3443 1206 3498 Foebus
1225 3441 1320 3510 egisset
1337 3443 1518 3514 peremptor,
1540 3443 1701 3508 natusest,
1725 3445 1788 3512 quia
1809 3445 1842 3496 ‘ci
1863 3445 1905 3498 uel

1100 3511 1155 3590 {eisj
1178 3511 1260 3564 verba
1281 3515 1407 3590 utrosque
1428 3509 1524 3564 iratres
1543 3509 1789 3592 complecterentur.
1824 3511 1906 3580 adqui

1098 3593 1210 3632 mercem
1231 3577 1298 3632 duos
1319 3577 1380 3632 illos
1402 3583 1506 3632 taotrmr
1528 3577 1716 3634 substituerat:
1740 3577 1788 3634 sed
1811 3585 1838 3634 ιι
1858 3595 1905 3634 ιι-

1098 3645 1189 3700 luntas
1211 3643 1279 3700 haec
1301 3645 1386 3714 patris
1408 3645 1560 3712 videbatur,
1584 3647 1630 3716 qui
1650 3653 1793 3716 exceperat
1813 3663 1905 3702 eorum

1099 3715 1171 3766 bona
1187 3719 1314 3778 materna,
1333 3715 1396 3784 quia
1412 3713 1567 3782 Polycrates
1584 3715 1664 3768 aliam
1679 3721 1791 3768 matrem
1806 3721 1833 3770 et
1846 3715 1904 3782 qui-

1100 3779 1159 3832 dem
1176 3781 1346 3848 superstitem
1361 3781 1491 3848 habebat,
1514 3781 1590 3836 cuius
1607 3781 1686 3836 etiam
1703 3781 1765 3836 fidei
1782 3783 1903 3836 commis-

1100 3863 1159 3902 sum
1169 3853 1227 3904 erat
1245 3853 1277 3902 ιι
1284 3849 1306 3882 ¹⁰
1316 3847 1413 3916 legata,
1432 3863 1500 3916 quse
1511 3847 1535 3904 ei
1547 3847 1657 3904 dederat
1666 3849 1695 3904 in
1706 3855 1865 3904 testamento
1875 3853 1904 3916 ¹¹,

1097 3915 1213 3970 moriem
1228 3889 1366 3986 Polycrati
1382 3915 1437 3970 filio
1454 3931 1503 3970 suo
1520 3915 1671 3970 restitueret
1680 3917 1709 3970 ¹².
1737 3957 1832 3972 ......

1133 3979 1173 4042 84
1193 4023 1660 4040 ...........................
1692 3983 1817 4054 *Siquis
1835 3999 1903 4048 eum,
1944 3997 1945 4002 ’

1099 4053 1198 4120 *quem
1215 4051 1312 4106 debere
1330 4051 1381 4106 sibi
1397 4051 1462 4106 dicit
1478 4067 1510 4106 eo
1527 4057 1653 4120 negante,
1676 4051 1800 4106 heredem
1819 4051 1902 4132 scrip-

1099 4119 1186 4174 *serit
1202 4135 1262 4174 eum
1279 4135 1314 4174 ue
1330 4119 1467 4188 rogaverit,
1485 4123 1516 4174 ut
1527 4117 1701 4174 hereditatem
1712 4121 1837 4174 restituat
1849 4119 1903 4184 ahi,

1099 4189 1254 4244 *videamus
1290 4187 1378 4242 eiuro
1396 4187 1478 4242 debiti
1487 4227 1600 4242 .......

1133 4251 1173 4314 85
1193 4295 1660 4312 ...........................
1692 4253 1743 4310 *Si
1757 4255 1812 4310 illio
1826 4253 1902 4306 fami-

1100 4323 1170 4380 *lias
1182 4323 1317 4380 hereditas
1329 4325 1454 4380 restituta
1464 4325 1507 4390 sit,
1519 4323 1662 4386 rideamus,
1676 4327 1807 4390 quatenus
1819 4321 1902 4374 actio-

1098 4393 1167 4516 :3³⁸
1184 4393 1361 4448 hereditariae
1376 4399 1440 4464 post
1455 4391 1692 4460 emancipationem
1712 4391 1737 4444 ei
1755 4395 1782 4444 et
1796 4389 1824 4444 in
1842 4403 1902 4442 eum

1138 4465 1216 4516 entur
1226 4501 1339 4516 .......

1466 4667 1533 4728 11¹³.
1705 4713 1706 4716 ,

1130 4767 1267 4826 sumno
1284 4769 1362 4820 oms
1380 4765 1588 4820 suessonum
1605 4763 1674 4816 ιιι
1691 4763 1869 4816 amnicum»

1346 4835 1516 4888 ιιιιιοιιιι
1534 4833 1653 4904 onnes.

1083 4939 1084 4942 ’
1134 4935 1149 4994 1
1179 4937 1298 4994 Pronus
1322 4937 1390 4992 libro
1415 4935 1532 4990 recordo
1560 4933 1597 4988 od
1624 4931 1755 4988 Sabinum
1793 4933 1901 4990 Mortuo

259 5001 330 5080 solam
350 5003 378 5056 in
401 5005 477 5060 bonis
498 5005 582 5060 luisse
599 5003 717 5068 dicebat,
740 5001 782 5058 his
800 5003 896 5072 quibos
912 5003 1047 5060 fideicom-
1097 5011 1188 5076 patre,
1205 5005 1268 5062 licet
1283 5005 1341 5062 viro
1358 5003 1469 5076 pupillo,
1487 5001 1544 5058 dies
1560 5003 1707 5072 legatorum
1724 5017 1741 5056 a
1757 5003 1901 5060 substituto

258 5079 355 5124 nusum
378 5071 525 5128 debebatur
545 5071 675 5128 restituit:
698 5077 794 5142 postea
814 5071 926 5140 repertis
947 5071 1047 5128 insnu-
1098 5075 1221 5130 datorum
1238 5075 1317 5130 cedit.

258 5137 340 5190 nentis
352 5141 474 5208 apparuit
485 5141 633 5210 quadruplo
646 5139 779 5212 amplius⁵
795 5139 942 5194 hereditate
950 5139 1047 5198 iuissm
1133 5139 1153 5200 2
1175 5143 1319 5200 Uarianos
1339 5141 1406 5196 libro
1428 5141 1520 5212 quieto
1538 5139 1638 5196 decimo
1656 5139 1694 5196 od
1709 5139 1839 5200 Sabinam
1874 5143 1902 5198 Si

258 5205 394 5284 quaesitum
410 5215 462 5272 est,
485 5223 522 5262 an
537 5209 567 5264 in
581 5209 714 5290 reliquum
728 5207 926 5262 fideicommissi
942 5209 1049 5266 uomina
1097 5227 1166 5280 pure
1187 5211 1223 5266 sit
1244 5227 1308 5266 usus
1325 5209 1431 5266 fruetus
1448 5209 1550 5278 legatus
1566 5209 1608 5266 rel
1625 5227 1689 5266 usus
1705 5210 1901 5278 inhabitatio,

258 5283 378 5326 oonvemn
394 5277 487 5342 possit.
521 5277 660 5346 respondit
680 5275 827 5332 secumdum
847 5291 879 5332 ea
899 5293 969 5348 quae
986 5293 1048 5348 pro·
1099 5295 1185 5350 neque
1200 5295 1292 5334 eorum
1309 5277 1365 5334 dies
1383 5283 1446 5332 ante
1462 5277 1560 5332 aditam
1576 5279 1749 5336 hereditatem
1769 5279 1839 5336 cedit
1856 5297 1902 5334 ne-

257 5347 414 5408 ionerentur,
431 5345 455 5398 si
470 5359 525 5400 non
541 5349 708 5402 transactum
725 5349 803 5412 esset,
819 5359 909 5414 posse.
1100 5365 1152 5416 que
1171 5347 1263 5418 petitio
1284 5345 1320 5404 ad
1340 5345 1465 5402 heredem
1486 5347 1590 5404 bausit.
1624 5349 1695 5404 idem
1715 5355 1743 5404 et
1762 5349 1785 5406 si
1806 5365 1840 5404 ex
1861 5349 1903 5404 die

285 5401 319 5464 81
338 5405 398 5476 (79)
414 5409 497 5468 [orn
508 5413 576 5470 lehre
591 5413 729 5486 arquitur
743 5413 929 5488 quaestionum
938 5413 1050 5486 publice
1098 5417 1134 5470 sit
1151 5431 1216 5472 usus
1233 5413 1338 5470 fructus
1355 5413 1478 5474 relictus:
1760 5457 1761 5460 ,

257 5515 1900 5546 mmm

257 5577 406 5658 (1))1111111111
419 5583 445 5634 F
546 5585 579 5648 (2)
597 5583 756 5638 reclamem·
857 5589 890 5650 (ι)
908 5585 1014 5638 debeant
1027 5587 1052 5638 F
1100 5589 1144 5652 (ιι)
1162 5599 1266 5642 miramo
1276 5609 1339 5656 pore
1352 5593 1416 5644 date·
1428 5595 1606 5648 meretrcem
1628 5615 1690 5662 quoe
1709 5595 1825 5662 tepuere,
1846 5613 1903 5660 sop-

257 5645 284 5710 (t)
299 5651 371 5698 reice
409 5651 469 5728 ⁸(5)
486 5651 600 5704 inicaS
660 5653 696 5718 (t)
713 5653 826 5706 idemffl
889 5659 921 5716 (ι)
938 5655 1053 5704 macreF
1098 5657 1331 5722 pletoaurtedB¹
1743 5691 1746 5698 .

257 5715 285 5770 (a
300 5713 428 5782 polycratis
440 5721 482 5782 Ρ,
498 5719 682 5788 polycratem
749 5723 782 5788 (ι)
800 5725 884 5776 ider:
901 5725 1049 5786 menterno
1135 5723 1177 5791 (ιι)
1196 5725 1255 5776 Sat.
1266 5737 1344 5788 1...ao;
1360 5731 1409 5782 Ed.
1419 5741 1509 5794 rnen
1523 5733 1586 5800 Pap.
1598 5743 1692 5792 esem
1706 5731 1770 5798 App.
1782 5743 1859 5782 ιιι.
1869 5755 1902 5766 -

257 5781 345 5836 ertum
427 5791 471 5854 (ιι)
490 5787 529 5840 vel
543 5791 569 5840 F
652 5791 694 5854 (ιι)
711 5791 803 5842 inuste
816 5793 861 5856 111,
878 5791 996 5842 intestata
1009 5791 1050 5842 yu
1100 5791 1490 5866 Boe.4t,ro.-cy⁰.t‘oct.d,ss
1638 5833 1639 5836 =
1834 5833 1836 5836 -
