4366 6258
257 373 301 420 DE
321 371 605 418 Excusarrorttnns

257 533 365 590 ιιιιιιιι1
386 533 456 586 inter
477 531 625 600 privilegia,
649 535 680 586 ut
703 547 720 586 a
742 531 832 586 tutelis
854 537 963 600 vacent,
986 531 1066 600 idque

258 607 272 654 l
308 601 383 652 dirus
401 599 531 652 Traianus
548 599 694 668 rescripsit,
730 599 855 666 Inquilini
878 605 1028 656 castrorum
1050 615 1066 652 a

256 667 345 722 tutelis
363 665 483 720 excusari
506 665 591 718 solent
609 667 660 718 nisi
677 679 778 730 eornm,
800 665 847 734 qui
863 671 891 720 ιι
911 667 963 736 ipsi
979 665 1065 734 inqui-

256 733 302 790 lini
324 737 387 788 sunt
409 739 436 786 ιι
457 733 486 784 in
508 731 601 786 eodem
626 737 714 788 castro
742 731 886 802 eademque
912 733 1067 788 condicione

257 805 329 924 miti
352 865 497 920 Uarianos
510 865 579 920 libro
596 865 739 918 uicensimo
761 865 801 920 ud
822 865 906 936 iopam
923 865 1023 920 Iulium
1040 867 1068 918 et

257 935 372 1006 Papium
405 931 480 986 Bello
499 933 588 988 amissi
610 933 645 986 ad
670 931 771 988 tutelae
788 933 987 988 excusationem
1003 947 1066 1000 pro·

257 1007 330 1058 sunt:
355 999 504 1070 quaesitum
521 1005 561 1054 est
578 1003 680 1064 autem,
704 999 750 1068 qui
767 1005 831 1054 sunt
846 999 906 1064 isti,
923 1003 1013 1054 utrum
1030 999 1067 1064 hi,

257 1069 301 1138 qui
317 1069 344 1120 in
362 1067 419 1120 acie
437 1073 498 1120 sunt
519 1069 669 1136 interempti
692 1083 728 1120 an
750 1081 812 1122 iero
836 1081 927 1120 omnes
951 1065 1066 1130 omnino,

257 1137 300 1216 qui
316 1149 364 1204 per
382 1149 490 1188 cansam
506 1135 569 1188 belli
584 1135 740 1214 parentibus
757 1137 822 1188 sunt
838 1133 956 1202 abrepti,
973 1133 1066 1186 inob-

256 1203 356 1258 sidione
372 1201 450 1254 forte.
473 1201 566 1256 melius
582 1201 663 1270 igitur
678 1201 838 1270 probabitur
860 1215 906 1256 eos
923 1201 1002 1264 solos,
1022 1199 1068 1268 qni

256 1273 282 1324 in
305 1267 362 1322 acie
385 1269 556 1334 amittuntur,
580 1267 708 1338 prodesse
737 1267 848 1332 debere,
878 1267 1067 1336 cuiusmmque

257 1351 333 1456 sepas
350 1335 391 1454 viel
408 1335 504 1390 aetatis
521 1335 606 1390 sinte:
629 1335 658 1390 hi
680 1335 750 1390 emm
772 1351 822 1404 pro
845 1349 875 1390 re
896 1333 1005 1404 publica
1023 1349 1066 1388 ce·

257 1421 279 1458 ci
298 1417 381 1456 erun.

290 1465 327 1526 19
344 1469 506 1524 irruituro
524 1471 660 1540 tripesiuro
677 1471 772 1540 quitata
790 1469 828 1522 acl
843 1469 958 1524 edictum
998 1467 1068 1522 lllud

256 1537 453 1594 usitatissimum
475 1541 528 1602 est,
552 1543 583 1590 ut
605 1537 660 1604 bis,
685 1537 732 1608 qui
752 1537 884 1590 initalia
906 1535 1068 1590 domicilium

256 1607 378 1670 babeant,
388 1603 579 1660 administratio
588 1621 677 1660 rerum
689 1603 892 1674 provincialium
905 1603 1065 1660 remittatur.

288 1669 327 1730 20
344 1671 488 1726 Inclusus
502 1673 570 1726 libro
586 1675 711 1726 uicesimo
728 1673 893 1744 digestorum
934 1671 963 1726 Si
979 1673 1066 1792 pppil·

257 1743 308 1796 lnm
326 1743 437 1808 patruus
455 1739 599 1794 contendat
616 1741 805 1794 exheredatum
824 1755 882 1794 esse
900 1745 927 1794 et
944 1753 973 1794 se
1009 1755 1065 1794 ere-

257 1807 314 1862 dem
330 1807 473 1876 scripturn,
497 1823 609 1876 aequum
632 1813 673 1862 est
689 1813 807 1864 tutorem
842 1807 925 1876 upillo
948 1807 1007 1862 dari
1023 1823 1065 1862 re-

256 1879 331 1944 cepte
353 1875 443 1944 patrui
464 1877 634 1930 excusatione
656 1875 710 1940 rel,
734 1877 758 1930 si
782 1825 851 1930 roffi
867 1875 1065 1930 excusationem

255 1949 361 2062 peterdei,r
378 1947 480 1996 remoto
504 1957 535 1996 eo
558 1957 575 1996 a
596 1943 699 1996 tutela³
720 1943 759 1996 ita
776 1943 850 1996 litem
868 1942 901 1996 de
917 1941 1065 1996 hereditate

305 2023 319 2062 e
362 2023 385 2062 e.
769 2053 770 2056 ,

310 2073 345 2132 1⁴
363 2075 535 2130 Marcianus
548 2077 743 2130 librosecuudo
758 2077 955 2128 institutionum
980 2075 1065 2144 Prop-

257 2149 295 2196 ter
311 2143 392 2208 litem,
411 2159 490 2212 qnam
507 2143 565 2212 quis
584 2157 645 2196 cnm
661 2143 762 2214 pupillo
780 2143 870 2206 habet,
890 2157 1020 2196 excusare
1037 2159 1066 2198 se

254 2209 369 2264 atutela
386 2227 441 2264 non
456 2215 553 2278 potest,
569 2209 621 2264 nisi
637 2209 708 2264 forte
725 2209 758 2264 de
776 2209 899 2264 omnibns
922 2209 1001 2266 bonis
1019 2215 1066 2266 aut

256 2283 267 2332 1
302 2279 415 2346 plurima
443 2283 519 2346 parte
548 2293 639 2332 eorum
665 2277 846 2332 conmorersia
874 2277 916 2332 sit.
962 2277 1014 2344 Qui
1036 2293 1066 2334 se

254 2345 308 2398 volt
326 2361 461 2410 excusare,
479 2345 504 2400 si
518 2347 609 2416 plures
625 2345 707 2398 habet
725 2343 911 2400 excusationes
923 2351 950 2398 et
962 2347 995 2398 de
1007 2347 1065 2414 qui-

254 2413 363 2464 busdam
381 2427 435 2464 non
451 2413 617 2482 probaverit,
640 2413 699 2466 aliis
722 2413 762 2466 uti
784 2413 856 2464 intra
872 2417 993 2480 tempora
1010 2429 1065 2466 non

255 2483 268 2534 t
302 2479 464 2548 prohibetur.
499 2479 576 2534 Licet
593 2479 671 2534 datus
693 2485 768 2534 tutor
790 2477 825 2532 ad
847 2479 999 2534 universum
1016 2495 1064 2550 pa·

254 2547 402 2600 admonium
420 2547 498 2602 datus
521 2553 571 2614 est,
595 2551 685 2602 ιιιιιιιι
708 2561 837 2602 excusare
860 2561 890 2602 se
914 2553 1064 2616 potestne

254 2615 322 2668 ultra
347 2615 537 2668 centensimum
561 2615 675 2694 lapidem
700 2615 812 2668 tutelam
841 2621 933 2682 gerat,
948 2615 1011 2670 nisi
1035 2615 1064 2668 in

255 2683 343 2734 eadem
372 2683 508 2750 provincia
533 2683 627 2752 pupilli
654 2681 843 2752 patrimonium
870 2683 919 2736 sita
955 2687 982 2736 et
1003 2683 1063 2738 ideo

254 2749 354 2802 illarum
372 2763 459 2802 rernm
476 2749 579 2804 dabunt
596 2755 699 2802 tutores
722 2749 751 2802 in
773 2749 912 2818 provincia
927 2749 1063 2818 praesides

255 2821 268 2872 3
304 2817 368 2870 eius.
401 2815 459 2870 Nec
485 2821 622 2872 senatores
645 2815 717 2870 ultra
740 2815 931 2872 centensimum
948 2817 1064 2886 lapidem

254 2889 269 2938 4
302 2883 375 2938 urbis
392 2885 504 2938 tutelam
519 2899 611 2954 gerere
628 2899 659 2940 co
695 2889 764 2938 ntur.
800 2883 918 2938 Habenti
940 2899 1002 2954 ergo
1020 2889 1063 2938 tn-

254 2957 345 3074 ploremd
357 2957 432 3070 tpptor
454 2951 546 3006 datur:
577 2953 625 3008 sed
650 2901 762 3006 affinia
779 2967 878 3018 rerum,
895 2969 950 3008 nori
968 2967 1064 3006 earun-

272 3035 311 3074 em
347 3035 363 3072 a
394 3037 414 3072 r.

264 3097 265 3100 ’
286 3083 325 3142 22
343 3085 494 3140 Soranum
516 3085 584 3142 libro
602 3087 696 3156 ummo
717 3087 875 3154 regulorum
909 3087 1065 3142 Geometras

258 3163 267 3208 ι
302 3169 318 3208 a
340 3155 430 3208 tutelis
452 3169 507 3208 non
528 3159 633 3208 vacant
668 3153 703 3208 Hi
725 3169 803 3220 vero,
827 3155 923 3224 quibus
940 3155 1065 3222 princeps

254 3237 343 3276 onnam
361 3221 471 3276 alicuius
483 3221 522 3274 rei
538 3221 651 3288 innxit⁵,
671 3229 834 3278 excusantur
845 3237 861 3276 a
872 3223 966 3288 tutela,
979 3223 1065 3276 donec

254 3305 343 3344 ourani
360 3295 462 3354 gerunt.

285 3355 324 3414 23
348 3355 493 3412 Uarianos
507 3355 574 3410 libro
590 3357 708 3412 secundo
725 3373 917 3428 responsorum
950 3355 1065 3424 Propter

253 3425 439 3492 magistratum,
458 3439 536 3492 quem
552 3423 580 3476 ia
597 3423 741 3494 municipio
754 3425 813 3496 quis
826 3429 882 3480 erat
897 3423 1064 3478 administra·

254 3499 344 3556 turns,
377 3491 477 3546 tutelae
503 3493 700 3548 excusationem
725 3509 780 3548 non
806 3493 906 3548 habere
930 3489 1063 3560 respondi.

255 3565 267 3614 1
302 3559 331 3614 Si
347 3559 375 3612 iii
393 3559 488 3614 castris
506 3565 636 3614 merentes
653 3577 708 3616 non
725 3561 759 3616 ab
778 3577 810 3616 eo
834 3565 936 3614 tutores
960 3559 1065 3626 dentur,

255 3629 297 3698 qni
314 3629 342 3682 in
359 3627 453 3682 castris
470 3627 597 3694 merebat,
607 3629 805 3684 excusationem
816 3627 917 3682 hahere
930 3625 1064 3694 respondi.

287 3693 347 3752 24⁶
381 3695 564 3748 Pirramnus
595 3695 663 3750 libro
697 3697 838 3752 undecimo
875 3697 1065 3774 puueaiouum

255 3763 445 3832 'Nequaquam
468 3761 628 3818 credendum
654 3769 694 3818 est
717 3763 929 3842 eiprivilegium
952 3771 1065 3816 excusa-

253 3831 330 3886 tionis
353 3831 486 3894 ablatum,
509 3831 552 3884 oni
573 3829 836 3886 fideicommissaria⁸
851 3829 961 3884 hbertas
979 3829 1067 3884 solnta

254 3905 306 3952 est:
330 3915 393 3954 nam
409 3899 437 3952 in
454 3903 511 3954 toto
528 3899 585 3952 iere
601 3899 660 3952 iure
671 3897 849 3954 manumissor
860 3895 990 3952 eiusmodi
1001 3897 1066 3952 nihil

253 3965 316 4020 iuris
333 3971 364 4020 ut
380 3973 510 4034 patronus
527 3965 653 4020 adversus
665 3965 755 4020 liberti
770 3981 913 4034 personam
926 3965 1065 4034 consequi-

253 4037 296 4088 tur
305 4035 324 4098 ⁹,
348 4039 459 4102 excepto
484 4031 555 4102 quod
576 4033 605 4086 in
628 4033 670 4088 ius
687 4049 784 4090 uocare
800 4039 942 4102 patronum
963 4033 1066 4088 iniussu

254 4101 383 4168 praetoris
399 4117 454 4154 non
471 4099 549 4156 debet
558 4103 586 4156 ¹⁰.
940 4141 941 4144 ,

285 4167 323 4228 25
347 4167 492 4224 Uarianos
506 4169 574 4226 libro
590 4169 708 4224 secundo
726 4167 760 4222 dc
776 4165 871 4238 officio
891 4167 1066 4240 proconsulis

254 4235 390 4290 Excusare
407 4251 437 4290 ιι
453 4239 527 4290 tutor
543 4253 591 4306 per
608 4237 711 4292 libellos
728 4251 783 4290 non
799 4235 906 4306 poterit.

278 4301 326 4362 Ὶ’26
344 4303 463 4358 Pronus
477 4303 545 4360 libro
556 4307 598 4360 siu
618 4303 735 4360 uderida
746 4303 967 4360 excusationibus
989 4303 1065 4358 Men·

254 4385 326 4426 sores
347 4371 536 4426 frumentarios
563 4321 663 4426 babere
684 4373 727 4426 ins
751 4371 930 4426 excusationis
954 4375 1067 4442 apparet

254 4453 285 4494 ex
306 4439 435 4508 rescripto
459 4439 577 4494 divorum
598 4441 686 4494 Marci
708 4445 736 4494 et
758 4437 912 4506 Commodi,
935 4441 1007 4510 quod
1024 4453 1065 4494 re·

255 4509 305 4560 scri
325 4513 417 4564 serunt
433 4507 568 4576 praefecto
587 4523 718 4562 annonae.

287 4525 326 4634 22
343 4575 520 4630 Marcianos
528 4575 596 4630 libro
609 4577 705 4646 quinto
715 4575 873 4646 reputatum
897 4575 1065 4656 bagularius,

1054 349 1119 442 aaa

1757 355 1881 416 nxvn
1906 363 1920 418 1

1115 531 1193 584 fratri
1211 533 1365 586 coheredem
1382 541 1540 592 stratorem
1557 535 1638 598 dedit,
1656 547 1716 586 cuin
1733 529 1858 582 iudicium
1875 547 1923 598 pa·

1116 601 1131 650 2
1166 597 1215 650 tris
1237 603 1268 652 ut
1289 597 1374 664 filius,
1395 617 1451 654 non
1467 607 1499 656 ιιι
1519 607 1595 656 tutor
1610 595 1763 670 promeruit.
1798 595 1922 652 Tutorem

1116 663 1151 718 ad
1167 669 1271 732 tempus
1289 665 1397 742 exulare
1413 667 1653 748 iussumexcurari
1665 679 1729 748 ‘non
1745 667 1858 732 oportet
1877 665 1923 744 sed

1115 729 1924 876 ppcppemflpsfflipplpsppp'popeopnppppspppppnppbetppppp

1116 879 1140 916 si
1155 881 1184 916 iii
1201 865 1308 916 exihum
1334 863 1413 916 datus
1436 869 1471 916 ιιι
1491 869 1579 932 tutor,
1615 873 1685 922 otest
1701 883 1731 922 se
1748 879 1882 928 exorissre,
1901 881 1924 918 si

1119 937 1131 982 1
1166 931 1194 984 in
1211 937 1368 1000 perpetuum
1386 931 1464 982 datus
1483 937 1523 984 est
1536 933 1564 986 ¹¹,
1624 935 1716 988 acibus
1733 937 1822 988 autem
1841 931 1923 988 exulis

1116 997 1278 1066 ignorantia,
1307 997 1352 1076 qui
1378 1001 1545 1050 cantatorem
1575 1009 1727 1068 suspectum
1751 1001 1842 1056 facere
1870 1015 1923 1054 non

1115 1065 1242 1134 potuerit,
1259 1081 1361 1118 veniam
1379 1063 1494 1118 habebit

1151 1129 1190 1190 30
1208 1131 1391 1186 Papinianus
1409 1131 1476 1186 libro
1507 1131 1599 1198 quinto
1622 1149 1811 1204 responsorum
1855 1135 1923 1190 luris

1116 1201 1224 1266 peritos,
1243 1201 1288 1270 qui
1310 1199 1420 1252 tutelam
1442 1211 1532 1266 gerere
1555 1207 1711 1266 coeperunt,
1734 1205 1762 1258 in
1785 1203 1924 1260 consilium

1116 1267 1265 1336 principum
1292 1267 1448 1336 adsumptos
1476 1263 1569 1334 optimi
1600 1267 1758 1336 maximique
1789 1271 1923 1340 principes

1116 1333 1203 1388 nostri
1220 1333 1416 1388 constituerunt
1433 1331 1605 1398 excusandos,
1623 1335 1747 1400 quoniam
1764 1339 1837 1392 circa
1853 1339 1923 1390 latus

1117 1415 1208 1456 eorum
1223 1405 1332 1470 agerent
1349 1405 1376 1456 et
1392 1401 1477 1456 honor
1495 1399 1598 1454 delatus
1615 1399 1695 1452 finem
1717 1405 1782 1456 certi
1797 1405 1924 1472 temporis

1118 1473 1131 1522 1
1166 1483 1199 1522 ac
1216 1469 1269 1524 loci
1286 1483 1340 1522 non
1356 1469 1475 1522 baberet.
1511 1465 1578 1522 (lum
1595 1465 1721 1522 oriundus
1739 1483 1772 1522 ex
1787 1471 1925 1540 provincia

1115 1537 1218 1592 Romae
1235 1537 1395 1590 domicilium
1412 1537 1531 1600 haberat,
1550 1535 1667 1590 eiusdem
1685 1541 1792 1590 curator
1816 1537 1923 1592 decreto

1115 1603 1245 1672 praesidis
1263 1621 1296 1658 ac
1312 1605 1443 1672 praetoris
1461 1603 1622 1658 constitutus
1645 1617 1734 1656 rerum
1754 1603 1924 1660 administra-

1116 1673 1215 1726 tionem
1231 1671 1375 1740 utmbique
1392 1671 1518 1740 suscepit.
1535 1669 1636 1740 placuit
1653 1687 1713 1724 euin
1728 1669 1794 1726 duas
1808 1675 1923 1726 curado·

1115 1755 1164 1794 nes
1182 1739 1366 1794 administrare
1382 1753 1437 1792 non
1453 1739 1545 1804 rideri,
1563 1737 1632 1808 quod
1646 1737 1766 1792 videlicet
1776 1737 1854 1792 unius
1872 1741 1923 1794 dno

1116 1811 1132 1860 2
1166 1807 1326 1876 patrimonia
1346 1823 1401 1860 non
1424 1807 1583 1878 viderentur.
1627 1805 1679 1874 Qui
1702 1805 1839 1876 privilegio
1861 1807 1923 1860 snb·

1115 1873 1194 1928 nixus
1218 1879 1272 1940 est,
1296 1873 1388 1928 fratris
1412 1875 1575 1928 curationem
1591 1873 1725 1942 suscipere
1742 1889 1797 1926 uon
1814 1873 1925 1940 cogitur.

1116 1945 1131 1996 3
1166 1941 1299 1996 Patronus
1322 1941 1453 2010 impuberi
1480 1941 1576 1996 liberto
1605 1939 1734 2010 quosdam
1763 1957 1796 1994 ex
1823 1939 1925 1994 libertis

1115 2011 1218 2062 tutores
1234 2013 1282 2062 aut
1299 2015 1436 2064 curatores
1452 2013 1611 2062 testamento
1635 2007 1713 2062 dedit.
1738 2007 1857 2076 quamvis
1880 2021 1925 2060 eos

1115 2075 1224 2130 idoneos
1242 2091 1299 2130 esse
1318 2081 1430 2140 constet,
1447 2077 1529 2130 nihilo
1547 2077 1632 2130 minus
1649 2077 1706 2130 inre
1722 2075 1830 2144 publico
1848 2077 1924 2142 pote-

1115 2149 1178 2196 runt
1195 2143 1324 2206 excusari,
1342 2157 1377 2196 ne
1394 2143 1501 2196 decreto
1520 2143 1715 2198 confirmentur.

1150 2205 1187 2266 31
1207 2209 1326 2264 Pronus
1346 2209 1414 2266 libro
1437 2215 1516 2266 scuto
1540 2211 1725 2282 quaestionum
1773 2209 1802 2264 si
1823 2209 1855 2272 is,
1880 2207 1926 2278 qni

1115 2281 1169 2332 tres
1193 2277 1291 2332 tutelas
1314 2277 1532 2344 administrabat,
1555 2277 1659 2334 duobus
1681 2277 1787 2348 pupillis
1817 2275 1925 2332 diversis

1116 2345 1227 2398 decretis
1245 2345 1323 2398 datus
1340 2349 1381 2398 est
1398 2347 1444 2414 qui
1459 2347 1578 2414 potuit²²
1590 2347 1719 2410 excusari,
1732 2349 1758 2398 ιι
1769 2345 1925 2414 priusquam

1116 2427 1212 2466 caiisas
1229 2411 1407 2466 exornationis
1425 2413 1560 2482 allegaret,
1578 2429 1647 2466 unus
1665 2429 1698 2466 ex
1719 2413 1841 2482 pupillis,
1858 2427 1924 2480 quo-

1115 2497 1173 2534 rum
1195 2479 1249 2532 iani
1270 2481 1381 2534 tutelam
1404 2479 1620 2544 administrabat,
1645 2479 1766 2546 decessit,
1784 2479 1831 2534 ubi
1848 2477 1925 2532 desiit

1115 2549 1140 2602 ei
1157 2551 1306 2616 competere
1323 2547 1475 2614 excusatio,
1494 2549 1583 2602 statim
1605 2549 1692 2610 tenuit
1709 2563 1768 2602 enm
1787 2547 1861 2616 prius
1879 2545 1924 2600 de·

1116 2617 1231 2680 cretum,
1257 2617 1335 2684 quasi
1358 2617 1387 2668 in
1412 2615 1471 2670 loco
1498 2617 1592 2670 tertiae
1616 2617 1715 2670 tutelae
1740 2619 1837 2684 quarta
1861 2613 1924 2668 sub·

1114 2683 1247 2750 roganda:
1280 2697 1341 2736 num
1366 2683 1425 2752 ipso
1453 2683 1511 2736 iure
1533 2689 1607 2738 tutor
1636 2689 1677 2738 ιιι
1701 2683 1760 2736 ιι13
1784 2687 1926 2751 antequam

1116 2753 1265 2804 excusetur.
1289 2749 1378 2818 potuit
1390 2801 1391 2804 ,
1402 2765 1464 2818 ergo
1487 2751 1572 2804 tutela
1594 2751 1659 2816 eius,
1676 2751 1723 2818 qui
1739 2765 1810 2804 nunc
1827 2753 1923 2818 quarto

1114 2817 1173 2872 loco
1191 2817 1331 2880 invenitur,
1350 2817 1487 2872 excusarit
1513 2817 1561 2872 sed
1578 2833 1638 2872 cuin
1655 2833 1709 2872 non
1726 2817 1761 2872 sit
1772 2821 1924 2882 excusatus,

1115 2885 1266 2940 necessario
1284 2885 1451 2940 subeundum
1468 2891 1509 2938 est
1526 2901 1593 2940 onns
1610 2887 1680 2940 illins
1697 2901 1800 2954 quoqne
1816 2885 1923 2940 tutelae.

1116 2967 1165 3006 nec
1182 2967 1224 3006 nie
1241 2957 1335 3016 movet,
1353 2953 1426 3020 quod
1443 2953 1515 3006 dicat
1532 2953 1628 3034 aliquis
1644 2953 1697 3008 boc
1713 2969 1747 3008 ne
1764 2953 1841 3020 exigi,
1859 2967 1893 3006 an
1905 2953 1925 2986 ¹⁴

1115 3019 1314 3074 administretur
1337 3019 1435 3074 ιιιιιΙιι
1465 3019 1518 3074 boc
1542 3037 1611 3076 enim
1634 3035 1665 3076 eo
1690 3021 1818 3088 pertinet,
1841 3037 1874 3074 ne
1892 3019 1926 3074 sit

1115 3087 1190 3142 finita
1207 3087 1413 3142 administratio:
1442 3091 1559 3142 ceterum
1580 3089 1604 3142 si
1625 3087 1771 3156 pericnlum
1794 3087 1925 3142 sustineat

1116 3155 1280 3220 cessationis,
1298 3159 1362 3224 puto
1381 3153 1405 3208 ei
1421 3155 1604 3222 imputandam
1616 3169 1674 3208 earn
1684 3171 1790 3224 qnoque
1806 3157 1925 3208 tutelam.

1118 3225 1130 3274 ι
1165 3220 1239 3275 Idem
1257 3221 1360 3280 evenne
1382 3227 1483 3290 potest,
1507 3223 1531 3274 ιι
1548 3221 1650 3276 duobus
1673 3223 1847 3288 testamentis,
1865 3237 1926 3276 cum

1115 3289 1226 3342 haberet
1242 3295 1297 3344 tres
1314 3291 1426 3354 tutelas,
1443 3295 1517 3344 tutor
1534 3289 1612 3342 datus
1631 3295 1683 3344 est:
1707 3289 1754 3344 ubi
1775 3305 1829 3344 non
1846 3303 1923 3358 aper·

1115 3361 1203 3412 tarum
1220 3357 1372 3410 tabidarum
1388 3361 1492 3426 tempus
1503 3355 1599 3426 inspici
1616 3355 1728 3422 debebit,
1739 3357 1761 3412 si
1774 3363 1925 3426 quaeratur,

1115 3439 1184 3492 qnae
1200 3425 1274 3492 prior
1295 3423 1384 3478 delata
1407 3425 1442 3478 ιιι
1466 3425 1566 3490 tutela,
1590 3423 1639 3478 sed
1660 3423 1749 3478 aditae
1769 3425 1925 3480 hereditatis

1115 3495 1131 3544 2
1165 3491 1206 3546 vol
1223 3491 1385 3546 condicionis
1403 3491 1548 3546 existentis.
1581 3493 1631 3544 llla
1654 3507 1760 3562 qnoque
1783 3493 1833 3548 erit
1851 3493 1928 3552 ditias

1115 3559 1202 3614 rentia
1226 3559 1384 3624 tutelarum,
1411 3559 1444 3614 de
1469 3559 1565 3628 quibus
1591 3559 1720 3626 diximus,
1746 3559 1770 3614 si
1794 3559 1874 3616 tertia
1899 3565 1926 3616 et

1115 3631 1212 3694 qnaita
1234 3627 1270 3682 sit
1293 3627 1395 3696 delata,
1418 3629 1482 3682 hcet
1497 3629 1526 3682 iu
1543 3629 1695 3696 quartam¹⁵
1710 3629 1785 3700 prius
1803 3629 1925 3686 detentus

1115 3697 1158 3760 sit,
1176 3695 1248 3764 quod
1265 3697 1352 3764 buius,
1369 3697 1397 3748 id
1414 3703 1455 3750 est
1472 3703 1590 3766 quartae,
1607 3711 1641 3750 ex
1657 3711 1708 3764 quo
1720 3697 1808 3752 iussus
1820 3701 1861 3752 est
1877 3697 1924 3752 ad·

1115 3763 1274 3828 ministrare,
1292 3763 1362 3816 illius
1381 3779 1413 3816 ex
1430 3779 1482 3832 quo
1496 3763 1574 3818 datus
1589 3769 1629 3818 est
1643 3763 1791 3832 periculum
1803 3765 1926 3820 sustinet.

1116 3835 1131 3884 3
1165 3829 1244 3896 Eum,
1262 3831 1308 3910 qni
1324 3831 1453 3900 pupillum
1465 3831 1542 3886 bonis
1559 3833 1677 3900 paternis
1688 3831 1861 3898 abstinuerat,
1879 3833 1924 3886 dc-

1115 3897 1252 3953 tinendnm
1273 3915 1302 3952 in
1324 3905 1419 3968 quarta
1442 3901 1526 3954 tutela
1550 3899 1694 3954 existimari
1711 3899 1788 3970 qnasi
1805 3901 1926 3970 deposita

1115 3971 1132 4018 4
1165 3967 1220 4020 illa.
1265 3965 1388 4022 Ceterum
1409 3969 1563 4036 ιιιιιιιιιιι18
1586 3973 1659 4022 recte
1688 3967 1821 4022 facturum
1847 3985 1924 4036 prae·

1115 4039 1208 4098 torem,
1226 4033 1254 4106 si
1268 4035 1347 4088 etiam
1363 4051 1445 4090 unam
1461 4035 1572 4090 tutelam
1589 4035 1711 4090 sufficere
1734 4035 1884 4100 crediderit,
1903 4035 1926 4090 si

1115 4105 1170 4156 tam
1188 4101 1286 4156 diffusa
1309 4105 1336 4156 ιι
1357 4105 1495 4172 negotiosa
1517 4103 1565 4168 sit,
1588 4107 1620 4156 nt
1635 4119 1684 4172 pro
1701 4103 1823 4172 pluribus
1841 4105 1924 4158 cedat.

1115 4185 1202 4238 neque
1223 4169 1304 4240 igitur
1326 4169 1424 4226 iratres
1448 4177 1584 4226 consortes
1601 4171 1716 4240 plurium
1733 4171 1792 4226 loco
1809 4171 1925 4226 habendi

1115 4243 1188 4304 sunt,
1205 4253 1291 4308 neque
1307 4255 1361 4294 non
1377 4237 1484 4304 iratres,
1502 4239 1526 4294 si
1542 4239 1611 4294 idern
1628 4239 1815 4308 patrimonium
1825 4239 1926 4292 habent

1116 4311 1144 4360 et
1160 4307 1228 4360 ratio
1246 4305 1481 4362 administrationis
1503 4309 1607 4376 pariter
1628 4307 1762 4362 reddenda
1779 4307 1822 4360 sit,
1848 4311 1875 4360 ιι
1891 4321 1925 4360 ιιι

1116 4373 1219 4430 diuerso
1241 4375 1338 4430 banea
1361 4375 1443 4430 diviso
1455 4375 1620 4444 patrimonio
1642 4375 1711 4430 duae
1732 4375 1832 4428 tutelae
1849 4377 1925 4426 sunt:

1115 4457 1170 4496 non
1187 4441 1265 4508 enim,
1283 4447 1314 4496 ut
1331 4441 1393 4508 diri,
1411 4451 1536 4498 numerus
1553 4443 1721 4512 pupillorum,
1745 4441 1793 4496 sed
1810 4439 1924 4492 diidonl-

1115 4511 1314 4632 tapratppnum
1340 4511 1566 4566 conficiendamm
1588 4517 1615 4564 et
1639 4507 1832 4564 reddendarum
1861 4521 1923 4562 con-

1115 4575 1140 4630 si
1159 4591 1222 4630 eran
1241 4593 1258 4632 a
1275 4583 1323 4634 cst,

254 4643 639 4766 litteratissimis
653 4643 1065 4766 titudmffltt‘ttbiidi
1115 4639 1503 4768 Asonflpuppupipao
1536 4641 1925 4766 ,actualitas-'sit

254 4777 402 4832 missarium
421 4777 606 4846 consequitur:
629 4751 673 4832 ιἰιι
695 4725 788 4834 sgimilis
804 4727 930 4846 1istquui
947 4777 980 4832 de
995 4777 1065 4834 falso
1115 4727 1158 4834 reg
1179 4729 1296 4848 quiffis
1320 4729 1388 4836 alius
1402 4729 1551 4836 aextor'aneus
1568 4783 1720 4834 exmaneum
1737 4725 1924 4856 ιιιιξιῗιιιιιιι-

255 4845 305 4912 egit
321 4861 371 4900 nec
388 4847 509 4914 optinuit.
1115 4843 1170 4902 lum
1187 4847 1296 4916 scripsit
1311 4849 1434 4904 heredem
1451 4853 1479 4902 et
1496 4845 1567 4900 Titio
1585 4843 1700 4912 legatum
1717 4843 1791 4898 dedit
1813 4859 1926 4912 eumque

287 4909 326 4972 28
345 4915 528 4968 Pnrrnmnos
551 4915 620 4968 libro
644 4913 738 4984 quinto
754 4927 947 4984 responsorum
982 4911 1068 4966 Tutor
1117 4913 1202 4970 eidem
1217 4915 1319 4984 pupillo
1335 4921 1450 4970 tutorem
1466 4911 1622 4980 adscripsit:
1649 4911 1735 4966 Titius
1753 4911 1924 4968 confirmatus

254 4981 351 5046 petitus
371 4987 433 5036 ante
451 4981 549 5036 decreti
566 4981 634 5034 diem
646 4981 669 5036 ιι
681 4979 790 5050 aliquod
802 4979 967 5050 privilegium
984 4995 1065 5048 quae-
1117 4981 1254 5038 excusarit
1276 4997 1306 5038 ιι
1328 4999 1345 5038 ι
1365 4983 1463 5038 tutela:
1492 4993 1605 5060 quaero,
1628 4993 1663 5032 an
1679 4981 1795 5050 legatum
1812 4981 1876 5036 amit
1904 4987 1923 5036 ι.

254 5047 295 5112 rit,
314 5055 384 5104 recte
400 5049 554 5118 petitionem
569 5049 720 5104 institutam
732 5047 873 5104 excludere
886 5063 941 5102 non
957 5047 1065 5114 poteiit.
1116 5055 1143 5104 et
1160 5047 1231 5122 qnid,
1250 5049 1274 5104 si
1289 5053 1449 5106 testamento
1466 5047 1571 5128 quidem
1586 5051 1661 5102 tutor
1677 5065 1731 5104 non
1748 5049 1784 5104 sit
1801 5049 1925 5118 scriptus,

257 5117 268 5164 1
304 5117 378 5184 Quae
399 5117 533 5170 tutoribus
557 5115 768 5170 remunerandae
790 5115 854 5170 fidei
877 5129 960 5170 causa
981 5119 1065 5170 testa·
1115 5119 1232 5188 legatum
1253 5121 1342 5172 tamen
1364 5119 1498 5184 acceperit
1523 5113 1654 5182 datusque
1679 5131 1695 5170 a
1730 5123 1836 5172 raetore
1853 5123 1926 5172 tutor

255 5191 340 5238 mento
364 5185 481 5254 parentis
503 5183 702 5262 relinquuntur,
726 5187 790 5254 post
813 5181 1013 5262 excusationem
1030 5185 1064 5238 ab
1116 5191 1279 5250 excusatae,
1297 5201 1333 5240 au
1348 5199 1433 5260 aeque
1448 5181 1615 5250 repellendus
1632 5183 1668 5238 sit
1683 5135 1823 5254 aiegato‘?
1847 5191 1925 5240 etan

254 5247 393 5306 heredibus
410 5251 531 5304 extrariis
549 5265 655 5320 quoque
665 5251 774 5306 retineri
789 5251 897 5320 placuit.
922 5249 994 5330 quod
1010 5267 1065 5306 non
1115 5251 1217 5320 aliquid
1240 5251 1358 5314 intersit,
1385 5263 1408 5302 si
1435 5263 1452 5302 a
1476 5251 1554 5328 patre
1574 5249 1616 5304 rel
1637 5253 1805 5320 emancipato
1841 5251 1925 5320 upillo

255 5315 361 5374 habebit
377 5319 465 5374 locum
482 5317 812 5388 loquarnumquam
833 5321 912 5386 pater
932 5319 1065 5386 impuberi
1115 5325 1189 5374 tutor
1213 5317 1292 5374 datiis
1315 5317 1350 5372 sit
1371 5317 1414 5368 rel
1435 5317 1531 5386 puberi
1560 5321 1685 5374 curatori
1713 5269 1852 5390 respondlijr
1881 5319 1926 5386 qui

256 5489 283 5552 (ι)
302 5491 446 5544 haberetur.
542 5493 575 5554 (a)
593 5491 774 5556 cuiuscumque
782 5507 856 5542 sexus
864 5491 904 5542 rel
914 5491 1005 5542 aetatis
1013 5491 1066 5542 siut
1115 5503 1201 5538 versus
1216 5503 1347 5552 personam
1360 5485 1434 5536 modo
1448 5487 1534 5540 liberti
1552 5493 1720 5556 consequitur,
1734 5491 1796 5540 licet
1809 5491 1837 5538 in
1852 5489 1925 5538 bonis

251 5561 445 5622 posrecudiacru
528 5559 561 5622 (s)
579 5559 658 5610 atius·
745 5563 776 5620 (ιι
795 5557 951 5624 §l=Iust.
964 5561 986 5624 1,
995 5569 1031 5620 aa,
1040 5569 1065 5610 ιι
1116 5557 1170 5606 eius
1178 5555 1280 5618 patroni
1289 5553 1330 5602 ins
1339 5559 1452 5606 exerceat
1465 5557 1521 5608 Vnt
1604 5563 1647 5620 ιιι)
1666 5557 1755 5608 debeat
1767 5559 1822 5610 Vnt.
1884 5559 1924 5614 (tit

256 5627 286 5688 ts}
305 5625 417 5676 iniunxit
426 5629 482 5678 doit.
551 5627 585 5692 (ι)
602 5651 638 5672 a
651 5627 759 5680 Vatini
824 5629 857 5692 (ι)
875 5625 1065 5692 ethooquidem
1117 5621 1200 5672 ιιιΡΞ
1283 5623 1328 5684 (12)
1346 5623 1690 5690 quipotuit]potnitquesor.
1781 5629 1824 5686 (13)
1843 5623 1923 5696 etdci.

256 5689 285 5742 de
299 5707 336 5758 eo,
351 5695 392 5744 oni
410 5693 558 5744 beneficium
577 5695 650 5744 datae
664 5695 789 5746 libertatis
806 5693 951 5760 exprobrari
967 5695 1064 5758 potest:
1115 5689 1230 5754 Krucpcr
1306 5693 1348 5754 ιιι)
1367 5691 1414 5742 hoo
1424 5693 1491 5758 erigi
1501 5709 1566 5744 anne
1578 5713 1625 5744 scr.
1703 5695 1746 5756 (lt)
1765 5689 1923 5754 quartallcl.

255 5761 367 5824 alioquin
379 5763 436 5812 odd.
448 5761 503 5812 Vua
581 5763 614 5826 (s)
632 5761 822 5812 fideicommissa
836 5763 891 5814 Vnt.
969 5765 1002 5824 (a)
1022 5761 1065 5810 ad·
1116 5757 1160 5818 (ιι)
1179 5755 1290 5818 putarim
1298 5775 1344 5808 sor.
1421 5763 1463 5824 (ιι)
1482 5761 1680 5812 Nasenniusscr.
1757 5759 1801 5822 (ιι)
1820 5753 1925 5820 quisF²
