4366 6258
268 391 312 442 un
330 377 470 438 unorum
1074 355 1116 432 23
1622 349 1730 418 msa.
1751 353 1793 440 Π,
1819 357 1866 420 19.
1883 355 1923 420 20

265 559 354 616 heredi
376 573 429 610 nou
452 561 544 622 nocet,
568 559 631 628 quia
646 559 678 610 ut
693 555 805 610 diximus
823 551 876 604 tria
891 553 1011 622 tempora
1027 549 1068 604 in-
1111 551 1269 608 ,hirimanni
1285 551 1425 608 verborum
1442 547 1547 620 penitus
1565 547 1671 604 sublata
1688 553 1737 604 eat.
1763 555 1857 604 nostra
1874 567 1920 606 au-

265 627 330 696 spici
344 625 441 680 debent
450 627 466 680 ¹.
488 625 642 682 testamenti
656 627 744 678 autem
758 619 901 676 factionem
914 635 969 676 nou
983 619 1068 674 solum
1118 625 1172 674 tem
1196 619 1347 676 constitutio
1358 621 1386 688 ¹⁴,
1410 633 1489 690 quam
1512 633 1573 672 cum
1595 631 1692 688 magna
1713 617 1824 674 fecimus
1847 621 1923 676 lucu·

264 697 285 748 is
302 693 400 748 habere
417 693 527 758 videtur,
546 693 591 764 qui
604 695 790 748 testamentum
803 689 893 744 facere
906 693 1002 758 potest,
1021 691 1068 744 sed
1118 689 1254 756 bradone,
1277 691 1463 746 defunctorum
1478 687 1628 742 voluntates
1645 687 1783 742 validiores
1801 703 1860 742 esse
1877 705 1922 742 cn-

265 763 341 816 etiam
365 763 409 830 qni
433 779 465 816 ex
488 763 575 818 alieno
599 763 755 816 testamento
770 759 814 814 'vel
830 757 888 828 ipse
907 773 1002 826 capere
1019 775 1085 826 por
1118 757 1220 828 pientes
1238 763 1265 814 et
1280 777 1335 814 non
1351 759 1445 824 verbis,
1464 757 1511 814 sed
1526 757 1705 812 voluntatibus
1724 771 1814 812 eorum
1830 755 1922 812 faven-

263 839 314 884 test
331 831 371 882 vel
388 831 432 882 alii
450 831 602 898 adquirere,
625 829 687 880 licet
702 841 756 880 non
774 831 862 896 potest
878 823 968 880 lacere
985 831 1066 880 testa·
1118 833 1173 892 tes,
1192 825 1336 896 disposuit,
1355 835 1386 882 ut
1402 827 1523 882 omnibus
1541 823 1632 894 legatis
1650 841 1704 878 una
1721 825 1756 878 sit
1772 829 1870 880 natura
1888 831 1922 890 et,

263 903 384 952 mentum.
413 899 457 952 ²et
479 899 538 952 ideo
562 895 606 948 et³
622 893 739 948 fumosus
762 899 789 948 et
812 901 901 948 mutus
925 899 952 948 et
974 899 1066 964 postu·
1118 893 1329 964 quibuscumque
1353 895 1439 950 verbis
1465 893 1563 964 aliquid
1590 891 1743 946 derelictum
1769 893 1816 958 sit,
1844 895 1923 946 liceat

263 981 318 1020 niis
336 969 363 1018 et
379 965 465 1018 infans
485 969 511 1018 et
527 963 597 1016 filins
614 961 728 1016 familias
746 967 772 1016 et
789 979 881 1018 servus
906 961 1008 1030 alienus
1025 967 1065 1018 te·
1117 961 1250 1030 legatariis
1271 961 1299 1014 id
1320 965 1443 1032 persequi
1466 979 1519 1018 non
1542 961 1627 1018 solum
1649 975 1697 1030 per
1721 961 1839 1014 actiones
1861 977 1922 1030 per·

263 1033 384 1088 stamenti
401 1033 543 1084 factionem
560 1029 659 1084 habere
676 1029 812 1084 dicuntur:
831 1033 894 1084 licet
904 1031 973 1086 enim
983 1035 1065 1084 testa·
1117 1031 1232 1096 souales,
1250 1029 1298 1084 sed
1315 1029 1393 1084 etiam
1409 1047 1458 1102 per
1474 1033 1573 1086 iurem
1591 1035 1617 1084 et
1630 1045 1677 1100 per
1691 1027 1921 1100 hypothecariam:

262 1105 376 1154 mantum
394 1099 483 1154 facere
500 1111 553 1150 non
571 1103 696 1166 possunt,
722 1105 840 1152 adaman
857 1117 890 1154 ex
907 1105 1065 1154 testamento
1118 1099 1194 1152 cuius
1217 1097 1412 1152 constitutionis
1434 1115 1594 1170 perpensum
1610 1097 1716 1152 modurn
1734 1111 1767 1150 en
1782 1097 1865 1166 ipsius
1883 1103 1922 1150 te-

263 1175 276 1222 t
311 1167 350 1220 rel
373 1165 423 1220 sibi
445 1165 485 1220 vel
509 1165 553 1216 alii
576 1165 712 1234 adquirere
736 1173 857 1236 possunt.
899 1167 1065 1222 ιιἘιιιιιιιιιι
1118 1171 1133 1220 3
1168 1181 1232 1220 nore
1264 1163 1454 1234 perfectissime
1480 1169 1601 1236 accipere
1627 1165 1752 1236 possibile
1778 1171 1826 1218 est.
1871 1165 1923 1220 Sed

263 1239 356 1288 'autem
373 1233 513 1288 heredibus
531 1231 690 1288 deliberandi
706 1241 825 1302 potestas
839 1241 879 1290 est
896 1235 929 1288 de
943 1235 1066 1288 adeunda
1118 1251 1171 1288 uon
1188 1249 1272 1302 usque
1289 1231 1323 1284 ad
1341 1249 1400 1286 eam
1418 1237 1631 1290 constitutionem
1648 1233 1770 1288 standum
1793 1247 1851 1286 esse
1877 1249 1921 1286 ex-

263 1303 414 1356 'hereditate
429 1301 469 1354 vel
487 1315 540 1354 nou
558 1299 686 1354 adeunda.
714 1303 761 1356 sed
778 1303 833 1358 sive
855 1303 891 1366 is,
917 1303 960 1356 cui
983 1303 1065 1356 absti-
1116 1303 1296 1356 istimavimus.
1320 1303 1465 1354 cumcuim
1480 1303 1662 1372 antiquitatem
1676 1303 1822 1358 invenimus
1836 1301 1923 1366 legata

262 1369 347 1422 ’nendi
371 1373 489 1436 potestas
513 1373 567 1432 est,
591 1369 762 1424 immiscuerit
785 1385 815 1424 se
837 1369 915 1426 bouis
932 1369 1065 1424 heredita·
1117 1369 1221 1438 quidem
1238 1369 1330 1422 stricte
1354 1369 1569 1436 concludentem,
1593 1369 1800 1426 fideicommissis
1826 1375 1923 1432 autem,

262 1437 338 1500 *riis⁵,
356 1437 410 1492 sive
428 1439 583 1502 extraneus,
607 1437 649 1490 cui
667 1437 699 1492 de
716 1435 840 1492 adeunda
856 1437 1003 1492 hereditate
1020 1437 1065 1492 de·
1116 1453 1185 1506 qnae
1202 1453 1235 1490 ex
1251 1435 1386 1490 voluntate
1403 1435 1486 1504 magis
1511 1435 1707 1506 descendebant
1730 1437 1923 1502 defunctorum,

262 1505 378 1558 *liberare
389 1505 458 1568 licet,
476 1503 578 1570 adierit,
596 1511 689 1572 postea
705 1503 895 1574 relinquendae
911 1503 1065 1558 hereditatis
1135 1505 1280 1572 iuguiorem
1303 1509 1426 1558 naturam
1447 1501 1639 1570 indulgentem:
1652 1563 1653 1566 ,
1664 1507 1841 1562 necessarium
1865 1519 1923 1558 esse

263 1573 419 1626 'lacrrltatem
442 1585 495 1624 uon
518 1573 612 1636 hahet,
636 1573 687 1628 uisi
709 1573 795 1626 minor
818 1573 853 1626 sit
875 1573 1066 1642 annisviginti
1116 1523 1268 1626 lusimus¹5
1296 1573 1386 1626 omnia
1415 1571 1503 1638 legata
1530 1569 1740 1628 fideicommissis
1766 1587 1920 1642 exaequare,

262 1639 393 1708 'quinques
413 1653 474 1692 narn
490 1639 569 1694 huius
587 1641 682 1694 aetatis
699 1639 850 1694 hominibus
868 1641 938 1696 sicut
954 1641 981 1694 in
995 1645 1065 1696 cete-
1115 1647 1146 1694 ut
1162 1639 1235 1694 nulla
1252 1639 1287 1694 sit
1302 1639 1373 1694 inter.
1388 1653 1422 1692 ea
1438 1637 1593 1712 differentia,
1611 1639 1658 1692 sed
1676 1643 1746 1708 quod
1762 1641 1836 1696 deest
1850 1643 1921 1708 lega-

261 1709 303 1762 ἰιι
320 1707 441 1760 omnibus
458 1707 546 1762 causis
564 1707 693 1776 deceptis,
716 1709 755 1762 ita
779 1713 806 1762 et
823 1707 852 1762 si
873 1713 972 1762 temere
991 1709 1064 1764 dam·
1115 1709 1164 1772 tis,
1183 1709 1234 1762 hoc
1251 1707 1386 1774 repleatur
1403 1721 1436 1760 ex
1452 1711 1549 1760 natura
1565 1703 1826 1768 fideicommissorum
1844 1715 1882 1774 et,
1901 1709 1924 1762 si

262 1777 359 1828 *nesam
383 1773 556 1828 hereditatem
581 1777 758 1844 susceperint,
791 1781 900 1856 praetor
925 1777 1063 1830 succurrit.
1115 1775 1178 1844 qnid
1202 1775 1315 1844 amplius
1338 1779 1380 1828 est
1396 1771 1548 1840 inlegatis,
1574 1789 1622 1840 per
1645 1773 1696 1828 hoc
1724 1783 1827 1830 crescat
1848 1777 1923 1830 fidei-

261 1849 276 1896 6
309 1841 1065 1900 *SciendumtamenestuivumHadnanumetianmaiori
1115 1843 1247 1896 commissi
1264 1849 1369 1896 natura.
1397 1841 1443 1896 sed
1461 1855 1495 1894 ne
1511 1841 1539 1894 in
1562 1839 1654 1908 primis
1676 1843 1763 1910 legum
1786 1843 1924 1898 cunabulis

261 1909 354 1978 'viginti
371 1911 487 1980 quinque
505 1911 582 1964 annis
598 1911 700 1966 reniam
719 1909 830 1976 dedisse,
849 1927 910 1964 curn
927 1915 990 1980 post
1007 1913 1063 1966 adi-
1114 1909 1243 1978 permixte
1260 1909 1293 1964 de
1317 1909 1358 1964 his
1382 1909 1538 1978 exponendo
1562 1909 1686 1962 studiosis
1711 1909 1924 1964 adulescentibus

261 1979 320 2032 'tam
342 1977 514 2032 hereditatem
536 1977 637 2046 grande
659 1993 704 2032 aes
728 1979 858 2044 alienum
878 1977 954 2048 quod
976 1981 1065 2034 aditae
1115 1977 1248 2046 quandam
1265 1977 1465 2046 introducamus
1483 1975 1674 2040 difficultatem,
1693 1991 1790 2044 operae
1807 1979 1922 2044 pretium

260 2045 418 2098 'hereditatis
435 2051 488 2100 tem
508 2063 554 2100 ore
570 2047 679 2110 latebat,
700 2047 864 2102 emersisset*
891 2047 939 2100 sed
956 2047 1007 2102 hoc
1025 2047 1063 2102 di·
1116 2059 1175 2098 esse
1197 2045 1318 2098 duximus
1344 2043 1449 2098 interim
1472 2045 1614 2112 separatim
1634 2043 1709 2112 prius
1733 2043 1765 2098 de
1788 2047 1880 2114 legatis
1899 2053 1926 2098 et

251 2129 305 2166 vus
322 2113 425 2182 quidem
433 2063 585 2168 Hailliauus
602 2115 711 2182 speciali
727 2113 856 2168 beneficio
870 2113 975 2168 cuidam
987 2131 1063 2182 prae·
1115 2119 1209 2180 postea
1227 2113 1260 2168 de
1276 2111 1635 2176 fideicommissistractare,
1658 2117 1689 2164 ut
1712 2117 1808 2166 natura
1825 2115 1923 2168 utrius-

260 2181 336 2236 stitit:
370 2181 444 2236 dirus
476 2187 564 2236 autem
591 2179 740 2236 Gordianus
759 2187 858 2250 postea
883 2183 912 2236 in
938 2183 1063 2236 militibus
1116 2195 1168 2248 quo
1185 2181 1251 2236 iuris
1269 2181 1376 2248 cognita
1392 2179 1472 2236 facile
1488 2179 1592 2248 possint
1605 2179 1808 2248 permixtionem
1833 2195 1925 2236 eorum

260 2253 295 2312 (6)
329 2249 511 2304 tantummodo
529 2251 581 2304 hoc
596 2251 726 2304 extendit:
745 2251 1064 2304 sednostrabenevolen-
1115 2247 1211 2302 eruditi
1229 2249 1412 2318 suptiliorihns
1430 2247 1537 2302 auribus
1555 2249 1684 2318 accipere.
1734 2261 1736 2264 ·

258 2317 295 2370 tiu
312 2333 449 2374 commune
466 2317 589 2374 omuibus
612 2317 739 2372 subiectis
762 2317 873 2386 imperio
896 2323 989 2372 nostro
1012 2317 1064 2372 hoc
1115 2319 1131 2370 4
1197 2315 1259 2372 Non
1277 2317 1364 2372 solum
1381 2321 1470 2370 autem
1484 2317 1620 2372 testatoris
1634 2315 1675 2370 vel
1688 2315 1793 2370 heredis
1808 2329 1860 2380 res,
1878 2317 1925 2370 sed

258 2385 400 2454 praestavit
416 2385 573 2446 heneficium
592 2391 618 2440 ct
635 2385 850 2442 constitutionem
867 2389 922 2438 tarn
935 2385 1063 2454 aequissi·
1115 2391 1142 2440 et
1156 2385 1242 2440 ahena
1254 2385 1336 2454 legari
1350 2389 1453 2452 potest:
1472 2383 1510 2440 ita
1524 2389 1555 2440 ut
1568 2384 1645 2438 heres
1667 2389 1778 2452 cogatur
1796 2383 1925 2436 redimere

258 2467 326 2506 mam
343 2467 422 2524 quam
439 2453 554 2508 nobilem
572 2453 678 2522 scripsit
685 2455 704 2518 θ,
728 2453 804 2508 cuius
827 2459 948 2508 tenorem
970 2453 993 2506 si
1016 2455 1063 2508 ob·
1115 2467 1174 2506 eam
1191 2457 1218 2506 et
1234 2457 1371 2522 praestare
1386 2453 1443 2518 vel,
1463 2451 1556 2506 sinon
1573 2455 1661 2520 potest
1677 2451 1820 2516 redimere,
1844 2453 1923 2506 aesti-

258 2521 417 2576 servaverint
432 2521 560 2588 homiues,
578 2521 640 2576 licet
657 2521 694 2576 eis
712 2521 786 2574 adire
803 2521 976 2574 hereditatem
994 2527 1020 2576 ιι
1036 2521 1065 2574 in
1115 2521 1256 2574 madorem
1273 2521 1329 2574 eius
1348 2521 1420 2574 dare.
1448 2521 1496 2574 sed
1513 2521 1536 2574 si
1553 2521 1614 2574 talis
1631 2533 1673 2572 res
1697 2519 1746 2584 sit,
1771 2519 1847 2574 cuius
1871 2535 1925 2572 nou

257 2595 359 2644 tantum
381 2589 480 2656 teneri,
503 2589 550 2644 in⁷
568 2593 696 2658 quantum
718 2587 806 2644 valere
823 2589 894 2644 bona
911 2587 1064 2644 hereditatis
1116 2593 1157 2642 est
1175 2587 1373 2652 commercium,
1391 2603 1441 2642 nec
1460 2587 1607 2644 aestimatio
1627 2587 1682 2642 eius
1700 2587 1827 2652 debetur,
1845 2587 1925 2640 sicuti

258 2659 414 2726 contingit⁸r
446 2663 477 2710 ut
508 2673 540 2710 ex
572 2659 623 2710 hac
650 2671 732 2710 causa
757 2671 843 2724 neque
868 2657 1064 2712 deliberationis
1105 2657 1169 2710 ,εἰ16
1186 2671 1308 2724 campum
1331 2655 1459 2710 Martium
1487 2657 1529 2710 vel
1551 2655 1675 2710 basilicas
1699 2655 1740 2710 vel
1762 2655 1861 2722 templa
1883 2653 1926 2708 vel

258 2725 380 2780 auxilium
398 2725 435 2780 eis
456 2725 504 2778 liat
527 2725 720 2788 necessarium,
744 2725 796 2778 uisi
818 2725 916 2780 omissa
939 2725 1062 2780 ohserva-
1115 2737 1185 2804 quae
1202 2725 1309 2792 publico
1327 2725 1389 2778 usui
1406 2725 1539 2780 destinata
1556 2729 1620 2778 sunt
1631 2723 1769 2792 legaveritr
1787 2737 1850 2776 nam
1864 2723 1924 2776 nul-

257 2793 327 2848 tione
350 2799 457 2848 nostrae
481 2791 678 2848 constitutionis
701 2797 729 2846 et
751 2791 951 2848 deliberandum
973 2793 1062 2848 existi-
1114 2791 1166 2844 hus
1184 2791 1308 2846 momenti
1323 2791 1440 2860 legatum
1458 2797 1506 2848 est.
1535 2791 1606 2860 quod
1623 2797 1712 2846 autern
1729 2791 1842 2844 diximus
1861 2791 1923 2844 alie·

253 2861 384 2916 ‘msverint
402 2865 429 2914 et
446 2875 504 2914 sese
521 2861 603 2914 veteri
620 2861 764 2930 gravamini
776 2859 900 2914 editionis
912 2875 1064 2930 supponere
1115 2873 1177 2912 nam
1194 2875 1251 2914 rem
1268 2875 1348 2928 posse
1364 2859 1461 2928 legari,
1484 2861 1522 2914 ita
1538 2859 1741 2928 intellegendum
1759 2863 1813 2926 est,
1838 2859 1861 2914 si
1879 2859 1924 2912 de-

258 2935 270 2982 t
306 2929 453 2984 maluerint.
490 2927 581 2984 9'Item
599 2933 739 2982 extraneus
758 2929 835 2984 heres
852 2935 1010 2984 testamento
1022 2929 1063 2982 in·
1114 2925 1222 2980 functus
1240 2929 1342 2980 sciehat
1359 2927 1473 2980 ahenam
1490 2943 1545 2982 rem
1563 2941 1635 2992 esse,
1658 2941 1713 2980 uon
1736 2933 1762 2980 et
1771 2929 1791 2960 ¹⁷
1809 2929 1833 2982 si
1849 2927 1923 2994 iguo-

258 2997 370 3052 'stitutus
394 3001 441 3052 aut
464 2999 497 3052 ah
521 2997 646 3052 intestato
671 2997 705 3052 ad
729 2997 872 3064 legitimam
890 2997 1063 3052 hereditatem
1113 2995 1206 3048 rabat:
1224 2995 1337 3048 forsitan
1355 2995 1432 3060 euim,
1451 2995 1474 3050 si
1488 2995 1582 3050 scisset
1595 2995 1716 3062 alienam,
1734 3011 1787 3062 non
1802 2995 1923 3064 legasset.

257 3067 372 3120 'vocatus
395 3069 555 3134 potestant
580 3081 629 3134 pro
655 3065 751 3120 herede
794 3065 891 3120 erendo
917 3065 1064 3120 ueletiam
1114 3067 1141 3116 et
1163 3061 1202 3116 ita
1224 3061 1299 3116 divus
1316 3061 1381 3116 Pius
1405 3063 1549 3132 rescripsit.
1572 3065 1626 3118 ¹⁸et
1643 3063 1729 3118 verius
1748 3063 1819 3118 ιιι’9
1836 3063 1925 3132 ipsum

257 3135 334 3188 ’nuda
350 3133 486 3188 voluntate
504 3133 687 3202 suscipiendae
709 3081 865 3200 hereditatis
888 3133 965 3188 heres
988 3131 1063 3186 fieri*
1114 3129 1160 3208 qui
1177 3129 1245 3198 agit,
1268 3129 1296 3184 id
1313 3135 1354 3184 est
1370 3131 1541 3198 legatarium,
1564 3131 1677 3198 probare
1701 3137 1824 3200 oportere
1842 3131 1925 3184 scisse

274 3219 303 3256 ro
321 3201 417 3256 herede
434 3207 523 3256 autem
540 3215 630 3268 gerere
647 3201 705 3270 quis
722 3201 834 3266 videtur,
852 3201 875 3256 si
890 3201 972 3256 ‘rebus
986 3201 1062 3254 here·
1114 3199 1227 3252 ahenam
1244 3213 1301 3252 rem
1316 3197 1405 3266 legare
1412 3199 1435 3232 ²⁰
1453 3199 1620 3264 defunctum,
1645 3213 1698 3252 non
1720 3199 1845 3252 heredem
1862 3213 1924 3268 pro-

256 3219 356 3324 litariis
377 3275 513 3338 tamquam
536 3271 612 3322 heres
634 3275 727 3324 utatur
744 3271 785 3322 vel
801 3269 939 3324 vendendo
956 3283 999 3322 res
1016 3269 1062 3322 he·
1114 3265 1179 3318 bare
1196 3271 1320 3334 oportere
1336 3265 1473 3334 ignorasse
1490 3265 1611 3332 adenem,
1630 3265 1692 3334 quia
1710 3281 1815 3334 semper
1832 3283 1923 3320 neces-

256 3337 393 3392 rediturias
417 3343 465 3390 aut
485 3337 595 3406 praedia
618 3337 729 3392 colendo
747 3337 895 3392 locandove
913 3341 940 3390 et
957 3349 1062 3404 quoquo
1115 3337 1130 3386 5
1166 3333 1231 3386 sitas
1249 3333 1380 3400 probandi
1397 3331 1527 3388 incumbit
1547 3333 1587 3386 illi
1610 3333 1656 3402 qui
1679 3333 1742 3402 agit.
1778 3331 1830 3388 Sed
1853 3337 1880 3388 et
1902 3333 1925 3386 si

255 3407 331 3460 modo
350 3407 373 3460 si
382 3407 403 3438 ¹⁰
419 3405 582 3460 voluntatem
599 3421 674 3460 suam
691 3405 809 3460 declaret
822 3405 864 3460 vel
877 3421 907 3460 re
921 3403 963 3460 vel
977 3403 1063 3458 verbis
1113 3415 1170 3454 rem
1188 3399 1329 3468 obligatam
1347 3399 1473 3454 creditori
1489 3401 1582 3468 aliquis
1599 3401 1731 3468 legaverit,
1749 3415 1859 3456 necesse
1876 3403 1924 3456 ha-

242 3475 288 3528 rde
305 3473 427 3526 adeunda
444 3473 597 3538 hereditate,
616 3473 757 3526 dummodo
776 3471 845 3526 sciat
859 3487 927 3536 eum,
944 3473 972 3526 in
987 3473 1063 3526 cuius
1113 3467 1160 3522 bet
1181 3467 1259 3522 heres
1282 3467 1363 3522 luere,
1391 3473 1418 3522 et
1442 3469 1494 3522 hoc
1517 3483 1622 3538 quoque
1646 3485 1710 3522 casu
1735 3469 1805 3522 idem
1826 3469 1924 3538 placet,

242 3543 330 3594 ⁵borris
346 3557 396 3610 pro
413 3541 511 3594 herede
528 3541 609 3608 gerit,
621 3545 725 3606 ¹testato
742 3541 903 3594 intestatore
920 3539 1019 3594 obiisse
1037 3545 1063 3594 et
1114 3535 1186 3604 quod
1202 3535 1230 3588 in
1247 3549 1275 3588 re
1293 3535 1395 3600 aliena,
1418 3541 1450 3590 ut
1471 3535 1509 3590 ita
1532 3537 1635 3590 demum
1658 3537 1731 3592 luere
1748 3551 1858 3592 necesse
1874 3537 1923 3590 ha·

255 3625 283 3664 se
297 3611 324 3662 ei
340 3607 465 3664 heredem
482 3623 548 3662 esse.
580 3625 628 3676 pro
646 3607 746 3662 herede·
760 3607 830 3662 enim
846 3623 938 3676 gerere
955 3613 996 3662 est
1013 3625 1062 3676 pro
1113 3603 1178 3658 beat
1194 3603 1279 3668 heres,
1298 3601 1320 3656 si
1337 3603 1440 3658 sciebat
1458 3603 1599 3678 defunctus
1617 3619 1672 3658 rem
1689 3605 1832 3674 obligatam
1850 3619 1923 3660 esser

255 3677 358 3732 domino
384 3691 488 3744 gerere:
514 3681 615 3730 veteres
641 3675 711 3730 enim
736 3675 847 3730 heredes
873 3685 922 3744 pro
950 3675 1062 3730 dominis
1115 3677 1142 3724 et
1166 3671 1205 3724 ita
1231 3671 1283 3724 divi
1307 3669 1419 3726 Severus
1444 3675 1471 3726 et
1492 3673 1644 3726 Antoninus
1667 3673 1868 3742 rescripserunt.
1901 3673 1923 3728 ei
1951 3685 1953 3690 ’

255 3745 448 3866 ιιιὲἓιιιι
461 3743 1062 3866 ‘tt{tintustetiiitttittttmtttf
1114 3737 1924 3874 ttatditttttttiimitatumeibum

254 3881 372 3934 'ruditate
385 3853 540 3946 repellitur!
566 3895 632 3944 eum,
651 3879 803 3948 quimutus
817 3879 968 3934 velsurdus
983 3885 1062 3934 uatus
1113 3875 1201 3942 legata
1217 3875 1299 3928 fucrit
1316 3879 1343 3928 et
1361 3875 1416 3930 eius
1439 3875 1497 3930 viro
1520 3879 1649 3930 testatore
1670 3877 1814 3946 legatarius
1839 3877 1943 3932 domi--

255 3955 294 4000 est
311 3947 351 4004 vel
368 3953 462 4018 postea
478 3947 582 4012 factus,
607 3949 672 4002 nihil
695 3949 819 4018 prohibet
834 3963 885 4018 pro
902 3949 1000 4004 herede
1016 3963 1062 4018 ge·
1114 3957 1164 3998 uns
1181 3943 1269 3998 factus
1286 3941 1382 4010 inerit,
1406 3943 1429 3998 si
1446 3943 1551 4012 quidem
1569 3959 1602 4018 ex
1619 3959 1703 4000 causa
1721 3943 1873 4012 emptionis,
1893 3961 1924 3998 ex

253 4033 310 4070 rere
327 4021 354 4070 et
370 4015 509 4084 adquirere
526 4015 577 4070 sibi
593 4015 776 4084 hereditatem,
794 4017 817 4072 si
831 4021 920 4072 tamen
933 4015 1063 4084 intellegit
1114 4015 1273 4066 testamento
1292 4013 1397 4066 actione
1415 4011 1527 4080 pretium
1545 4013 1671 4082 consequi
1688 4017 1790 4082 potest:
1815 4013 1837 4066 si
1861 4027 1923 4066 vero

254 4083 324 4152 quod
341 4085 436 4152 agitur.
763 4123 764 4126 ,
1115 4093 1147 4132 ex
1166 4081 1409 4146 rememorativa,
1432 4079 1512 4134 veluti
1536 4093 1569 4134 ex
1592 4079 1734 4136 donatione
1756 4081 1797 4134 vel
1821 4097 1854 4134 ex
1872 4081 1925 4132 alia

719 4167 721 4170 ·
1114 4147 1192 4202 simili
1219 4161 1314 4214 causa,
1340 4163 1419 4216 agere
1440 4163 1495 4202 non
1517 4151 1614 4216 potest.
1649 4163 1710 4202 nam
1733 4147 1860 4200 traditum
1884 4153 1925 4200 est

614 4221 697 4284 ΧΓ»
1114 4215 1182 4270 duas
1209 4215 1353 4270 lucrativas
1384 4231 1481 4270 causas
1502 4215 1531 4270 in
1554 4213 1668 4270 eundem
1691 4213 1824 4294 hominem
1847 4219 1873 4266 et
1896 4215 1924 4294 in

546 4321 592 4372 DE
610 4321 766 4374 Lsstfflt
1112 4283 1759 4408 tinittattttuttat,traturnttt
1772 4285 1924 4414 ‘tituta

289 4419 387 4474 13Ῥοιι
403 4419 470 4474 haec
488 4419 624 4476 videamus
642 4423 675 4476 de
691 4423 795 4492 legatis.
827 4437 897 4492 quae
912 4437 977 4492 pars
994 4419 1060 4474 iuris
1111 4419 1237 4486 interest,
1254 4425 1345 4474 utrum
1361 4435 1417 4474 rem
1434 4435 1470 4474 an
1487 4417 1696 4474 aestimationem
1714 4431 1746 4470 ex
1763 4421 1923 4472 testamento

253 4485 333 4540 ’extra
358 4503 407 4556 pro
427 4489 522 4544 ositam
548 4489 654 4558 quidem
680 4489 819 4546 materiam
850 4489 966 4544 videtur:
998 4505 1061 4544 nam
1112 4487 1272 4544 cbnsecutus
1288 4493 1343 4542 est:
1362 4503 1425 4542 nam
1439 4487 1462 4540 si
1475 4501 1539 4552 rem,
1553 4501 1632 4554 agere
1646 4501 1701 4540 non
1715 4489 1812 4554 potest,
1831 4485 1923 4554 quia²¹

253 4555 389 4624 'loquimur
406 4505 438 4610 le
455 4557 496 4610 his
513 4557 579 4612 iuris
596 4557 703 4626 figuris,
722 4559 819 4626 quibus
837 4573 886 4626 per
902 4557 1060 4612 universita·
1111 4555 1194 4610 hahet
1208 4571 1267 4610 cam
1281 4573 1315 4612 ιιι
1331 4571 1414 4610 causa
1425 4555 1563 4618 lucrativa,
1578 4553 1601 4606 ιι
1613 4551 1830 4632 aestuationem,
1847 4569 1923 4622 agere

253 4621 311 4676 'tem
335 4639 378 4678 res
404 4625 480 4678 nohis
506 4623 690 4694 adquiruntur.
733 4625 781 4680 sed
807 4641 868 4678 cum
894 4627 1001 4680 omnino
1028 4623 1062 4678 de
1113 4629 1127 4678 7
1162 4627 1258 4692 potest.
1295 4623 1374 4678 ²²*Ea
1391 4637 1497 4692 quoque
1513 4635 1570 4684 res,
1589 4635 1658 4690 quae
1673 4637 1702 4672 nn
1719 4635 1808 4676 rerum
1825 4627 1923 4676 natura

252 4689 421 4744 'testamentis
445 4691 530 4760 deque
555 4693 695 4746 heredibus
721 4693 767 4762 qui
791 4697 951 4748 testamento
983 4693 1061 4746 iusti·
1112 4693 1174 4746 *non
1191 4697 1245 4758 est,
1268 4693 1293 4748 si
1314 4691 1394 4746 modo
1418 4691 1509 4744 futura
1533 4693 1587 4754 est,
1610 4693 1683 4744 recte
1700 4687 1828 4758 legatur,
1841 4691 1923 4744 veluti

252 4759 369 4812 ’tunntur
385 4759 468 4814 locuti
485 4775 591 4824 sumus,
614 4777 669 4816 uon
686 4761 744 4816 sine
762 4761 983 4832 causasequenti
999 4759 1060 4816 loco
1112 4759 1224 4816 *frustm
1241 4759 1287 4830 qui
1303 4759 1332 4814 in
1348 4757 1395 4812 illo
1418 4757 1501 4812 fundo
1525 4755 1583 4810 uati
1607 4763 1697 4824 erunt,
1722 4763 1770 4812 aut
1792 4757 1864 4828 quod
1891 4773 1923 4812 ex

252 4827 345 4896 'potest
361 4827 429 4882 haec
455 4829 520 4882 iuris
544 4829 658 4892 materia
674 4829 801 4882 tractari?
1112 4831 1128 4882 8
1163 4829 1215 4882 'illa
1240 4829 1338 4882 ancilla
1363 4831 1455 4882 natum
1475 4825 1546 4906 erit!
1589 4823 1616 4880 Si
1639 4825 1731 4882 eadem
1752 4843 1795 4882 res
1819 4827 1923 4882 duobus

236 4899 264 4946 ι
332 4893 462 4964 Legatum
476 4895 515 4948 ita
533 4909 567 4950 ue
583 4899 624 4950 est
639 4897 895 4966 donatio‘quaedam
908 4895 1061 4952 adefuncto
1111 4897 1199 4966 legata
1216 4897 1251 4952 sit
1267 4897 1322 4952 sive
1348 4893 1509 4950 coniunctim
1532 4891 1586 4948 sive
1608 4893 1773 4962 disiunctim,
1799 4895 1821 4948 si
1844 4897 1923 4950 ambo

251 4965 265 5014 2
299 4963 400 5018 relicta.
435 4963 488 5018 Sed
506 4965 540 5018 ι’
587 4963 690 5042 quidem
708 4971 783 5018 eraut
800 4965 948 5032 legatorum
964 4981 1062 5034 genera
1111 4965 1268 5034 perveniant
1283 4963 1319 5018 ad
1334 4963 1467 5030 legatum,
1490 4961 1620 5018 scinditur
1641 4963 1712 5018 inter
1728 4979 1773 5018 eos
1791 4963 1922 5032 legatum:

234 5035 387 5106 ἰιιιιιοιι
412 5047 459 5098 per
476 5029 694 5096 vindicationem,
719 5047 767 5098 per
790 5033 1002 5098 damnationem,
1025 5033 1062 5086 si·
1100 5031 1136 5086 'si
1154 5033 1221 5086 alter
1238 5029 1359 5094 deficiat,
1377 5029 1440 5108 quia
1457 5035 1506 5084 aut
1521 5031 1650 5098 spreverit
1666 5033 1781 5102 legatum
1799 5037 1847 5086 aut
1863 5031 1922 5088 vivo

233 5097 328 5152 nendi
346 5097 439 5164 modo,
464 5113 513 5168 per
528 5099 756 5166 praeceptionem:
782 5105 809 5152 et
833 5105 907 5152 certa
929 5101 1062 5168 quaedam
1112 5103 1241 5154 testatore
1259 5099 1404 5152 decesserrt
1421 5101 1469 5152 aut
1485 5097 1537 5152 alio
1555 5099 1675 5180 quolibet
1691 5099 1769 5154 modo
1788 5097 1922 5164 defecerit,

251 5167 329 5220 rerba
347 5163 441 5236 cuique
458 5167 549 5234 generi
566 5165 714 5234 legatorum
735 5165 877 5234 adsignata
899 5175 991 5234 eraut,
1014 5183 1062 5236 per
1112 5171 1198 5220 totum
1223 5165 1257 5218 ad
1284 5163 1483 5234 collegatarium
1499 5173 1620 5248 perimet.
1649 5167 1810 5222 coniunctim
1834 5173 1923 5222 autem

251 5249 317 5300 quae
339 5233 443 5302 singula
465 5249 562 5302 genera
584 5233 732 5302 legatorum
755 5233 984 5302 significabantur.
1013 5235 1061 5290 sed
1112 5235 1237 5302 legatur,
1253 5231 1335 5286 veluti
1358 5233 1381 5286 si
1404 5233 1462 5302 quis
1481 5235 1552 5290 drcat
1570 5235 1650 5290 ‘Titio
1669 5235 1773 5290 et'Seio
1790 5233 1923 5290 hominem

251 5315 283 5354 ex
308 5301 540 5356 constitutionibus
567 5301 686 5356 divorum
717 5301 866 5370 principum
897 5303 1061 5358 sollemnitas
1113 5299 1243 5356 ‘Stichum
1265 5299 1299 5356 do
1325 5299 1407 5368 legc’:
1439 5301 1591 5358 disiunctim
1615 5303 1654 5356 ita
1680 5301 1765 5358 ‘Titio
1790 5303 1923 5358 hominem

251 5473 279 5536 (1)
297 5475 333 5524 sic
342 5475 375 5534 B,
385 5473 477 5536 inspici
488 5471 608 5522 deberent
620 5469 903 5536 ZiuspicimusDiqffi
969 5473 1002 5536 (i)
1022 5479 1059 5532 §t
1144 5471 1188 5530 (ιι)
1209 5469 1248 5536 Cs.
1260 5469 1319 5526 Gca'.
1328 5473 1352 5536 2,
1363 5483 1575 5528 retardatis-‚²4⁵
1594 5473 1737 5540 Dipsunta
1757 5473 1815 5530 God.
1824 5473 1847 5532 6,
1855 5483 1888 5524 at.
1897 5483 1923 5522 43

245 5541 291 5604 fin.
301 5543 387 5592 similis
395 5541 456 5608 Dry.
466 5541 507 5602 28,
518 5551 536 5598 1,
545 5551 570 5590 16
576 5557 616 5602 pr.
627 5539 722 5604 (Pomp.
732 5537 748 5588 l.
757 5539 821 5604 clay.
830 5539 893 5602 reg.)
972 5539 1005 5602 (3)
1024 5539 1059 5600 et]
1112 5539 1155 5598 (ιι)
1176 5535 1311 5598 Gaianas
1397 5543 1440 5606 (ιι)
1463 5541 1621 5602 Cauaras
1699 5541 1743 5602 (it)
1764 5539 1923 5598 Commeat

251 5607 400 5668 Biana?
464 5609 496 5668 (ι)
519 5607 717 5666 tiethmarus
786 5605 820 5668 (s)
836 5603 1060 5664 ausoniaene·
1112 5605 1158 5664 (ιι)
1173 5603 1317 5656 sicmBT
1407 5611 1451 5674 (rt)
1469 5605 1640 5670 salmani*
1730 5607 1781 5668 (ιι)
1796 5605 1925 5668 §afiaea

234 5677 379 5728 'tatisliurt
445 5675 478 5736 (a)
500 5673 558 5724 cod.
569 5673 639 5732 aar,
649 5683 677 5724 ιι
751 5671 784 5734 (ι)
801 5669 1067 5732 ιι]ΡΕΘ,οι.Βιι
1112 5667 1560 5742 Marcianit.attaminatum)
1613 5671 1818 5738 (reiestlTaaa
1829 5671 1924 5728 messe

251 5743 284 5806 (ι)
302 5747 338 5794 ain
352 5735 659 5806 W“E&,contigitBW⁶
719 5737 753 5800 (s)
774 5737 915 5800 (faiditi
976 5737 1021 5800 (ιο)
1040 5735 1062 5784 ιι
1115 5737 1140 5782 Β
1226 5737 1272 5800 (ιι)
1292 5739 1573 5808 sicBDi9.,legasseT
1613 5775 1614 5778 ,
1661 5739 1704 5802 (or)
1723 5735 1925 5800 quia]T,qniB

239 5809 478 5872 2ιιιιιιιοιιιαθ
547 5807 589 5870 (ιι)
610 5805 751 5866 (tataros
901 5843 903 5850 ι
1115 5803 1328 5872 (ιιιιιιιιιιι
1373 5855 1377 5864 ,,
1550 5837 1551 5840 =
