4366 6258
247 371 294 418 DE
317 367 547 416 CONDIO'I'IoNE
568 369 720 414 INDEBITI

932 445 1234 460 —dfi—-r-r—

282 529 300 584 4
324 527 469 580 {larvares
482 527 957 584 librociccaa'mcscatoadedictam
982 529 1056 582 Idem

249 599 270 652 si
287 595 321 648 ob
339 599 461 660 stuprum
479 595 571 646 datum
590 595 632 656 sit,
650 595 692 648 vel
709 595 805 662 siquis
818 595 846 648 in
860 595 990 648 adulterio
1010 595 1055 646 de-

249 663 393 734 prehensus
410 661 551 712 redemerit
569 675 609 712 se:
630 667 718 714 cessat
736 661 806 714 enim
821 661 958 730 repetitio,
977 661 1056 728 idque

251 739 261 784 1
298 727 410 780 Sabinus
424 733 450 778 et
463 727 582 794 Pegasus
598 727 801 796 responderunt.
836 727 904 780 Item
918 729 942 782 si
954 727 1056 780 dederit

248 799 297 858 fur,
315 809 348 846 ne
364 793 529 860 proderetur,
548 793 673 860 quoniam
690 793 828 862 utriusque
844 793 982 862 turpitudo
996 809 1055 844 ver-

249 871 263 920 a
296 865 378 922 satur,
398 865 486 912 cessat
503 859 632 928 repetitio.
668 859 795 928 Quotiens
809 865 898 912 autem
914 859 995 912 solius
1010 875 1056 910 ac-

250 925 366 998 cipientis
385 925 522 994 turpitudo
540 933 676 988 versatur,
695 927 789 978 Celsus
807 927 845 978 ait
861 925 946 992 repeti
962 939 1055 992 posse:

250 1005 263 1054 3
296 993 377 1048 veluti
391 993 414 1046 si
427 993 476 1046 tihi
491 993 597 1058 dedero,
614 1009 648 1048 ne
662 991 726 1044 mihi
740 991 863 1044 iniuriam
876 991 970 1044 iacias.
1004 991 1057 1044 Sed

249 1061 318 1134 quod
334 1061 466 1114 meretrici
483 1059 570 1124 datur,
587 1061 673 1128 repeti
689 1075 744 1112 non
761 1063 858 1126 potest,
875 1063 906 1110 ut
920 1057 1011 1110 Labeo
1031 1063 1058 1110 et

249 1129 389 1186 Marcellus
407 1127 542 1192 scribunt,
560 1127 607 1180 sed
624 1141 695 1180 nova
711 1127 830 1190 ratione,
848 1141 901 1178 non
920 1141 966 1190 ea,
984 1125 1056 1192 quod

249 1197 382 1262 utriusque
399 1195 535 1262 turpiaido
553 1199 681 1256 versatur,
699 1191 747 1246 sed
764 1193 846 1246 solius
864 1191 966 1246 danus:
985 1193 1057 1246 illam

249 1265 313 1320 enirn
330 1261 444 1330 turpiter
461 1261 559 1324 facere,
577 1261 648 1330 quod
665 1261 700 1314 sit
716 1261 854 1324 meretrix,
872 1275 927 1312 non
944 1261 1057 1328 turpiter

248 1339 263 1388 ι
296 1329 430 1396 accipere,
455 1345 516 1382 cum
533 1329 568 1382 sit
584 1327 717 1382 meretrix.
754 1327 782 1380 Si
799 1327 848 1380 tibi
865 1327 992 1382 indicium
1010 1327 1056 1382 cle-

249 1403 322 1462 dero,
347 1403 378 1450 ut
399 1397 539 1466 fugitivum
561 1411 648 1450 meum
669 1393 771 1450 indices
794 1395 836 1450 vel
859 1395 946 1450 furem
967 1407 1057 1450 rerum

249 1481 375 1528 mearum,
399 1481 455 1518 non
479 1465 578 1534 poterit
602 1465 688 1534 repeti
716 1463 788 1534 quod
814 1463 906 1516 datum
929 1469 983 1518 est:
1006 1479 1057 1518 nec

249 1535 314 1592 euim
338 1535 451 1602 turpiter
473 1549 538 1586 acce
557 1531 609 1586 isti.
637 1531 709 1602 quod
731 1531 755 1586 si
771 1547 789 1586 a
804 1531 914 1600 fugitivo
932 1549 990 1586 meo
1010 1547 1055 1586 ac-

250 1601 345 1670 ceperis
362 1617 397 1654 ne
416 1617 475 1654 eum
497 1601 527 1654 in
545 1601 645 1666 iceras,
670 1599 810 1654 condicere
832 1599 882 1654 tibi
904 1601 957 1654 hoc
980 1601 1057 1670 quasi

248 1669 298 1726 iuri
320 1669 432 1736 possim:
458 1669 521 1722 sed¹
539 1669 563 1722 si
578 1669 636 1736 ipse
653 1669 699 1722 fur
714 1669 842 1722 indicium
859 1685 876 1722 a
892 1685 935 1722 me
952 1669 1058 1738 accepit

248 1737 296 1860 beb
302 1735 367 1790 furis
385 1735 426 1790 vel
443 1735 546 1804 fugitivi
563 1737 659 1802 socius,
677 1741 744 1806 puto
760 1735 954 1792 condictionem
968 1737 1057 1792 locum

266 1819 350 1856 aere.

281 1869 298 1926 5
319 1869 336 1924 I
338 1885 462 1924 caranus
482 1871 550 1924 libro
575 1873 653 1924 tertio
671 1873 708 1924 acl
729 1871 849 1926 Urseium
866 1873 994 1926 Ferocem
1029 1873 1058 1924 Si

249 1953 352 1994 aservo
370 1953 429 1992 meo
467 1939 588 1992 cauniam
605 1939 664 2008 quis
682 1939 838 2008 accepisset,
855 1955 889 1994 ne
905 1939 1008 1994 furtum
1022 1941 1056 1994 ab

249 2023 278 2062 eo
294 2005 396 2060 factum
412 1955 549 2072 indicaret,
568 2005 622 2062 sive
638 2007 784 2062 indicasset
800 2007 855 2062 sive
871 2023 940 2072 non,
957 2007 1056 2076 repeti·

248 2077 344 2128 tionem
361 2075 420 2128 fore
438 2075 495 2128 eius
512 2075 642 2144 pecuniae
658 2077 791 2130 Proculus
807 2077 954 2144 respondit.
1018 2131 1019 2134 ,

281 2139 297 2200 6
321 2143 467 2198 [lascarus
478 2143 546 2198 libro
561 2147 654 2198 octauo
668 2143 771 2200 decimo
780 2143 819 2198 ad
825 2143 956 2200 Sabinam
990 2143 1057 2196 Per·

248 2217 324 2282 petuo
351 2209 466 2266 Sabinus
497 2211 620 2278 probavit
645 2217 765 2266 veterum
790 2211 940 2280 opinionem
966 2211 1056 2266 existi

249 2279 373 2332 nantium
389 2279 426 2344 id,
444 2279 516 2348 quod
534 2293 567 2332 ex
583 2281 683 2334 iniusta
701 2295 783 2334 cansa
797 2279 870 2348 apud
884 2281 999 2350 aliquem
1013 2281 1056 2344 sit,

249 2357 324 2416 posse
342 2345 459 2400 condici:
476 2347 505 2400 in
539 2363 576 2400 ua
593 2347 724 2402 sententia
742 2347 822 2402 etiam
839 2347 930 2402 Celsus
949 2353 997 2402 est.

281 2409 297 2468 7
316 2413 486 2470 Ponroarvs
501 2413 522 2468 a·
552 2431 569 2470 o
586 2417 727 2472 uicensima
742 2415 859 2470 secando
875 2415 912 2470 ccl
925 2413 1056 2470 Sabinam

249 2481 289 2534 Ex
306 2497 337 2536 ea
355 2483 539 2552 stipulatione,
563 2499 631 2552 quae
653 2497 702 2550 per
724 2485 776 2536 vim
799 2489 904 2536 extorta
927 2489 1009 2548 esset,
1033 2485 1056 2538 si

251 2557 341 2602 exacta
359 2555 428 2604 esset
465 2551 567 2616 ecunia,
585 2551 770 2620 repetitionem
788 2567 846 2606 esse
863 2557 978 2606 constat.

281 2613 297 2674 8
316 2567 518 2698 Parausblrru
536 2619 615 2698 tertio
632 2621 828 2698 quaesitarum·
854 2619 882 2674 Si
899 2621 934 2674 oh
951 2625 1057 2688 turpem

250 2701 354 2740 causam
370 2701 522 2752 prom1sens
541 2689 626 2752 Τιιιο,
650 2703 783 2756 quamue,
807 2693 935 2756 s1petat,
959 2701 1057 2756 excep·

248 2755 316 2806 tione
335 2755 387 2808 doli
404 2753 466 2806 mali
485 2755 526 2808 vel
542 2755 570 2806 in
587 2755 690 2808 iactum
707 2769 871 2808 summovere
886 2771 946 2808 eum
959 2757 1056 2824 possis,

248 2827 335 2874 tamen
357 2821 380 2874 si
403 2821 527 2886 solveris,
549 2839 604 2876 non
621 2837 701 2890 posse
724 2827 752 2876 te
774 2827 906 2890 repetere,
932 2823 1057 2890 quoniam

249 2887 351 2944 sublata
376 2891 498 2956 proxima
524 2905 606 2944 causa
632 2889 825 2958 stipulationis,
853 2905 921 2958 quae
946 2897 1057 2960 propter

249 2957 425 3026 exceptionem
439 2957 526 3012 inanis
542 2965 619 3022 esset,
637 2957 751 3026 pristina
765 2973 856 3022 causa,
873 2959 902 3010 id
917 2965 957 3012 est
970 2959 1056 3028 turpi-

248 3025 324 3088 tudo,
343 3031 507 3094 superesset:
532 3043 612 3094 porro
636 3031 726 3080 autem
749 3025 771 3076 si
789 3031 816 3078 et
833 3025 921 3078 dantis
941 3031 966 3078 et
984 3025 1056 3080 acci-

249 3093 340 3160 pientis
363 3093 449 3160 turpis
468 3109 550 3148 causa
568 3095 615 3158 sit,
638 3107 821 3162 possessorem
842 3091 974 3162 potiorem
998 3107 1056 3148 esse

249 3161 347 3280 etlideo
365 3161 549 3228 repetitionem
566 3175 685 3226 cessare,
708 3161 813 3214 tametsi
837 3175 869 3214 ex
887 3161 1058 3228 supuaaone

250 3235 360 3284 sontum
378 3235 426 3282 est.

280 3293 396 3352 illurn
416 3295 484 3350 libra
506 3297 600 3364 quirun
623 3295 661 3350 ud
682 3295 821 3350 Plautiam
855 3295 884 3348 Si
899 3295 1057 3350 vestimenta

249 3363 344 3418 utenda
361 3363 410 3418 tibi
428 3363 660 3430 commodavero²‚
680 3363 775 3418 deinde
791 3363 920 3432 pretium,
939 3367 972 3414 ut
987 3363 1056 3416 reci-

249 3447 343 3500 perem,
362 3431 502 3496 dedissem,
522 3431 708 3484 ιοιιιιιιιοιι3
725 3445 768 3484 me
783 3437 855 3484 recte
872 3433 996 3484 acturum
1013 3445 1056 3484 re·

251 3515 373 3568 sponsum
396 3505 450 3552 est:
475 3499 594 3568 quamvis
617 3499 687 3550 enim
708 3505 817 3568 propter
839 3513 896 3550 rem
913 3497 1005 3550 datum
1022 3497 1058 3550 sit

254 3573 260 3622 l
296 3571 322 3622 et
340 3583 421 3620 causa
438 3571 531 3620 secuta
548 3567 590 3630 sit,
607 3565 827 3634 tamen-,turpiter
844 3565 934 3618 datum
952 3571 1001 3618 est.
1028 3565 1057 3618 Si

249 3653 300 3690 rem
316 3635 433 3688 locatam
450 3635 500 3688 tibi
516 3635 558 3688 vel
574 3633 708 3688 venditam
725 3649 741 3686 a
758 3639 786 3686 te
801 3633 843 3688 vel
857 3631 1011 3686 mandatam
1025 3637 1056 3686 ιι

250 3703 377 3766 redderes,
392 3703 534 3770 pecuniam
548 3701 692 3770 acceperis
707 3701 813 3756 habebo
827 3707 915 3754 tecum
926 3717 958 3754 ex
965 3701 1056 3756 locato

250 3771 288 3826 vel
294 3769 399 3824 vendito
410 3769 450 3822 vel
464 3769 583 3822 mandati
595 3769 740 3822 achonem:
756 3769 828 3838 quod
842 3769 873 3832 si,
888 3773 919 3820 ut
932 3769 969 3832 id,
984 3769 1057 3836 quod

250 3855 280 3892 ex
293 3843 450 3892 testamento
464 3837 506 3890 vel
520 3853 553 3890 ex
568 3837 696 3906 stipulatu
709 3837 834 3900 debebas,
844 3835 969 3890 redderes
983 3835 1056 3900 mihi,

250 3907 384 3972 pecuniam
401 3905 449 3958 tibi
468 3903 597 3970 dederim,
620 3903 754 3958 condictio
773 3905 911 3958 dumtaxat
927 3905 1057 3972 pecuniae

251 3973 325 4026 datae
343 3987 373 4026 eo
391 3973 498 4026 nornine
515 3973 572 4024 erit.
599 3973 680 4040 idque
698 3979 724 4026 et
741 3973 903 4040 Pomponius
920 3971 1020 4024 scribit.

595 4151 597 4154 -
613 4113 655 4170 VI
661 4111 681 4170 ⁴.

410 4211 456 4260 ιι
476 4207 704 4260 compressans
723 4209 885 4260 ιιιιιιιι.

284 4309 297 4368 1
322 4309 949 4366 Urerrrraslllroar'ceaslmosextaadedr'clam
975 4309 1056 4364 Nunc

254 4387 262 4432 ι
296 4379 436 4432 videndum
454 4379 486 4432 de
503 4379 621 4432 indebito
639 4379 735 4432 soluto.
770 4379 808 4432 Et
834 4377 939 4446 quidem
955 4377 979 4432 si
997 4379 1056 4448 quis

251 4447 392 4502 indebitum
409 4447 534 4516 ignorans
551 4447 642 4510 solvit,
660 4447 795 4516 perhanc
814 4447 947 4500 audonem
964 4445 1055 4500 condi-

252 4531 307 4570 cere
323 4519 424 4584 potest:
448 4513 495 4568 sed
512 4513 535 4568 si
552 4515 637 4568 sciens
656 4529 685 4568 se
701 4531 756 4570 non
774 4515 869 4570 debere
886 4513 978 4580 solvit,
997 4529 1054 4570 ces·

252 4589 292 4636 sat
307 4583 436 4652 repetitio

283 4647 395 4708 2Iaan
416 4651 483 4704 libro
505 4653 584 4704 scorto
607 4647 711 4704 deamo
733 4651 770 4704 cd
786 4649 915 4706 Sabinam
950 4649 1054 4720 Siquis

252 4717 286 4772 sic
308 4717 426 4782 solverit,
450 4723 495 4784 nt,
520 4717 543 4772 si
565 4717 734 4786 aperuisset
760 4735 818 4772 esse
842 4717 989 4772 indebitum
1013 4719 1054 4774 vel

252 4783 365 4840 Falcidia
382 4785 525 4852 emerserit,
542 4801 570 4840 re
590 4785 676 4850 datur,
694 4787 815 4852 repetitio
827 4787 917 4840 locum
931 4787 1053 4840 habebit:

254 4857 264 4906 ι
297 4855 429 4922 negotium
447 4855 516 4908 enim
533 4859 701 4908 contractum
719 4859 759 4906 est
776 4855 845 4908 inter
861 4871 915 4908 eos.
950 4855 978 4908 Si
991 4855 1054 4924 quid

252 4935 281 4996 ex
296 4927 452 4978 testamento
471 4921 589 4978 solutum
611 4921 660 4984 sit,
683 4921 755 4990 quod
777 4927 872 4990 postea
892 4921 990 4978 falsum
1013 4925 1054 4978 vel

251 4987 423 5044 mofficiosnm
438 4991 480 5044 vel
496 4991 600 5044 irritum
616 4989 657 5044 vel
674 4993 781 5058 ruptum
798 4991 960 5058 apparuerit,
977 5005 1053 5058 repe-

251 5059 323 5122 tetur,
339 5059 380 5112 vel
398 5059 422 5112 si
458 5065 501 5112 ost
513 5059 625 5112 multum
638 5059 765 5128 temporis
782 5061 916 5112 emerserit
930 5073 976 5114 aes
990 5059 1053 5112 alie-

251 5137 324 5190 num,
341 5127 382 5180 vel
400 5143 430 5182 co
452 5127 514 5180 'cilli
532 5127 577 5182 dia
596 5127 673 5182 celati
689 5127 818 5196 prolatu,
845 5125 890 5194 qui
907 5127 1054 5196 ademptio-

252 5207 307 5246 nem
324 5197 460 5250 continent
473 5197 621 5264 legatorum
634 5197 780 5252 solutorum
794 5195 837 5248 vel
850 5195 1054 5250 deminutionem

252 5275 296 5340 per
316 5263 381 5330 hoc,
405 5263 468 5332 quia
485 5265 543 5318 aliis
561 5281 666 5334 quoque
681 5263 769 5336 legata
785 5263 878 5318 relicta
896 5269 966 5320 sunt.
991 5281 1054 5320 nam

253 5327 321 5386 divus
339 5331 490 5386 Hadrianus
515 5335 588 5388 circa
609 5333 786 5390 inofficiosum
808 5339 835 5388 et
856 5333 954 5388 falsum
969 5339 1053 5388 testa-

252 5405 363 5454 mentum
388 5401 524 5470 rescripsit
549 5403 679 5458 actionem
706 5403 819 5458 dandam
844 5403 882 5470 ei,
908 5403 1054 5458 secundum

253 5481 325 5536 quem
343 5469 375 5524 de
391 5473 539 5526 hereditate
555 5473 702 5528 indicatum
719 5479 768 5528 est.

252 5639 279 5704 (ι)
298 5643 322 5692 ιι
331 5643 375 5694 ias.
386 5643 513 5698 Schrader

254 5707 282 5772 (3)
301 5713 518 5766 condicticioneF
611 5761 612 5764 ,

283 5781 313 5842 ιι)
332 5781 393 5834 Sat.
403 5795 491 5838 aas.
500 5795 765 5838 ro...1s.1s...ao.aa..u
775 5803 781 5846 ;
791 5787 840 5838 Ed.
853 5797 870 5838 ι.
884 5797 906 5838 ι.
919 5797 952 5838 ιι.
965 5797 1053 5838 ιιι.

647 5647 679 5712 (ι)
698 5645 1052 5710 ιιιΙΝΒ,ιοιιιιιιιιιιιιῗι

1056 349 1114 418 169

1775 357 1922 420 ΧΠ5.6

1142 523 1161 582 3
1179 529 1363 584 Peenameus
1379 533 1446 586 libro
1464 535 1606 586 uicensima
1622 535 1714 582 octauo
1730 529 1920 594 quaestionum

1109 593 1182 646 Idem
1199 601 1240 646 ιιι
1258 601 1284 646 ιι
1302 595 1325 646 ιι
1343 597 1436 650 solutis
1453 599 1545 666 legatis
1560 609 1629 650 nova
1644 599 1671 646 et
1682 591 1821 660 inopinata
1837 607 1921 646 causa

1108 659 1281 714 hereditatem
1296 661 1413 724 ιιιιιιιι,
1429 665 1510 716 veluti
1523 669 1587 716 nato
1601 667 1733 730 postumo,
1749 673 1828 724 quem
1841 659 1920 712 heres

1108 727 1137 778 in
1153 731 1228 778 utero
1246 727 1330 778 fnisse
1346 727 1500 792 ignorabat,
1523 731 1565 782 vel
1588 729 1668 784 etiam
1685 727 1719 778 ab
1736 725 1860 780 hostibus
1877 739 1919 778 re-

1108 805 1183 844 verso
1206 793 1275 856 lilio,
1299 807 1377 860 quem
1400 799 1477 858 pater
1500 795 1587 848 obisse
1603 795 1673 848 falso
1691 799 1918 860 praesumpserat:

1109 871 1170 910 nam
1187 859 1265 910 utiles
1283 857 1401 912 actiones
1421 865 1544 926 postumo
1562 861 1604 914 vel
1625 861 1695 922 filiu,
1736 859 1764 912 ui
1786 857 1920 912 beredita-

1109 931 1161 976 tem
1179 925 1306 988 evicerat,
1325 925 1383 976 dari
1400 929 1524 994 oportere
1540 927 1569 978 in
1586 943 1644 992 eos,
1663 925 1709 996 qui
1719 877 1841 994 tiugatum
1856 939 1918 994 per·

1109 999 1249 1060 ceperunt,
1267 993 1412 1060 imperator
1429 991 1508 1044 Titus
1524 991 1677 1048 Antoninus
1694 991 1843 1062 rescripsit,
1868 991 1920 1044 sci-

1107 1059 1170 1112 licet
1187 1057 1257 1126 quod
1276 1059 1362 1112 bonae
1378 1057 1440 1112 fidei
1456 1073 1596 1126 possessor
1611 1061 1641 1112 in
1658 1065 1786 1128 qnantum
1799 1059 1918 1128 loeuple-

1107 1127 1160 1180 tior
1175 1125 1264 1180 faetus
1282 1129 1323 1180 ιιι
1340 1131 1445 1180 tenetur
1461 1141 1512 1178 nec
1527 1127 1673 1192 paricidam
1696 1129 1848 1184 huiusmodi
1870 1141 1918 1180 no·

1107 1195 1206 1246 minum
1223 1193 1258 1248 ad
1276 1209 1344 1258 eum,
1362 1193 1481 1262 quisine
1499 1193 1578 1260 crdpa
1595 1193 1680 1258 solvit,
1697 1195 1848 1264 pertinebit.
1917 1213 1918 1216 ¹

1142 1259 1161 1316 4
1185 1259 1304 1314 Paucas
1324 1261 1392 1316 libro
1416 1261 1494 1314 tertio
1520 1259 1558 1312 acl
1580 1257 1710 1312 Sabinam
1743 1263 1817 1316 Idem
1843 1263 1920 1318 divus

1107 1327 1258 1448 {iadnanus
1284 1327 1422 1396 rescripsit
1448 1333 1475 1380 et
1500 1327 1523 1382 si
1548 1327 1622 1380 aliud
1646 1331 1835 1384 testamentum
1857 1347 1920 1400 pro·

1121 1401 1218 1450 eretur.

1142 1461 1161 1520 5
1184 1463 1328 1520 narrares
1343 1465 1411 1516 libro
1428 1467 1506 1518 scala
1525 1461 1627 1516 eramo
1645 1461 1682 1516 ccl
1698 1461 1828 1518 Sabinam
1862 1465 1919 1522 Nec

1109 1549 1219 1596 novum,
1242 1537 1274 1586 ut
1291 1531 1362 1600 quod
1379 1531 1446 1586 alius
1463 1531 1572 1586 solverit
1588 1529 1656 1584 alins
1673 1537 1785 1598 repetat.
1813 1549 1875 1590 nam
1894 1539 1921 1588 et

1109 1617 1169 1654 cum
1194 1601 1280 1654 minor
1305 1599 1396 1666 viginti
1421 1599 1538 1668 quinque
1563 1597 1639 1652 annis
1664 1599 1814 1654 inconsulte
1846 1603 1920 1656 adita

1107 1669 1254 1724 hereditate
1271 1669 1365 1722 solutis
1382 1667 1476 1736 legatis
1491 1669 1521 1720 in
1537 1667 1668 1734 integrum
1685 1667 1848 1734 restituitur,
1865 1687 1920 1724 nou

1107 1737 1160 1804 ipsi
1175 1735 1361 1804 repetitionem
1379 1741 1542 1804 competere,
1566 1735 1613 1788 sed
1637 1735 1675 1798 ei,
1700 1735 1734 1786 ad
1752 1751 1830 1802 quem
1848 1737 1920 1792 hona

1108 1805 1248 1872 pertinent,
1265 1805 1344 1858 Anio
1363 1803 1469 1858 Titiano
1487 1803 1647 1872 rescriptum
1665 1807 1713 1856 est.

1143 1867 1162 1928 6
1179 1871 1299 1924 Parcas
1313 1871 1382 1926 libro
1400 1871 1533 1924 rational
1548 1869 1678 1924 Sabinum
1712 1867 1740 1924 si
1757 1877 1919 1938 procurator

1108 1945 1169 1994 tuus
1178 1939 1324 1992 indebitum
1339 1939 1446 1992 solverit
1460 1945 1487 1992 et
1500 1945 1531 1992 ιι
1544 1944 1632 1992 ratum
1646 1955 1701 1992 non
1713 1939 1823 2002 habeas,
1839 1953 1920 2008 posse

1106 2005 1190 2076 repeti
1208 2007 1299 2062 Labeo
1316 2007 1391 2062 libris
1408 2005 1586 2076 posteriorum
1604 2007 1723 2076 scripsit:
1742 2005 1855 2074 quodsi
1873 2005 1918 2060 de-

1107 2077 1193 2130 bitum
1208 2075 1316 2140 fuisset,
1339 2091 1395 2128 non
1416 2091 1497 2144 posse
1520 2077 1603 2144 repeti
1622 2075 1728 2130 Celsus:
1751 2075 1826 2140 ideo,
1851 2091 1918 2144 quo-

1107 2145 1192 2208 niam,
1217 2159 1277 2198 cum
1294 2143 1353 2212 quis
1370 2151 1572 2212 procuratorem
1589 2161 1676 2198 rerum
1693 2157 1801 2196 suarum
1820 2143 1920 2198 ιιιιιι-

1107 2213 1173 2278 ιιιι,
1191 2211 1218 2266 id
1236 2227 1340 2280 quoque
1358 2213 1485 2266 mandare
1502 2211 1617 2278 ridetur,
1635 2219 1665 2266 ut
1683 2213 1768 2266 solvat
1786 2211 1920 2276 creditori,

1107 2279 1626 2416 sitstransiluerit
1640 2283 1789 2400 tttttt
1802 2279 1920 2400 trist

1109 2419 1123 2470 2
1159 2415 1193 2468 sit
1202 2419 1229 2470 et
1238 2415 1359 2468 dominus
1367 2387 1456 2470 ritum
1464 2415 1633 2480 nonhabeat,
1648 2431 1727 2484 posse
1739 2431 1769 2470 re
1790 2415 1833 2468 eti.
1861 2413 1920 2468 (lel-

1108 2497 1153 2536 sus
1177 2483 1215 2536 ait
1238 2499 1310 2548 eum,
1335 2483 1380 2552 qui
1397 2485 1567 2552 procuratori
1584 2485 1720 2538 debitum⁷
1737 2431 1830 2548 scibit,
1856 2497 1919 2536 con-

1107 2553 1182 2606 tinuo
1191 2551 1298 2606 liberari
1310 2567 1398 2620 neque
1411 2551 1626 2606 ratihabitIonem
1641 2551 1803 2606 considerari
1811 2551 1834 2604 ⁸:
1849 2551 1920 2620 quod

1108 2619 1131 2674 si
1139 2619 1286 2674 indebitum
1300 2619 1515 2688 acceperit,ideo
1532 2619 1600 2688 erigi
1613 2619 1838 2684 ratihabitionem,
1854 2635 1919 2686 quo·

1108 2687 1179 2742 niam
1195 2687 1261 2740 nihil
1278 2687 1311 2740 de
1327 2689 1379 2740 hoc
1397 2689 1504 2742 nomine
1522 2688 1648 2756 exigendo
1663 2689 1803 2742 mandasse
1817 2687 1919 2740 videre-

1107 2761 1166 2818 tur,
1184 2761 1211 2806 et
1226 2755 1302 2818 ideo,
1325 2755 1348 2808 si
1364 2761 1454 2808 ratum
1471 2771 1525 2810 non
1542 2755 1687 2820 habeatur,
1711 2771 1728 2808 a
1744 2759 1920 2822 procuratore

1109 2825 1123 2874 3
1158 2821 1340 2890 repetendum.
1375 2821 1493 2876 Iulianus
1520 2821 1558 2876 ait
1583 2837 1669 2890 neque
1693 2827 1809 2876 tutorem
1832 2837 1917 2890 neque

1107 2893 1306 2956 procuratorem
1316 2891 1446 2944 solventes
1456 2895 1576 2958 repetere
1610 2905 1669 2944 osse
1683 2905 1716 2944 ιι
1734 2905 1769 2944 ιι
1781 2889 1918 2956 interesse,

1108 2971 1188 3030 suam
1201 2959 1341 3026 pecuniam
1359 2973 1394 3010 an
1410 2959 1505 3026 pupilli
1522 2957 1564 3010 vel
1599 2957 1680 3010 omini
1697 2907 1809 3010 sciivant.

1142 3019 1160 3078 7
1179 3025 1349 3078 Pareamus
1364 3025 1431 3080 libro
1449 3041 1520 3078 acac
1538 3025 1576 3078 ad
1592 3025 1722 3080 Sabinam
1757 3025 1834 3092 Quod
1844 3025 1918 3078 inde-

1106 3093 1192 3146 bitum
1208 3107 1257 3160 per
1274 3107 1390 3146 errorem
1415 3093 1538 3158 solvitur,
1561 3097 1608 3148 aut
1628 3091 1716 3160 ipsum
1738 3099 1786 3146 aut
1809 3099 1918 3146 tantun·

1109 3159 1166 3214 dem
1183 3161 1319 3228 repetitur.
1865 3195 1866 3198 ι

1142 3223 1161 3284 8
1179 3225 1298 3280 Pennus
1316 3229 1385 3282 libro
1403 3231 1482 3280 saccio
1499 3227 1536 3280 acl
1552 3225 1682 3280 Sabinam
1717 3227 1794 3294 Quod
1812 3227 1919 3280 nomine

1107 3295 1209 3358 mariti,
1232 3295 1277 3364 qui
1295 3293 1419 3348 solvendo
1437 3295 1557 3358 nonsit,
1581 3294 1650 3347 alins
1666 3295 1770 3348 mulieri
1787 3295 1917 3360 solvisset,

1107 3377 1137 3416 re
1157 3367 1227 3416 etere
1244 3379 1299 3416 non
1315 3367 1417 3430 potest:
1436 3361 1503 3416 adeo
1521 3361 1640 3416 debitum
1657 3363 1744 3416 esset⁹
1761 3363 1872 3418 mulieri.

1136 3377 1162 3486 b
1184 3423 1329 3484 &cernuus
1351 3429 1418 3484 libro
1441 3431 1630 3502 recuperetur
1652 3435 1731 3484 sexta
1748 3431 1787 3484 ccl
1802 3431 1917 3486 edictam

1107 3497 1178 3550 Nam
1195 3501 1222 3550 et
1238 3499 1363 3562 maritus,
1387 3497 1424 3562 si,
1448 3513 1507 3550 curn
1523 3495 1614 3550 iacere
1630 3499 1695 3552 nihil
1712 3499 1811 3568 possit,
1829 3499 1917 3554 dotem

1108 3565 1223 3628 solverit,
1241 3565 1267 3620 in
1286 3581 1317 3622 ea
1335 3579 1418 3620 eausa
1435 3569 1476 3618 est
1493 3571 1524 3618 ut
1540 3571 1659 3634 repetere
1676 3581 1730 3620 non
1747 3567 1841 3634 possit.

1144 3631 1182 3690 10
1199 3631 1318 3688 Parrus
1338 3633 1406 3688 libro
1428 3635 1541 3704 septima
1565 3633 1602 3686 acl
1625 3631 1755 3688 Sabinam
1788 3635 1821 3688 In
1847 3633 1917 3688 diem

1108 3699 1212 3754 debitor
1228 3701 1294 3754 adeo
1312 3701 1416 3754 debitor
1433 3705 1487 3766 est,
1510 3705 1542 3754 ut
1565 3706 1627 3755 ante
1650 3703 1719 3754 diem
1741 3703 1856 3756 soluann
1874 3719 1915 3758 re·

1106 3773 1197 3836 petere
1214 3785 1268 3822 non
1285 3769 1378 3838 possit.

1144 3833 1180 3892 11
1205 3835 1350 3892 Uarmaus
1364 3837 1432 3892 libro
1451 3837 1606 3908 trlpcasr'mo
1624 3837 1717 3906 quinto
1735 3837 1773 3892 acl
1786 3835 1917 3892 Sabinam

1107 3901 1137 3956 Si
1151 3903 1184 3968 is,
1202 3919 1263 3958 cum
1281 3919 1333 3972 quo
1352 3905 1385 3958 de
1400 3905 1505 3974 peculio
1523 3909 1613 3958 actum
1631 3909 1678 3968 est,
1697 3921 1745 3974 per
1761 3905 1914 3974 impruden·

1106 3971 1171 4092 tiupr
1186 3971 1247 4092 plus
1264 3987 1346 4040 qnam
1361 3973 1390 4026 in
1406 3973 1511 4042 peculio
1529 3979 1570 4026 est
1587 3973 1707 4040 solverit,
1724 3979 1845 4042 repetere
1862 3991 1917 4028 nou

1106 4055 1141 4106 po
1157 4055 1205 4092 es.

1143 4103 1182 4162 12
1199 4105 1319 4162 Paucas
1338 4107 1406 4162 libro
1428 4109 1542 4178 septimo
1565 4107 1603 4162 acl
1624 4105 1754 4164 Sabinam
1789 4105 1818 4162 si
1839 4107 1917 4160 fandi

1103 4175 1158 4228 ,mei
1181 4189 1258 4228 nsum
1281 4173 1402 4228 fructum
1424 4175 1473 4228 tihi
1496 4175 1592 4230 dedero
1615 4175 1683 4230 falso
1702 4175 1855 4230 existimans
1873 4189 1916 4228 me

1107 4257 1167 4296 eum
1192 4243 1242 4298 tibi
1266 4243 1362 4298 debere
1388 4249 1414 4296 et
1439 4249 1582 4314 antequam
1607 4249 1725 4314 repetam
1748 4243 1915 4306 decusserim,

1108 4311 1239 4366 condictio
1256 4311 1313 4366 eius
1330 4311 1365 4366 ad
1382 4311 1573 4382 heredemque
1593 4329 1626 4366 ne
1643 4327 1729 4366 meum
1745 4309 1877 4364 transibit.

1143 4375 1181 4436 13
1204 4381 1286 4434 Icari
1307 4381 1374 4434 libro
1397 4381 1499 4436 decimu
1521 4381 1558 4434 ad
1576 4329 1710 4436 barlaam
1749 4379 1916 4432 Naturaliter

1107 4447 1186 4502 etiam
1203 4463 1294 4502 servus
1313 4447 1458 4516 obligatur:
1484 4453 1510 4502 et
1526 4447 1601 4512 ideo,
1618 4447 1641 4500 si
1659 4447 1716 4516 quis
1733 4447 1841 4500 nomine
1859 4447 1914 4500 eius

1100 4516 1193 4572 ,solvat
1214 4517 1256 4570 rel
1277 4517 1334 4584 ipse
1356 4517 1548 4580 manumissus,
1571 4521 1602 4568 ut
1624 4513 1788 4582 Pomponius
1811 4513 1913 4580 scribit,

1110 4585 1131 4618 ¹⁰
1137 4601 1170 4638 er
1183 4585 1299 4664 peculio,
1317 4585 1392 4638 ouius
1410 4585 1520 4638 hberam
1538 4581 1792 4636 administrationem
1806 4583 1914 4648 habeat,

1106 4657 1191 4720 repeti
1213 4669 1268 4706 non
1289 4651 1399 4720 poterit:
1425 4657 1451 4708 et
1474 4653 1507 4706 ab
1525 4651 1552 4704 id
1571 4657 1599 4704 et
1614 4649 1753 4702 fideiussor
1769 4667 1819 4720 pro
1838 4667 1914 4706 servo

1106 4723 1233 4788 acceptus
1254 4723 1361 4774 tenetur
1384 4725 1410 4774 et
1432 4721 1527 4790 pignus
1550 4735 1598 4786 pro
1622 4733 1654 4772 eo
1672 4717 1764 4772 datum
1780 4719 1915 4774 tenebitur

1106 4793 1141 4852 et,
1160 4789 1182 4842 si
1199 4803 1299 4852 servus,
1314 4789 1360 4856 qui
1392 4787 1471 4842 eculii
1485 4785 1737 4840 administrationem
1752 4787 1843 4854 habet,
1857 4803 1914 4842 rem

1105 4855 1208 4926 pignori
1224 4855 1252 4908 in
1268 4855 1297 4910 id
1314 4805 1390 4924 quoti
1402 4855 1497 4908 debeat
1514 4853 1628 4918 dederit,
1649 4855 1722 4934 ptilis
1739 4855 1914 4936 pigneraticia

1109 4929 1119 4976 1
1157 4923 1291 4978 reddenda
1315 4929 1363 4978 est.
1403 4923 1471 4976 Item
1496 4921 1567 5000 quod
1592 4921 1707 4990 pupillus
1733 4939 1791 4978 s1ne
1815 4927 1914 4980 tutoris

1106 4993 1265 5048 auctoritate
1281 4997 1401 5046 mutuum
1419 4995 1523 5058 accepit
1541 4995 1566 5044 et
1582 4989 1739 5060 locupletior
1755 4991 1845 5048 factus
1863 4999 1912 5058 est,

1106 5063 1128 5116 si
1163 5063 1230 5116 ubes
1246 5059 1334 5116 iactas
1352 5057 1446 5124 solvat,
1463 5073 1518 5112 nou
1534 5061 1638 5128 repetit.

1142 5077 1180 5186 14
1197 5129 1369 5184 Pareamus
1383 5125 1450 5182 libro
1468 5127 1608 5182 uicensimo
1619 5131 1712 5212 primo
1730 5129 1767 5184 ad
1783 5127 1913 5186 Sabiucaa

1105 5197 1175 5252 Nam
1191 5197 1242 5252 hoc
1259 5201 1357 5252 natura
1373 5209 1488 5264 aequum
1505 5199 1545 5248 est
1567 5213 1696 5254 nemmem
1719 5215 1780 5254 cum
1802 5197 1913 5254 alterius

1106 5265 1260 5320 detrimento
1277 5263 1337 5320 fieri
1352 5263 1559 5334 locupletiorem.

1142 5331 1180 5393 15
1201 5335 1316 5388 Pharus
1329 5333 1398 5388 libro
1416 5333 1517 5388 decima
1535 5335 1572 5390 ad
1587 5333 1716 5392 Sabinam
1743 5333 1859 5390 indebiti
1868 5351 1911 5390 so-

1105 5403 1155 5458 lati
1172 5401 1303 5458 condictio
1326 5401 1457 5458 naturalis
1481 5409 1521 5458 est
1545 5409 1571 5458 et
1594 5405 1653 5460 ideo
1676 5405 1755 5458 etiam
1779 5405 1851 5474 quod
1873 5403 1912 5458 rei

1106 5471 1209 5528 solutae
1226 5471 1347 5538 accessit,
1366 5473 1482 5528 venitin
1499 5473 1699 5540 condictionem,
1717 5479 1747 5528 ut
1763 5479 1831 5542 puta
1847 5487 1911 5544 par·

1106 5653 1147 5706 es:
1157 5643 1247 5710 Papa.
1256 5649 1591 5716 :1.ar...ea.cc;App.ca—
1602 5647 1743 5710 Baetae.
1754 5673 1789 5684 -
1802 5645 1842 5712 Os.
1852 5643 1911 5698 cod.

1105 5715 1149 5776 4,ι
1201 5713 1233 5778 (5)
1243 5713 1337 5780 prolati
1346 5717 1392 5770 del.
1445 5715 1479 5782 (ι)
1490 5717 1533 5780 ιιι]
1543 5719 1581 5766 ιιι
1589 5735 1636 5768 scr.
1679 5713 1863 5782 <uiuentium
1871 5709 1911 5764 F²

1106 5785 1140 5850 (8)
1159 5781 1294 5836 desiderari
1303 5803 1349 5836 ser.
1411 5787 1444 5852 (9)
1463 5791 1556 5838 cstscr.
1617 5783 1911 5850 (10)velias.Schalriap

1675 5871 1705 5922 22
