4366 6258
242 371 285 418 lut
305 371 385 418 munt
406 371 492 420 Flscl

245 535 381 594 ‘immerito
395 537 552 616 qidogentos
569 535 669 592 solidos
687 537 786 612 inferre
803 537 869 592 fisco
886 541 976 596 iussus
994 539 1052 594 es¹z

245 607 349 660 ‘omissa
371 619 442 658 enini
457 603 543 684 ipsius
561 619 659 658 causae
681 603 852 672 inquisitione
871 607 929 676 ipse
945 613 972 662 te
990 607 1053 658 huic

245 679 355 796 ἶιΜιθ
370 669 876 792 tttffilttatttttlttttttt:
893 681 924 790 ιη
940 675 976 740 a,
995 673 1053 742 ,s-

245 755 322 862 ‘birlisra
338 751 392 858 {ite
408 805 525 868 ueniant,
543 819 597 858 nen
614 777 783 860 adverimios
800 811 847 858 aut
863 755 1053 862 iqqqsescarqqele

244 883 321 930 ‘mere
338 873 486 940 temptent'.

276 937 314 998 35
332 939 505 994 Postremus
520 939 588 994 libro
605 937 746 994 andecimo
764 939 941 1010 epistularum
972 939 1053 1008 Apud

243 1009 375 1066 Iulianum
397 1007 602 1074 scriptumest:
629 1007 654 1060 si
674 1007 795 1076 privatus
818 1007 853 1060 ad
869 1021 899 1060 se
920 1009 1053 1074 pertinere

243 1075 415 1134 hereditatem
432 1075 511 1128 Lucii
528 1075 592 1128 Titii
609 1075 694 1138 dicat,
717 1075 801 1128 altero
819 1075 930 1128 eandem
947 1075 1052 1128 heredi-

243 1151 324 1200 tatem
352 1141 417 1196 fisco
440 1141 606 1198 vindicante:
638 1143 787 1210 quaeritur,
816 1149 906 1196 utrum
928 1141 971 1196 ius
994 1141 1053 1196 fisci

244 1219 303 1270 ante
320 1209 509 1264 excudendum
525 1211 561 1264 sit
577 1217 605 1264 et
621 1209 794 1264 sustinendae
811 1209 931 1264 arbones
950 1213 1052 1264 cetero·

243 1295 315 1346 rum,
342 1293 379 1332 an
395 1279 479 1332 nihilo
495 1279 584 1334 rriinus
600 1277 762 1332 inhibendae
778 1279 920 1348 petitiones
938 1277 1051 1332 credito-

244 1363 301 1406 rum
318 1345 483 1414 singulorum
491 1347 510 1412 ²,
532 1345 708 1414 republicae
727 1361 824 1402 causae
845 1345 1053 1414 praeiudicatur.

243 1417 270 1474 id
287 1431 321 1468 ue
339 1419 449 1468 senatus
468 1415 597 1470 consultis
615 1429 771 1482 expressum
788 1419 838 1470 est.

271 1433 317 1540 it
340 1483 525 1536 Permirum
548 1483 616 1538 titre
639 1483 717 1536 tortio
739 1497 930 1554 responsorum
971 1483 1052 1536 Prae-

245 1551 292 1606 diis
311 1565 328 1604 a
344 1549 411 1606 fisco
437 1549 571 1606 ιιιιιιεειιι
594 1549 731 1618 praeteriti
754 1549 879 1620 temporis
902 1549 1053 1604 ιιιιιιιιιιιιι3

245 1616 388 1700 eoqundem
408 1617 580 1688 praediorum
598 1633 665 1672 onus
689 1623 834 1688 emptorem
856 1621 978 1686 spectare
995 1619 1052 1688 pla-

245 1693 317 1810 cuisti
335 1753 415 1808 Inar:
431 1753 498 1810 libro
516 1753 618 1808 decimo
636 1763 827 1826 responsorum
848 1753 936 1832 ‘Quod
952 1753 1054 1834 placuit

245 1823 309 1876 fisco
335 1837 390 1876 non
416 1835 475 1876 esse
500 1837 614 1902 poenam
643 1821 800 1900 petendam,
828 1837 885 1900 mss·
905 1821 1053 1900 'ereptores

245 1905 321 1944 soum
337 1891 560 1958 reciperatam,
586 1905 618 1944 eo
636 1895 765 1958 pertinet,
791 1895 822 1942 ιιι
844 1889 1008 1958 privilegium
1026 1903 1054 1942 in

245 1971 330 2026 poena
348 1963 443 2012 contre
460 1957 603 2012 creditores
620 1973 675 2012 non
698 1961 867 2022 exerceatur,
893 1971 947 2010 non
965 1963 995 2008 ut
1012 1957 1053 2010 ius

246 2039 383 2080 commune
399 2023 565 2092 priuatorum
580 2023 663 2080 fiscus
681 2025 794 2080 amittat.

278 2087 318 2150 38
335 2091 417 2146 Iona
431 2091 499 2148 libro
517 2095 596 2146 tertio
613 2091 715 2146 decimo
731 2107 923 2162 responsorum
957 2089 1054 2146 Fiscus

246 2161 273 2214 in
294 2159 450 2230 quaestione
471 2159 534 2214 falsi
554 2159 708 2214 testamenti
733 2175 788 2212 non
811 2157 938 2228 optinuit:
965 2159 1053 2228 prius·

246 2241 324 2296 quam
341 2233 433 2282 autem
453 2243 486 2282 ea
509 2227 629 2296 quaestio
647 2227 826 2290 decideretur,
845 2227 897 2278 alio
914 2227 1054 2280 nuntiante

247 2297 316 2348 bona
332 2297 444 2364 postea⁴
461 2311 558 2350 uacare
575 2293 702 2350 constitit.
737 2293 843 2348 fructus
860 2299 923 2362 post
940 2293 1054 2362 primam

246 2361 317 2416 litem
340 2363 444 2416 absumi
467 2379 521 2416 non
543 2363 693 2432 oportuisse
715 2361 853 2430 respondi:
879 2363 1053 2430 nequeenim

248 2429 282 2484 ad
307 2435 415 2484 senatus
444 2429 560 2484 consulti
587 2429 743 2484 beneficium
775 2431 904 2498 scriptum
929 2429 1054 2484 heredem

250 2503 260 2550 t
296 2497 430 2566 pertinere
447 2497 627 2564 controversia
641 2503 723 2550 mota.
750 2497 883 2552 Delatoris
899 2513 982 2566 opera
999 2515 1054 2554 non

248 2581 305 2620 esse
326 2563 450 2620 functum
473 2565 612 2634 respondi,
641 2565 688 2634 qui
712 2563 771 2620 fisci
794 2567 946 2638 pecuniam,
974 2581 1054 2636 quain

248 2635 313 2686 alius
330 2635 448 2700 tenebat,
467 2633 501 2688 ad
518 2635 560 2688 sui
577 2633 704 2704 temporis
722 2633 976 2692 administrationem
991 2651 1053 2704 per·

248 2701 342 2782 tinere,
372 2701 491 2780 quamvis
518 2701 634 2770 probare
657 2717 711 2756 non
735 2703 879 2770 potuisset,
909 2703 1053 2768 commedit,

248 2785 372 2836 quoniam
387 2785 438 2838 pro
457 2785 524 2822 mam
542 2785 651 2824 eausam
668 2775 766 2836 egerat.

281 2833 321 2892 39
338 2835 419 2890 Ioum
438 2785 506 2890 iiam
528 2843 606 2890 serto
620 2837 732 2890 'declino
753 2853 944 2908 responsorum
978 2837 1055 2892 Bona

251 2903 312 2956 dsco
331 2903 399 2956 citra
420 2917 534 2972 poenam
555 2901 626 2956 exilii
647 2911 804 2974 perpetuam
827 2905 976 2960 adiudicari
994 2921 1053 2960 sen·

252 2977 260 3022 l
296 2971 381 3024 tentia
397 2987 452 3026 non
470 2977 583 3040 oportet.
611 2971 691 3038 Eum,
708 2973 753 3040 qni
769 2971 918 3052 periculum
936 2989 1053 3028 commu·

251 3037 287 3096 uis
305 3037 532 3094 condemnationis
550 3037 629 3094 dividi
645 3041 802 3108 postulavit,
821 3041 893 3108 quod
909 3041 1054 3118 participes

250 3105 358 3162 iudicati
371 3105 496 3160 solvendo
515 3111 603 3160 essent
620 3109 752 3162 revocatis
766 3109 970 3162 alienationibus
989 3125 1055 3176 quas

248 3173 432 3228 fraudulenter
451 3173 585 3238 fecerant,
609 3191 664 3230 ιιοιι
686 3175 772 3230 uideri
794 3191 902 3230 causam
924 3175 1056 3244 pecuniae

248 3241 312 3296 fisco
329 3241 468 3296 nuntiasse
483 3241 618 3310 respondi.

282 3307 321 3366 40
351 3307 469 3364 Pactus
494 3309 562 3364 libro
587 3311 729 3364 vicensimo
751 3313 843 3380 primo
869 3313 1056 3380 quaestionum

249 3379 290 3430 Ito
306 3375 369 3430 fidei
392 3375 495 3430 heredis
518 3377 660 3430 commisit:
688 3379 760 3444 ‘rogo
782 3377 894 3432 fundum
912 3379 984 3432 'litio
1001 3379 1055 3446 des,

251 3445 291 3498 ‘de
308 3461 360 3512 quo
378 3449 405 3496 te
422 3445 528 3512 rogari.
557 3445 579 3498 si
596 3445 683 3498 Titius
701 3459 797 3512 capere
814 3461 868 3498 non
884 3445 984 3514 possit,
1002 3461 1056 3498 nou

250 3511 359 3568 evitabit
374 3511 452 3566 heres
466 3527 579 3580 poenam
596 3511 672 3566 taciti
688 3509 897 3566 fideicommissi:
914 3529 969 3566 non
986 3513 1056 3566 enim

251 3587 291 3634 est
306 3579 396 3648 palam
413 3579 574 3646 relinquere,
598 3579 669 3646 quod
692 3593 726 3632 eu
746 3583 905 3634 testamento
923 3579 987 3634 sciri
1002 3595 1056 3634 non

250 3653 353 3718 potest,
377 3661 438 3700 cum
453 3647 594 3702 recitatum
617 3651 667 3700 est.
702 3645 923 3714 quemadmodum
944 3663 995 3700 nec
1012 3647 1057 3700 ille

250 3717 338 3786 palam
360 3715 420 3778 dat,
444 3715 550 3784 quiite
571 3713 678 3768 scribit:
705 3719 778 3782 ‘rogo
801 3729 861 3780 uos,
878 3715 1003 3780 heredes,
1028 3715 1056 3768 in

251 3789 304 3850 ἐι,
329 3781 401 3852 quod
418 3799 435 3836 a
451 3781 525 3838 vobis
548 3783 615 3852 peti,
638 3781 719 3836 fidem
739 3781 897 3850 praestetis’.
932 3783 1011 3836 immo
1028 3783 1056 3836 in

251 3853 338 3932 priore
362 3851 450 3920 specie
470 3851 596 3904 maiorem
617 3849 740 3930 mandem
755 3851 929 3928 'excogitasse
946 3849 1055 3928 videtur,

251 3919 585 4054 ttettttttttttt
599 3917 1057 4054 tttttttttttttttttttt:

252 4057 362 4108 missum
378 4055 507 4108 liabetur:
525 4053 643 4122 quamuis
662 4053 730 4108 enim
746 4051 857 4106 fundum
874 4051 1056 4118 nominaverit,

251 4137 305 4176 non
326 4127 416 4174 tanim
429 4121 564 4202 'cognosci
579 4123 682 4190 potest,
707 4119 809 4188 dequo
833 4119 867 4172 sit
879 4123 992 4198 pogatus
1010 4117 1056 4174 he·

251 4189 813 4312 tstitittttttttttlttttt
829 4187 1057 4332 iiiiitiffgiifs

253 4325 375 4392 portione
391 4339 441 4380 sua
458 4329 582 4392 praestet,
600 4339 707 4380 cessare
724 4323 844 4378 fraudem
862 4321 971 4388 dicitur,
995 4323 1058 4390 quia

254 4393 285 4446 de
302 4407 352 4446 suo
369 4393 489 4460 largitur.

286 4457 321 4516 41
339 4459 419 4514 farn
434 4459 501 4514 libro
515 4459 655 4514 vicensimo
667 4459 758 4528 primo
772 4473 961 4530 responsorum
978 4457 1057 4522 Eum,

254 4527 298 4594 qui
314 4527 386 4582 bona
401 4525 525 4582 vacantia
543 4543 559 4580 a
575 4525 640 4580 fisco
660 4525 837 4594 compararit,
860 4525 957 4580 debere
974 4525 1056 4578 actio·

254 4609 313 4648 nem
348 4609 417 4662 quae
439 4601 531 4648 contm
552 4591 707 4648 defunctum
724 4593 903 4662 competebat,
926 4593 1056 4660 excipere.

288 4633 327 4718 di
352 4663 461 4716 mirra
475 4663 543 4716 libro
560 4663 654 4730 quinto
669 4661 935 4730 fideicommissorum
965 4661 1056 4714 Arria-

254 4743 303 4782 nus
321 4729 434 4784 Severus
450 4729 602 4798 praefectus
619 4729 729 4792 aerarii,
748 4745 807 4782 cuni
825 4729 897 4794 eius,
915 4729 960 4798 qui
977 4729 1058 4782 tacite

255 4801 363 4916 qogatus
379 4795 468 4918 fqerat
485 4813 539 4850 non
558 4795 673 4864 capienti
690 4795 921 4918 fideicpmffisipum
938 4795 1057 4876 peddere,

257 4865 858 4984 attalitittttnttttttttn
872 4879 1058 4986 ttttttt

1047 351 1107 426 osi

1627 349 1846 418 XXXXVIIH
1872 361 1908 420 14

1104 547 1160 596 tum
1178 543 1212 596 ab
1230 557 1263 598 eo
1280 541 1325 610 qui
1341 541 1369 594 id
1385 535 1494 592 fecisset
1508 535 1584 604 exigi,
1602 537 1731 604 quantum
1748 535 1821 602 apud
1835 553 1912 592 aera.

1103 609 1174 662 rium
1196 625 1229 664 es
1251 623 1284 664 ea
1307 623 1390 662 causa
1413 621 1493 674 quain
1518 601 1649 658 detulerat
1671 615 1809 680 remanere
1832 619 1912 672 opor-

1103 679 1197 740 terem,
1215 675 1239 730 si
1254 675 1448 742 professionem
1460 687 1536 726 suam
1554 671 1702 740 implesset:
1721 673 1748 724 et
1765 685 1788 722 si
1825 685 1912 724 ossas-

1104 741 1173 796 soris
1191 757 1296 812 quoque
1313 743 1388 796 fraus
1403 739 1475 808 apud
1492 739 1657 808 praefectum
1673 737 1793 790 coaucta
1805 685 1912 814 iubeat,

1104 809 1138 862 ab
1156 825 1188 864 eo
1206 823 1311 880 quoque
1328 809 1399 878 quod
1418 809 1553 862 conmotus
1570 805 1669 860 inferre
1683 805 1819 860 debuisset
1832 805 1911 870 exigi.

1139 873 1178 932 43
1202 877 1347 930 Uarianos
1369 877 1437 930 libro
1458 881 1535 928 sexto
1555 875 1820 942 fideicommissorum
1859 871 1912 948 lm-

1103 945 1214 1008 perator
1230 949 1323 996 noster
1338 943 1473 1010 rescripsit
1490 943 1584 996 fiscum
1599 941 1627 996 in
1644 957 1700 996 rein
1713 941 1812 994 habere
1826 943 1912 994 actio·

1104 1021 1150 1060 nes
1169 1023 1202 1060 ex
1218 1009 1300 1064 tacito
1318 1009 1530 1064 fideicommissa.

1137 1071 1179 1130 44
1196 1075 1313 1130 Pictos
1328 1077 1395 1132 libro
1408 1079 1500 1146 primo
1513 1077 1704 1132 sententiarum
1730 1075 1842 1130 Delator
1858 1089 1913 1128 non

1105 1145 1159 1204 est,
1182 1141 1229 1210 qui
1250 1141 1428 1210 protegendae
1450 1157 1548 1198 causae
1571 1159 1636 1198 suae
1652 1145 1738 1212 gratia
1759 1141 1860 1214 aliquid
1877 1141 1913 1198 ad

1104 1207 1199 1262 fiscum
1215 1209 1330 1262 nuntiat.

1138 1273 1179 1330 45
1198 1275 1295 1330 ἵΙιιειι
1313 1277 1380 1330 libro
1404 1279 1497 1346 quinto
1514 1279 1707 1332 sententiarum
1741 1277 1773 1332 In
1790 1277 1911 1332 fraudem

1105 1343 1164 1396 fisci
1190 1357 1245 1396 non
1275 1345 1362 1398 solum
1389 1359 1438 1412 per
1461 1343 1643 1412 donationem,
1670 1345 1719 1400 sed
1746 1363 1913 1414 quocumque

1104 1411 1185 1472 modo
1201 1425 1244 1464 res
1262 1411 1394 1466 obenstse
1410 1417 1582 1480 revocantur,
1604 1413 1726 1482 idemque
1742 1411 1809 1468 iuris
1826 1417 1869 1468 est
1886 1423 1914 1468 et

1105 1477 1128 1532 si
1144 1493 1200 1532 non
1216 1483 1375 1546 quaeratur:
1394 1493 1477 1546 aeque
1496 1479 1566 1534 enim
1583 1479 1612 1532 in
1629 1481 1751 1534 omnibus
1769 1481 1844 1534 fraus
1861 1497 1912 1548 pu-

1107 1549 1119 1598 1
1154 1545 1254 1600 nituit
1288 1545 1365 1600 Bona
1382 1561 1486 1612 eorum,
1505 1549 1551 1616 qui
1567 1547 1595 1600 in
1613 1547 1734 1600 custodia
1750 1549 1791 1602 rel
1808 1549 1837 1600 fn
1854 1549 1912 1600 rin-

1106 1613 1172 1668 culis
1193 1613 1235 1666 rel
1259 1611 1430 1682 compedibus
1454 1615 1636 1680 decesserunt,
1659 1615 1802 1670 heredibus
1820 1631 1914 1670 eorum

1104 1699 1160 1738 non
1177 1679 1347 1748 auferuntur,
1372 1681 1426 1734 sire
1448 1687 1546 1736 testato
1571 1683 1625 1738 sire
1645 1681 1771 1738 intestato
1791 1683 1913 1738 decesse-

1106 1755 1121 1804 2
1156 1755 1226 1804 runt.
1249 1747 1329 1802 Eius
1346 1747 1425 1814 bona,
1444 1749 1490 1818 qui
1507 1749 1558 1804 sibi
1574 1755 1685 1804 mortem
1703 1751 1839 1818 conscivit,
1858 1767 1913 1806 non

1106 1825 1169 1872 ante
1192 1817 1226 1872 ad
1250 1815 1346 1870 fiscum
1370 1825 1515 1886 coguntur,
1546 1833 1626 1886 quam
1652 1819 1726 1886 prius
1755 1819 1913 1886 constiterit,

1106 1885 1182 1942 cuius
1200 1883 1317 1940 criminis
1334 1885 1421 1952 gratia
1437 1899 1531 1940 manus
1545 1885 1597 1940 sibi
1609 1885 1735 1938 intulerit.
1760 1887 1816 1940 eius
1832 1887 1913 1952 bona,

1106 1953 1151 2022 qui
1169 1953 1219 2008 sibi
1237 1953 1272 2008 ob
1289 1951 1398 2020 aliquod
1412 1951 1556 2008 admissum
1571 1951 1701 2020 flagitium
1718 1959 1830 2008 mortem
1849 1969 1914 2010 con-

1106 2021 1182 2076 scivit
1205 2027 1231 2074 et
1252 2035 1347 2074 manus
1370 2019 1472 2086 intulit,
1493 2019 1560 2074 fisco
1589 2019 1768 2074 medicantur:
1796 2021 1914 2089 quodsi

1105 2089 1149 2142 ιιι9
1172 2089 1260 2154 taedio
1283 2089 1354 2144 uitae
1378 2095 1425 2140 aut
1448 2087 1550 2156 pudore
1568 2087 1637 2140 aeris
1655 2087 1735 2140 aliem
1751 2087 1792 2142 uel
1809 2089 1912 2142 valetu-

1106 2155 1173 2212 dinis
1187 2157 1300 2212 alicuius
1315 2155 1472 2224 inpatientia
1487 2155 1601 2220 admisit,
1618 2173 1672 2208 non
1684 2155 1912 2224 inquietabuntur,

1106 2229 1120 2278 3
1156 2225 1203 2278 sed
1220 2241 1286 2280 suae
1293 2227 1314 2258 ¹⁰
1337 2223 1502 2280 successioni
1523 2223 1716 2290 relinquuntur.
1751 2223 1776 2276 A
1793 2221 1914 2278 debitore

1105 2293 1193 2348 iisci¹¹
1214 2293 1243 2348 in
1266 2293 1389 2348 fraudem
1412 2293 1489 2348 datas
1511 2291 1646 2346 libertates
1673 2291 1775 2344 retrahi
1796 2293 1911 2360 placuit:

1104 2377 1170 2416 sane
1187 2361 1275 2430 ipsum
1291 2361 1329 2416 ita
1346 2363 1381 2416 ab
1400 2361 1452 2416 alio
1470 2375 1557 2416 emere
1574 2357 1746 2428 mancipium,
1770 2365 1802 2410 ιιι
1818 2373 1913 2412 manu·

1104 2431 1204 2496 mittat,
1226 2447 1281 2484 nou
1298 2435 1339 2486 est
1354 2429 1531 2498 prohibitum:
1556 2443 1617 2496 ergo
1636 2433 1700 2482 tunc
1718 2431 1746 2480 et
1761 2425 1911 2482 libertatem

1105 2503 1121 2552 4
1155 2503 1292 2568 praestare
1310 2499 1396 2568 possit
1403 2499 1431 2552 ¹².
1458 2497 1502 2552 Ex
1518 2495 1560 2552 his
1577 2497 1662 2560 bonis,
1681 2509 1750 2562 quae
1766 2495 1801 2548 ad
1818 2495 1913 2548 fiscum

1105 2565 1194 2622 delata
1211 2573 1282 2632 sunt,
1300 2567 1476 2622 iustrumenta
1492 2567 1534 2622 rel
1552 2563 1736 2634 chirographa,
1754 2569 1815 2620 acta
1832 2563 1913 2618 etiam

1104 2635 1140 2690 ad
1155 2637 1196 2690 ius
1222 2637 1386 2704 privatorum
1408 2635 1569 2704 pertinentia
1591 2633 1694 2688 restitui
1715 2633 1914 2704 postulantibus

1105 2707 1119 2756 5
1157 2703 1285 2758 convenit.
1321 2705 1415 2774 Neque
1432 2703 1607 2758 instrumenta
1627 2717 1713 2770 neque
1733 2707 1795 2756 aeta
1812 2717 1829 2754 a
1847 2717 1914 2770 quo-

1106 2777 1120 2824 6
1155 2787 1234 2840 quam
1259 2771 1385 2826 adversus
1409 2771 1504 2826 fiscum
1525 2771 1569 2824 edi
1592 2787 1608 2824 o
1628 2775 1704 2824 ortet.
1738 2769 1801 2838 Ipse
1823 2775 1912 2824 autem

1105 2839 1186 2892 fiscus
1205 2845 1326 2892 actorum
1343 2855 1452 2894 suorum
1471 2839 1591 2908 exempla
1607 2787 1659 2892 Hac
1677 2837 1832 2892 condicione
1850 2837 1913 2902 edit,

1104 2911 1136 2958 ut
1157 2905 1194 2968 is,
1219 2905 1263 2960 cui
1283 2905 1449 2962 describendi
1471 2905 1503 2960 fit
1523 2911 1658 2974 potestas,
1682 2905 1808 2960 adsersus
1826 2919 1855 2958 se
1872 2907 1914 2960 rel

1105 2973 1314 3040 rempublicam
1335 2975 1378 3028 liis
1396 2973 1462 3028 actis
1481 2975 1543 3028 ne¹³
1565 2979 1671 3028 utatur:
1694 2971 1798 3042 dequo
1817 2989 1912 3028 carere

1106 3041 1280 3110 compellitur,
1298 3047 1341 3106 ut,
1361 3043 1466 3096 sinsus
1483 3043 1506 3096 is
1524 3049 1619 3096 contra
1635 3041 1804 3096 interdictum
1821 3041 1912 3106 fuerit,

1106 3115 1119 3160 t
1157 3123 1239 3164 causa
1257 3109 1344 3164 cadat.
1379 3109 1506 3178 Quotiens
1523 3109 1596 3178 apud
1611 3109 1705 3164 fiscum
1722 3109 1818 3178 agitur,
1838 3115 1914 3164 acto·

1105 3193 1165 3230 rum
1181 3181 1301 3244 potestas
1318 3177 1479 3244 postulanda
1496 3181 1550 3244 est,
1568 3183 1599 3230 ut
1615 3177 1708 3232 merito
1725 3175 1748 3230 is
1766 3177 1806 3232 uti
1823 3177 1912 3244 liceat,

1106 3259 1189 3312 eaque
1205 3259 1287 3298 manu
1305 3245 1548 3298 commentariensis
1565 3243 1719 3300 adnotanda
1736 3251 1806 3298 sunt.
1841 3247 1914 3314 quod

1106 3311 1129 3364 si
1151 3327 1182 3364 ea
1205 3311 1282 3364 aliter
1299 3311 1481 3380 proferantur,
1504 3313 1527 3366 is
1545 3313 1644 3382 quiite
1667 3313 1809 3380 protulerit
1830 3329 1913 3366 causa

1106 3383 1122 3430 8
1157 3379 1236 3432 cadit.
1265 3377 1390 3444 Quotiens
1407 3379 1503 3432 iterum
1520 3379 1592 3448 apud
1608 3379 1702 3432 fiscum
1719 3379 1810 3434 eodem
1829 3397 1913 3434 causa

1106 3451 1245 3510 tractatur,
1263 3445 1383 3514 priorum
1396 3451 1525 3510 sotorum,
1544 3461 1657 3512 quorum
1670 3463 1735 3502 uiue
1752 3463 1806 3502 non
1822 3447 1914 3502 iuerat

1106 3517 1122 3564 tl
1156 3513 1317 3580 postulatus,
1335 3529 1368 3568 eir
1385 3511 1474 3566 officio
1491 3513 1613 3568 recitatio
1628 3513 1686 3568 iure
1702 3519 1837 3582 poscetur.
1862 3515 1914 3582 Qui

1106 3595 1155 3646 pro
1173 3579 1225 3632 alio
1244 3595 1261 3634 a
1277 3579 1343 3634 fisco
1359 3585 1504 3634 conuentus
1523 3581 1640 3634 debitum
1655 3581 1771 3648 exsolvit,
1790 3597 1844 3634 non
1860 3583 1912 3634 ini-

1107 3661 1158 3712 que
1178 3647 1297 3714 postulat
1317 3647 1530 3716 persecutionem
1552 3649 1681 3702 bonorum
1706 3649 1762 3702 eius
1784 3665 1833 3718 pro
1876 3665 1911 3702 uo

1106 3713 1197 3768 solvit:
1225 3715 1254 3766 in
1282 3729 1334 3780 quo
1363 3715 1441 3768 etiam
1470 3713 1590 3768 adiurmi
1616 3731 1665 3784 per
1691 3715 1807 3770 officium
1835 3667 1910 3770 soiet.

1109 3787 1139 3834 10
1173 3781 1323 3836 Fiscalibus
1348 3781 1512 3838 debitoribus
1533 3783 1685 3850 petentibus
1703 3781 1737 3836 ad
1755 3799 1911 3852 comparan-

1107 3847 1168 3902 dam
1185 3847 1325 3916 pecuniam
1343 3847 1494 3902 dilationem
1511 3851 1602 3916 negari
1619 3865 1673 3902 non
1689 3849 1799 3918 placuit.
1835 3851 1911 3906 citius

1106 3917 1145 3970 rei
1161 3915 1311 3968 aestimatio
1333 3915 1372 3968 ita
1394 3915 1505 3970 arbitrio
1526 3915 1668 3970 iudicantis
1691 3917 1856 3980 conceditur,
1880 3923 1912 3968 ut

1105 3985 1134 4036 in
1151 3981 1295 4036 maioribus
1313 3981 1421 4036 summis
1437 3997 1492 4036 non
1508 3983 1569 4048 plus
1587 3997 1665 4050 quain
1682 3989 1737 4036 tres
1753 3999 1865 4046 menses,
1883 3985 1911 4036 in

1106 4048 1251 4102 minoribus
1277 4063 1339 4102 vero
1361 4063 1416 4102 non
1443 4049 1505 4118 plus
1534 4063 1613 4118 quam
1640 4049 1692 4102 duo
1720 4055 1909 4116 prorogantur:

1105 4115 1256 4186 prolixioris
1283 4119 1373 4168 autem
1399 4115 1524 4186 temporis
1551 4117 1665 4196 spatium
1694 4117 1729 4168 ab
1751 4117 1912 4184 imperatore

1109 4189 1136 4236 11
1173 4181 1362 4252 postulandum
1391 4189 1438 4236 est.
1480 4183 1508 4236 Si
1534 4183 1688 4252 principalis
1715 4183 1753 4236 rei
1781 4185 1850 4238 bena
1877 4183 1911 4238 ad

1106 4251 1200 4306 fiscum
1226 4249 1350 4304 devoluta
1379 4251 1443 4316 sint,
1473 4249 1642 4306 fideiussores
1668 4249 1829 4304 liberantur:
1859 4251 1911 4304 nisi

1106 4319 1175 4372 forte
1191 4319 1278 4372 minus
1295 4317 1384 4372 idonei
1400 4319 1453 4372 sint
1470 4319 1525 4372 ειΜ
1542 4319 1570 4372 in
1586 4317 1716 4384 reliquum
1733 4333 1788 4370 non
1805 4317 1911 4372 exsolu-

1109 4391 1140 4438 12
1174 4391 1218 4438 tae
1232 4385 1389 4454 quantitatis
1406 4385 1574 4440 accesserint.
1601 4385 1629 4438 st
1644 4385 1703 4454 plus
1718 4389 1851 4438 servatum
1869 4389 1911 4438 est

1107 4469 1141 4508 ex
1163 4453 1239 4508 bonis
1263 4453 1391 4506 debitoris
1409 4469 1426 4506 a
1442 4453 1507 4508 fisco
1526 4453 1671 4514 distractis,
1693 4451 1750 4504 iure
1767 4467 1799 4504 ac
1817 4453 1909 4504 aierito

1110 4525 1140 4574 13
1174 4521 1278 4576 restitui
1300 4521 1459 4588 postulatur.
1493 4519 1647 4574 (tonduntur
1670 4535 1702 4572 ex
1724 4519 1806 4572 fundo
1823 4519 1909 4576 fiscali

1108 4587 1173 4642 nihil
1190 4589 1335 4642 transferre
1343 4591 1365 4622 ²⁵
1381 4593 1471 4656 potest
1487 4603 1537 4642 nec
1555 4587 1674 4654 cupressi
1691 4587 1829 4640 materiam
1846 4601 1909 4640 ven·

1109 4657 1170 4710 dere
1187 4657 1227 4710 ιει
1245 4657 1330 4710 oliuae
1347 4671 1401 4708 non
1418 4655 1569 4710 substitutis
1586 4655 1645 4708 aliis
1661 4659 1813 4722 ceterasque
1831 4655 1909 4708 arbo-

1108 4741 1149 4778 res
1166 4723 1310 4792 pomiferas
1328 4723 1450 4778 caedere:
1469 4729 1496 4776 et
1511 4721 1585 4774 facta
1602 4723 1658 4776 eius
1675 4723 1714 4776 rei
1728 4723 1909 4776 aestimatione

1110 4797 1140 4846 14
1174 4791 1202 4844 iii
1232 4791 1408 4860 quadruplum
1436 4789 1599 4846 convenitur.
1643 4789 1791 4844 Minoribus
1818 4789 1908 4858 viginti

1109 4861 1222 4928 quinque
1239 4859 1317 4912 annis
1333 4873 1418 4930 neque
1434 4857 1533 4912 fundus
1546 4873 1632 4926 neque
1644 4857 1781 4926 vectigalia
1793 4857 1908 4914 locanda

1109 4933 1170 4984 sunt
1195 4945 1230 4982 ne
1247 4927 1374 4982 adversus
1391 4943 1423 4982 ea
1439 4927 1569 4984 beneficio
1586 4927 1680 4980 aetatis
1698 4933 1814 4982 utantur.

259 5001 269 5048 i
306 4999 351 5050 oui
372 4997 601 5052 fideicommissum
623 5003 681 5054 erat
706 4999 837 5052 relictum.
878 4999 947 5066 Quia
968 5005 1058 5054 autem
1143 4969 1182 5054 ad
1199 4995 1455 5050 anonomastos
1470 4995 1536 5050 libro
1553 5003 1630 5050 serto
1649 4997 1715 5050 r'arr's
1731 4997 1907 5068 epitameron:

257 5065 377 5118 nonnulli
402 5065 498 5130 ingrati
525 5065 650 5120 adversus
683 5065 840 5120 beneficium
868 5065 920 5120 diii
949 5067 1058 5122 Traiani
1108 5065 1236 5118 Aufertur
1253 5065 1277 5118 ei
1295 5065 1371 5134 quasi
1386 5063 1491 5130 indigno
1509 5063 1655 5128 successio,
1679 5065 1731 5132 qui,
1754 5081 1812 5120 cum
1830 5065 1907 5120 heres

257 5137 317 5194 post
343 5131 534 5200 professionem
561 5149 665 5202 quoque
689 5133 723 5188 de
746 5137 828 5188 tacito
854 5131 1056 5188 fideicommissa
1107 5133 1244 5188 institutus
1261 5131 1468 5196 assantibus,
1486 5137 1673 5200 postmortem
1691 5131 1753 5200 eius,
1772 5131 1816 5202 qui
1830 5139 1908 5200 pater

258 5195 357 5252 factam
380 5215 440 5254 cuni
463 5199 660 5268 possessoribus
683 5201 834 5268 transigunt
863 5205 942 5270 atque
971 5203 1057 5258 tribus
1113 5207 1124 5254 l
1160 5201 1305 5266 dicebatur,
1323 5201 1476 5270 suppositus
1494 5199 1643 5254 declaratus
1660 5207 1708 5254 est.
1740 5201 1791 5270 Qui
1808 5201 1908 5272 aliquid

257 5263 350 5320 edieds
366 5269 469 5322 evocati
489 5281 543 5322 non
558 5267 732 5334 respondent,
755 5269 855 5338 placuit
876 5269 981 5324 senatui
997 5275 1057 5324 tan-
1109 5271 1195 5326 sciens
1211 5269 1240 5324 in
1256 5269 1377 5324 fraudem
1392 5269 1450 5324 fisci
1467 5269 1595 5338 suscepit,
1616 5287 1670 5324 non
1687 5271 1770 5326 solum
1787 5285 1856 5338 reni,
1879 5269 1906 5324 in

258 5435 377 5512 (1)th
431 5439 463 5500 (a)
481 5441 634 5504 requiruntur
643 5439 720 5490 tolio.-
737 5433 872 5504 quaeritur,
881 5443 967 5490 utrum
975 5439 1057 5490 nihilo
1109 5443 1155 5504 (tt)
1173 5441 1491 5506 suae]ordina1iaePaalus
1553 5443 1595 5508 (ll)
1612 5441 1689 5494 fieta*
1747 5443 1790 5506 (ιι)
1808 5443 1896 5494 Aleti

258 5511 336 5574 {nugis
342 5503 491 5580 iphibendae
499 5505 550 5554 sint
557 5505 688 5572 petitiones
696 5505 846 5556 creditorum
857 5507 1014 5572 singulorum
1025 5523 1058 5558 an
1107 5511 1161 5560 tore
1172 5509 1226 5560 fisci
1289 5509 1390 5578 placuit.
1407 5525 1466 5560 sane
1474 5511 1554 5578 ipsum
1562 5513 1599 5562 ita
1607 5527 1692 5574 emere,
1703 5515 1732 5562 ut
1739 5513 1906 5574 manumittat,

258 5579 297 5614 tus
309 5567 363 5620 teor
375 5573 435 5622 ante
448 5573 621 5650 mordendum
633 5573 667 5624 sit
678 5575 868 5626 etsustinendae
876 5575 985 5626 ιειιοιιεε
994 5577 1058 5626 εειε-
1108 5581 1152 5628 aut
1160 5577 1368 5630 fideicommissam
1376 5577 1646 5648 libertatempraestare
1655 5581 1770 5644 (praestet
1779 5581 1842 5642 cod.)
1855 5595 1906 5630 non

259 5647 350 5716 remur·
434 5639 466 5704 (a)
482 5640 632 5692 tributorum
645 5661 693 5692 sor:
786 5647 818 5706 (t)
835 5641 1058 5710 posteabonaser.
1109 5647 1305 5726 estprobibitum
1314 5649 1522 5712 di.deinrefisei
1571 5651 1616 5716 (ie)
1633 5647 1752 5726 ultoria]f
1798 5647 1841 5712 (14)
1859 5647 1905 5698 mi·

260 5701 295 5818 iud}
304 5707 416 5840 §tigljft
432 5709 663 5840 diiiirgffirctiegeioF
695 5711 1062 5844 (8)(qlontitau‘alfdagi›iiitq'lai11⁴,7
1108 5713 1475 5786 narrasses(sinistrales.
1543 5719 1587 5782 (tt)
1606 5717 1733 5768 transferri
1744 5717 1780 5766 F²
