4366 6258
1002 397 1092 466 XVII
1614 415 1727 466 eousr.
1751 413 1868 466 ouran

225 579 298 640 ludos
314 597 434 640 exeruere
449 589 476 636 et
489 577 542 636 alia
554 577 664 636 erimina
676 577 717 636 vel
729 579 758 638 iu
770 587 842 652 ipsos
854 585 1020 664 professores
1070 583 1150 652 igitur
1171 585 1257 652 legum
1280 581 1425 640 doctrinam
1443 583 1480 638 eis
1499 579 1539 634 dei
1556 583 1746 662 gubernatione
1763 583 1868 638 tradere

225 653 263 706 rel
278 653 306 706 in
323 653 408 706 socios
425 667 488 706 suos
506 657 533 704 et
549 649 662 702 maxime
683 649 711 702 in
733 667 791 718 eos,
816 669 861 722 qm
884 651 963 706 rudes
987 651 1021 704 ad
1070 659 1098 706 et
1114 653 1182 704 mam
1199 655 1302 720 aperire
1320 669 1398 722 quam
1415 667 1464 706 nos
1480 649 1638 726 invemmus,
1656 655 1785 718 qnatenus
1801 649 1868 704 fiant

225 719 400 774 recitationem
411 717 496 786 legum
506 717 666 784 perveniunt,
677 725 838 786 perpetrare.
861 721 937 788 qrtis¹
953 719 1020 772 enim
1071 719 1163 786 optimi
1178 719 1295 776 iustitiae
1313 729 1339 774 et
1355 723 1393 774 rei
1410 721 1532 790 publicae
1548 715 1661 768 minrstri
1678 723 1704 772 et
1720 733 1767 772 vos
1784 719 1868 772 maxi-

225 787 297 840 nuos
315 801 331 838 a
350 787 429 856 pellet
445 799 498 848 eos,
517 783 662 852 exquibus
680 787 789 840 erimina
807 787 946 842 oriuntur?
968 785 1020 838 hoo
1070 801 1142 838 mum
1159 785 1239 838 decus
1255 787 1284 840 in
1301 803 1377 842 omne
1394 787 1528 842 saeculum
1542 787 1680 852 sequatur:
1700 785 1761 852 quia
1774 785 1867 838 restris

225 855 317 908 etenim
331 803 391 908 teri
407 853 481 906 nullo
494 851 613 932 patimur
630 853 717 918 modo,
735 853 783 910 sed
799 855 899 922 optimo
917 853 1021 906 ordini²
1070 853 1233 922 temporibus
1250 853 1311 908 talis
1328 855 1414 922 legum
1430 857 1537 910 inuenta
1553 857 1593 908 est
1610 851 1779 930 permutatio,
1820 867 1868 904 ua-

225 925 252 976 in
273 921 368 976 nostis
392 919 553 988 temporibus
576 925 603 974 et
625 919 696 976 hano
718 927 822 988 partem
842 919 971 974 tradimus
995 925 1021 972 et
1070 921 1122 974 lem
1140 925 1167 974 et
1183 919 1254 986 apud
1271 919 1431 976 Homereas
1448 929 1550 992 patrem
1567 935 1650 974 emme
1663 919 1770 998 'virtum
1787 869 1868 974 Glau-

225 993 279 1042 toto
304 993 410 1056 postero
432 985 654 1042 transmittimus³
677 989 798 1052 saeculo,
827 1005 887 1042 oum
916 991 1022 1056 oportet
1071 1003 1119 1042 ens
1140 991 1167 1042 et
1183 985 1325 1042 Diomedes
1346 989 1413 1042 iuter
1434 1007 1464 1046 se
1484 991 1593 1044 faciunt
1607 985 1743 1042 dissimilia
1764 1003 1868 1054 permu-

227 1061 255 1108 10
288 1055 360 1126 prius
374 1053 491 1108 animas*
509 1053 756 1122 etposteolingues
769 1055 827 1108 fieri
841 1055 966 1108 eruditos.
983 1053 1022 1108 Et
1071 1059 1174 1110 tentes:

225 1125 288 1178 haec
311 1123 397 1176 omnia
416 1121 444 1174 in
464 1121 516 1174 hat
533 1121 638 1190 quidem
653 1121 841 1176 florentissima
859 1123 966 1176 civitate
981 1123 1022 1174 vir
1144 1119 1240 1190 χρύσεα
1255 1117 1390 1184 χαλκείων,
1410 1123 1587 1192 snartapoffl
1604 1125 1767 1188 ἐννεαβοίων
1776 1123 1792 1172 ⁸.

226 1189 340 1244 excelsus
357 1189 508 1258 praefectus
526 1189 603 1242 bidus
622 1189 707 1240 almae
723 1189 798 1244 urbis
811 1195 866 1242 tarn
879 1189 1020 1244 obseruare
1071 1205 1139 1258 quae
1157 1189 1244 1244 omnia
1261 1189 1379 1256 optinere
1396 1193 1527 1246 sancimus
1550 1191 1579 1246 in
1600 1205 1677 1244 omne
1694 1189 1811 1252 aevumi,
1835 1191 1869 1242 ab

226 1273 300 1324 quam
320 1255 465 1318 uindicare,
491 1257 573 1324 prout
599 1255 689 1310 delicti
716 1261 771 1310 tam
795 1257 919 1312 iuvenum
943 1273 1020 1324 quam
1070 1257 1192 1312 omnibus
1214 1261 1269 1308 tam
1289 1255 1485 1324 professoribus
1507 1273 1587 1326 quam
1602 1259 1689 1324 legum
1706 1255 1869 1310 auditoribus

225 1325 379 1390 scriptorum
401 1321 514 1390 qualitas
531 1321 659 1390 exegerit,
683 1327 763 1378 turae
779 1325 901 1378 habebit:
924 1325 951 1378 in
968 1325 1020 1376 Be·
1071 1327 1099 1378 et
1120 1323 1234 1378 librariis
1258 1321 1371 1390 stipsis
1394 1327 1420 1376 et
1439 1323 1571 1378 iuditibus
1593 1323 1765 1378 obseruanda.
1799 1323 1871 1378 Data

225 1391 495 1456 rytiensiumautem⁵
515 1391 691 1444 civitatatem
707 1391 747 1444 vir
764 1391 926 1446 clarissimus
943 1405 1020 1458 prae·
1071 1391 1183 1458 septimo
1211 1391 1311 1444 decimo
1334 1387 1462 1444 kalendas
1483 1391 1621 1446 manerias
1644 1393 1872 1460 Constantinopoli

224 1471 263 1514 ses
283 1455 413 1510 Poenicae
437 1457 584 1510 maritimae
610 1471 689 1524 quam
711 1457 878 1512 beatissimus
903 1457 1020 1510 duedem
1071 1459 1176 1512 domino
1193 1463 1286 1512 nostro
1302 1459 1449 1512 Iustiniano
1466 1461 1594 1526 perpetuo
1611 1461 1732 1528 Angusto
1749 1467 1790 1514 ter
1807 1477 1871 1514 eon-

227 1527 251 1576 tt
287 1521 399 1576 civitatis
412 1523 552 1594 episeopus
567 1527 594 1578 et
605 1523 693 1590 legum
707 1523 880 1590 professores.
907 1525 1020 1594 Incipite
1070 1525 1166 1582 sule¹⁰.

224 1693 251 1754 (1)
269 1687 363 1752 quida
416 1693 449 1754 (a)
467 1691 672 1756 optimodiniF'
701 1669 738 1756 (3)
755 1695 963 1744 transmittimus
975 1697 1020 1758 ΕΙ,
1072 1711 1147 1746 aurea
1157 1695 1264 1762 abeneis,
1283 1695 1381 1746 eentum
1397 1693 1473 1746 boum
1485 1695 1566 1762 pretio
1584 1693 1712 1744 aestimata
1728 1711 1785 1746 enm
1800 1699 1872 1750 aesti-

225 1757 485 1808 trarrsmittitunmsF8
568 1761 600 1824 (4)
618 1759 771 1812 enimossor.
853 1765 885 1828 (a)
903 1765 987 1812 antem
1001 1765 1027 1814 F
1070 1765 1144 1814 matis
1160 1765 1241 1814 bubus
1256 1779 1345 1816 norem
1429 1767 1463 1828 (a)
1480 1777 1625 1814 omnaevnm
1639 1763 1665 1812 F
1745 1765 1872 1830 (10)onno

225 1827 255 1888 (6)
272 1823 300 1874 Π.
314 1827 388 1888 istst
464 1827 496 1892 (t)
515 1819 671 1894 ἑκατόμβοι’
683 1829 803 1882 Homerus
879 1835 912 1894 (8)
932 1833 1020 1882 idest:
1067 1851 1096 1904 p.
1112 1831 1167 1884 dtr.
1179 1843 1219 1884 tta
1232 1833 1293 1884 Der.
1305 1843 1331 1884 tt
1831 1859 1833 1864 ’
