4366 6258
271 355 358 422 VlllI
380 361 399 424 2

303 541 357 600 111
388 545 531 602 Uarianos
557 545 626 600 libro
656 549 749 600 001000
773 543 875 602 deciam
897 543 1071 600 adralistum

267 613 332 666 ltem
349 613 421 668 Mela
438 613 537 676 scribit,
556 613 587 676 si,
606 629 667 666 cum
683 613 739 682 pila
756 613 863 684 quidam
879 613 1009 680 luderent,
1026 629 1070 668 ve-

267 681 414 736 hementius
431 681 489 748 quis
507 681 561 750 pila
578 697 707 748 percussa
722 683 751 736 in
767 681 882 736 tonsoris
899 697 995 736 manns
1013 697 1072 736 eam

267 749 391 802 deiecerit
408 755 434 802 et
452 749 489 802 sic
512 749 595 812 servi,
619 763 699 816 quem
721 755 814 806 tonsor
836 748 985 814 habebatl,
1009 751 1072 818 gula

267 817 301 868 sit
317 815 438 884 praecisa
461 817 584 868 θ111θοῖο3
605 817 727 870 cultello:
750 817 779 870 in
796 831 963 886 quocumque
980 833 1071 870 eorum

267 883 345 952 culpa
360 883 404 946 sit,
422 899 481 936 cum
497 883 553 950 lege
570 883 676 952 Aquilia
692 883 783 938 teneri.
818 883 948 938 Proculus
965 885 994 938 in
1010 889 1071 938 ton·

267 967 326 1004 sore
350 963 408 1004 esse
431 949 548 1018 culpam:
576 957 603 1004 et
626 967 691 1004 sane
713 953 735 1006 si
757 951 792 1006 ibi
809 949 951 1016 tondebat,
976 951 1023 1006 ubi
1040 967 1073 1006 ex

267 1017 456 1072 consuetudine
464 1017 606 1072 ludebatur
614 1017 654 1072 vel
666 1019 713 1074 ubi
725 1019 853 1072 transitus
867 1017 991 1086 frequens
1007 1025 1072 1084 erat,

267 1093 307 1138 est
324 1087 394 1154 quod
411 1085 435 1138 ei
452 1085 606 1152 imputetur:
632 1087 751 1156 quamvis
774 1101 823 1138 nec
845 1085 930 1138 illnd⁴
947 1087 1016 1138 male
1034 1087 1071 1138 di-

268 1159 357 1216 catur,
379 1153 404 1204 si
425 1153 454 1204 in
476 1153 534 1206 loco
559 1153 709 1222 periculoso
734 1153 825 1208 seham
842 1153 951 1208 habenti
970 1153 1072 1208 tonsori

269 1225 278 1272 1
317 1237 346 1276 se
361 1221 419 1288 quis
437 1221 603 1286 commiserit,
620 1221 708 1290 ipsum
726 1223 759 1276 de
776 1237 804 1276 se
822 1221 897 1290 queri
914 1221 1017 1276 debere.
1045 1221 1073 1274 Si

266 1289 333 1342 alius
349 1289 442 1352 tenuit,
461 1289 528 1342 alius
545 1289 685 1354 interemit,
704 1291 726 1342 is
745 1291 789 1356 qui
806 1291 899 1354 tenant,
918 1289 995 1358 quasi
1008 1303 1071 1342 cau-

267 1361 281 1408 1
317 1371 372 1410 sam
382 1357 473 1408 mortis
482 1357 611 1424 praebuit,
621 1357 757 1410 infactum
766 1357 870 1410 actione
879 1363 991 1410 tenetur.
1019 1357 1073 1408 Sed

267 1423 289 1476 si
312 1423 401 1490 plures
424 1439 527 1476 servum
550 1425 744 1492 percusserint,
770 1429 859 1476 utrum
883 1441 973 1478 omnes
997 1423 1073 1492 quasi

266 1489 411 1544 occiderint
432 1495 585 1556 teneantur,
611 1493 755 1546 videamus.
782 1495 808 1542 et
826 1491 849 1544 si
884 1491 972 1544 uidem
989 1507 1071 1558 appa-

266 1563 307 1610 ret
325 1559 399 1612 cuins
416 1557 471 1612 ictu
489 1559 610 1626 perierit,
634 1561 678 1612 ille
701 1557 777 1628 quasi
802 1507 929 1612 occiderit
951 1563 1071 1612 tenetur:

266 1625 336 1694 quod
354 1627 376 1678 si
393 1641 447 1678 non
465 1633 590 1696 apparet,
617 1641 708 1680 omncs
731 1625 807 1694 quasi
825 1625 971 1680 occiderint
987 1627 1073 1678 teneri

266 1693 384 1748 Iulianus
404 1695 453 1758 ait,
473 1701 499 1748 et
516 1697 539 1748 si
556 1711 617 1748 cum
635 1711 687 1748 uno
706 1699 814 1762 agatur,
839 1695 919 1748 ceteri
936 1711 990 1748 non
1006 1693 1071 1748 libe-

266 1767 373 1816 rantur:
401 1779 462 1816 nam
488 1777 520 1816 er
542 1763 599 1828 lege
620 1761 729 1830 Aquilia
752 1761 823 1830 qood
845 1761 913 1816 alius
931 1761 1071 1830 praestitit,

267 1835 282 1884 3
317 1831 398 1884 aliurn
414 1847 468 1884 non
485 1831 591 1894 relevat,
611 1845 670 1882 curn
688 1829 723 1882 sit
739 1843 833 1896 poena,
868 1829 960 1882 Celsus
972 1829 1071 1894 scribit,

266 1897 289 1952 si
306 1898 372 1952 alius
390 1897 523 1950 mortifero
547 1897 672 1950 vulnere⁵
688 1897 863 1962 percusserit,
888 1897 955 1950 ahos
978 1903 1073 1966 postea

266 1965 464 2026 exanimaverit,
488 1963 602 2032 priorem
625 1963 731 2032 quidem
754 1981 808 2018 non
831 1965 915 2016 teneri
933 1965 1009 2032 quasi
1026 1981 1072 2018 oc-

266 2031 372 2096 ciderit,
396 2029 442 2084 sed
459 2029 535 2098 quasi
551 2029 741 2096 vulneraverit,
765 2031 827 2098 quia
845 2047 878 2084 ex
895 2031 948 2086 alio
965 2031 1073 2086 vulnere

265 2099 350 2168 periit,
368 2099 539 2166 posteriorem
555 2099 648 2162 teneri,
667 2097 729 2164 qnia
747 2097 852 2152 occidit.
895 2099 1071 2152 101011101-

265 2173 281 2220 t
317 2167 381 2220 cebo
398 2165 501 2220 videtur
518 2171 544 2218 et
562 2171 602 2218 cst
618 2167 790 2234 probabilius.
819 2165 846 2220 Si
863 2117 953 2236 piures
970 2167 1073 2222 trabem

266 2233 408 2290 deiecerint
425 2239 452 2288 et
468 2233 599 2288 homiuem
617 2235 810 2302 oppresserint,
835 2251 918 2302 aeque
934 2235 1073 2300 'veteribus

266 2307 280 2356 5
315 2303 404 2372 placet
420 2319 510 2358 omnes
527 2303 584 2370 lege
600 2301 709 2370 Aquilia
731 2303 822 2356 teneri.
857 2303 924 2356 item
948 2319 1008 2356 cnm
1032 2319 1072 2368 eo,

265 2371 310 2492 pul
327 2387 419 2424 canem
436 2371 584 2424 irritaverat
600 2377 626 2424 et
650 2371 788 2434 effecerat,
812 2377 843 2424 ut
864 2371 978 2440 aliquem
1002 2387 1072 2424 mor·

285 2443 353 2502 eret,
377 2441 492 2508 quamvis
512 2455 570 2494 curn
588 2455 642 2492 non
659 2439 759 2504 tenuit,
782 2439 912 2494 Proculus
936 2439 1074 2508 respondit

265 2507 386 2576 Aquiliae
412 2509 541 2562 actionem
568 2521 639 2560 esse:
666 2507 714 2560 sed
736 2507 855 2560 Iulianus
882 2523 943 2560 eum
967 2507 1073 2560 demum

265 2575 370 2642 Aquffia
395 2575 478 2628 teneri
503 2575 554 2638 ait,
581 2575 626 2642 qni
650 2575 735 2628 tenuit
759 2581 784 2630 et
808 2575 894 2628 effecit
910 2581 942 2628 ut
959 2575 992 2628 ali
1012 2591 1072 2628 uem

265 2641 411 2696 morderet:
430 2649 545 2696 ceterum
563 2641 585 2696 si
602 2659 656 2696 non
672 2643 768 2708 tenuit,
785 2641 923 2696 infactum
933 2593 1071 2710 ngenium.

266 2713 281 2764 6
316 2711 395 2778 Legis
413 2715 501 2764 autem
518 2711 640 2778 Aquiliae
657 2711 727 2764 actio
746 2725 790 2764 cro
810 2711 943 2780 competit,
960 2713 1013 2764 hoc
1031 2715 1073 2764 est

266 2781 280 2828 'l
316 2777 429 2832 domino.
465 2779 492 2830 Si
509 2779 537 2830 in
554 2793 585 2832 co
602 2777 717 2842 homine,
736 2793 813 2846 quem
831 2779 1072 2832 tibircdhibitnrus

266 2859 358 2908 essem,
377 2845 500 2898 damnum
515 2845 612 2898 iniuria
626 2845 719 2898 datum
728 2849 805 2908 essct,
824 2845 942 2898 Iulianus
958 2845 996 2896 ait
1007 2845 1072 2914 legis

265 2911 386 2980 Aquiliae
404 2913 534 2966 actionem
551 2913 614 2966 milri
632 2917 781 2980 competere
798 2927 906 2980 meque,
933 2929 993 2966 com
1011 2929 1071 2966 coe·

266 2983 281 3034 8
315 2995 378 3048 pero
404 2981 554 3044 redhibere,
578 2981 627 3034 tibi
644 2981 835 3034 restituturum.
872 2979 924 3034 Sed
941 2981 963 3034 si
980 2995 1071 3034 servus

264 3047 396 3102 bonafide
410 3049 488 3102 alicui
503 3049 605 3112 serviat,
620 3065 656 3100 an
671 3049 695 3100 ei
710 3049 837 3118 competit
844 3049 966 3116 Aquiliae
981 3049 1072 3100 actio?

266 3121 280 3170 e
316 3121 342 3168 et
359 3117 441 3184 magis
457 3117 486 3170 in
502 3115 603 3170 factum
620 3117 692 3170 actio
717 3117 766 3170 erit
789 3115 885 3170 danda.
921 3115 1005 3180 Eum,
1029 3115 1072 3170 cui

264 3185 420 3238 vestimenta
437 3185 603 3238 commodata
614 3191 685 3250 sunt,
704 3201 759 3238 non
772 3199 861 3254 posse,
880 3185 902 3238 si
917 3185 1001 3238 scissa
1013 3183 1072 3238 fue-

263 3253 325 3316 rint,
343 3251 400 3320 lege
414 3253 519 3320 Aquilia
536 3269 613 3322 agere
630 3251 749 3306 Iulianus
767 3253 812 3316 ait,
830 3253 878 3306 sed
893 3251 998 3306 domino
1014 3267 1072 3304 eam

266 3325 297 3372 to
333 3325 489 3388 competere.
533 3323 576 3374 An
601 3319 765 3374 fructuarius
790 3321 832 3374 vel
856 3319 981 3374 usnamus
1008 3321 1071 3388 legis

263 3387 386 3454 Aquiliae
404 3389 533 3442 achonem
549 3389 674 3454 haberet,
697 3389 817 3442 Iulianus
834 3393 948 3442 tractat:
973 3395 999 3442 et
1025 3403 1071 3456 ego

264 3461 329 3524 puto
347 3455 440 3508 melius
458 3457 521 3508 utile
537 3457 663 3508 indicium
681 3457 782 3510 01111θο
800 3473 883 3510 cansa
900 3457 1025 3510 dandum.

302 3519 561 3578 12Ρ10111ε11110
585 3523 687 3576 11001100
705 3523 742 3576 ad
758 3523 888 3576 Sabinum
922 3522 975 3576 Sed
1000 3529 1026 3576 ct
1050 3523 1074 3576 si

264 3589 432 3656 proprietatis
443 3589 561 3642 dominus
571 3589 747 3642 vulneraverit
763 3605 867 3642 servum
881 3591 922 3644 vel
938 3589 1072 3652 occiderit,

263 3657 361 3724 inquo
384 3671 449 3710 usus
472 3655 574 3710 fructus
598 3671 672 3710 meus
695 3663 749 3720 est,
776 3655 863 3710 danda
889 3663 929 3710 est
951 3657 1015 3710 mihi
1037 3657 1073 3710 ad

265 3723 413 3792 exemplum
428 3723 492 3792 legis
508 3723 630 3790 Aquiliae
653 3725 723 3778 actio
746 3725 774 3778 in
797 3739 856 3778 eum
878 3739 926 3794 pro
950 3725 1074 3792 portione

264 3807 329 3844 usus
347 3791 458 3856 fructur,
477 3797 505 3844 nt
523 3793 600 3844 etiam
618 3807 651 3844 ca
686 3807 730 3846 ars
745 3793 807 3844 anni
821 3793 849 3844 in
864 3793 1073 3846 aestimationem

264 3859 361 3924 veniat,
380 3875 432 3928 qna
449 3859 564 3914 nondum
582 3875 647 3914 osus
664 3809 768 3914 iiuctus
785 3877 859 3914 meus
877 3861 936 3914 fuit.

300 3925 337 3986 13
362 3927 505 3982 [iteramus
517 3927 966 3984 11100010001001000101101011
992 3929 1074 3982 Liber

264 3997 343 4050 homo
368 4013 415 4050 suo
438 3997 543 4048 nomine
564 3997 657 4050 utilem
679 3995 801 4064 Aquiliae
823 3997 905 4050 habet
926 3997 1072 4050 actionem:

266 4063 392 4118 directam
410 4063 478 4118 enim
500 4063 671 4128 nonhabet,
698 4063 822 4132 quoniam
846 4063 967 4120 dominus
991 4081 1073 4118 mem-

265 4133 373 4186 brorum
389 4147 497 4186 suorum
515 4147 590 4186 nemo
608 4133 719 4186 videtur.
745 4131 848 4198 fugitivi
862 4137 951 4186 antem
966 4133 1074 4186 nornine

267 4207 278 4250 t
316 4201 437 4254 dominus
464 4201 550 4252 habet.
586 4201 704 4254 lulianus
728 4199 834 4264 scribit,
859 4201 882 4252 si
904 4201 982 4254 homo
1006 4200 1074 4252 liber

264 4267 336 4322 bona
349 4267 401 4322 tide
416 4267 478 4320 mihi
492 4267 596 4332 serviat,
613 4267 702 4336 ipsum
715 4267 771 4336 lege
782 4267 889 4336 Aquilia
902 4269 966 4320 mihi
979 4269 1071 4320 teneri.

265 4339 280 4390 2
315 4335 344 4390 Si
361 4351 450 4390 servus
467 4335 642 4392 hereditarius
666 4335 818 4400 occidatur,
841 4337 990 4402 quaeritur,
1013 4337 1072 4404 quis

264 4405 390 4474 Aquiliai
409 4409 483 4472 agat,
507 4421 567 4458 cum
591 4403 712 4458 dominus
735 4405 824 4456 nullus
846 4403 881 4456 sit
898 4405 977 4458 huius
995 4405 1071 4458 servi.

265 4479 292 4528 et
314 4473 353 4526 ait
376 4471 467 4526 Celsus
496 4471 579 4540 legem
602 4471 708 4526 domino
731 4471 827 4524 damna
849 4471 923 4524 salva
946 4487 1005 4528 esse
1025 4489 1071 4526 vo-

264 4541 359 4596 luisse:
392 4539 512 4594 dominus
538 4541 619 4608 crgo⁷
644 4539 779 4594 hereditas
803 4539 954 4594 habebitur.
990 4555 1073 4608 quare

266 4613 281 4664 3
317 4609 390 4664 adita
407 4609 552 4662 hereditate
569 4609 645 4662 heres
662 4609 762 4688 poterit
779 4609 899 4678 experiri.
935 4607 963 4660 Si
981 4623 1073 4662 servus

263 4677 367 4746 legatus
384 4683 445 4746 post
462 4677 561 4730 aditam
577 4677 752 4730 hereditatem
769 4675 803 4732 sit
825 4675 942 4742 occisos,
966 4693 1072 4744 compe·

264 4753 321 4800 tere
337 4747 401 4814 legis
419 4745 540 4814 Aquiliae
557 4745 689 4798 actionem
711 4745 851 4812 legatario,
876 4743 898 4796 si
921 4747 994 4798 11011Β
1010 4751 1073 4812 post

264 4819 376 4868 mortem
394 4815 462 4868 servi
479 4813 602 4882 adgnovit
617 4813 747 4882 legatum:
773 4813 845 4882 quod
869 4811 892 4864 si
914 4813 1072 4882 repudiavit,

266 4897 429 4950 consequens
446 4897 502 4936 esse
517 4881 554 4934 ait
566 4881 684 4936 Iulianus
700 4879 795 4946 dicere,
809 4879 901 4934 heredi
914 4885 1071 4948 competere.

302 4947 341 5006 14
365 4949 570 5004 Pnunus‘b'bro
593 4949 736 5002 vicensimo
758 4947 875 5002 secundo
899 4947 937 5000 nd
958 4949 1073 5002 edictum

265 5017 318 5070 Sed
335 5017 358 5070 si
374 5019 431 5086 ipse
447 5019 524 5070 heres
542 5033 601 5070 eum
617 5017 758 5080 occiderit,
782 5017 883 5070 dictum
900 5021 941 5068 est
958 5015 1073 5070 dandam

264 5085 293 5138 in
311 5101 370 5138 enm
386 5085 512 5154 legatario
530 5087 669 5140 actionem.

301 5149 339 5210 15
363 5153 507 5206 Uarianos
519 5153 585 5208 labro
601 5157 693 5206 octono
709 5151 978 5206 decimoodedictrtm
1002 5149 1073 5206 Huic

265 5221 413 5290 scripturae
430 5237 509 5276 conse
528 5237 594 5276 usus
612 5227 652 5274 est
669 5221 769 5284 dicere,
786 5227 830 5286 ut,
853 5221 876 5274 si
893 5227 957 5272 ante
974 5219 1073 5272 aditam

264 5287 435 5342 hereditatem
453 5239 590 5344 occidatur
606 5289 710 5356 legatus
726 5305 831 5356 servus,
855 5289 927 5358 apud
949 5287 1074 5342 heredem

266 5461 296 5522 (ι)
316 5459 516 5518 sr=1urraaa
525 5461 547 5510 1.
558 5469 573 5508 r.
584 5461 599 5512 r.
609 5467 677 5518 ns:
792 5461 824 5524 (2)
842 5457 1073 5522 banchenrothe

267 5527 320 5576 cdd.
331 5545 382 5576 curn
390 5525 419 5576 B
554 5527 585 5590 (1)
603 5525 837 5590 praecisadicetoF,
848 5529 962 5592 praecisa
973 5527 1071 5578 deiecto

266 5593 305 5642 nel
311 5593 426 5656 praecisa
434 5591 531 5640 adiecto
542 5595 606 5658 dett,
617 5595 730 5656 praecisa
740 5595 829 5644 adacto
838 5599 891 5648 edd.
950 5595 981 5658 (4)
1000 5593 1073 5646 illum

267 5659 291 5708 F
356 5659 387 5722 (5)
406 5657 543 5708 vulneraF
603 5661 635 5722 (1)
655 5661 765 5722 aquiliae
773 5663 819 5712 FS
886 5665 917 5728 (1)
935 5665 1072 5726 erg01vero

265 5743 311 5774 acr.
389 5727 423 5788 (8)
440 5725 858 5794 non]sicFScamBrsultacveli
941 5731 973 5794 (9)
992 5735 1019 5778 at
1028 5751 1072 5782 om.

266 5789 305 5838 F¹
346 5791 390 5854 (10)
404 5803 463 5856 post
471 5791 597 5842 tenebitur
605 5797 663 5844 add.
673 5795 696 5842 si
705 5795 859 5846 coniunctim
869 5797 966 5858 duobus
974 5797 1073 5862 legetur

1064 349 1122 424 rat

1754 377 1800 424 11)
1816 367 1935 424 ’1110111

1121 547 1257 598 remaneat
1280 543 1403 614 Aquiliae
1425 541 1496 598 actio
1520 557 1569 610 per
1591 541 1766 598 hereditatem
1793 543 1932 610 adquisita.

1140 611 1194 666 nod
1211 611 1235 666 si
1256 613 1410 668 vulneratus
1433 613 1468 666 sit
1491 617 1553 664 ante
1575 613 1675 664 aditam
1698 611 1884 674 hereditatem,
1907 613 1934 664 in

1122 629 1269 734 hereditate
1286 679 1391 750 quidem
1409 681 1479 734 actio
1497 681 1640 746 remansit,
1664 679 1712 734 sed
1737 679 1831 734 cedere
1848 695 1881 732 ca
1897 679 1934 732 le-

1125 751 1136 802 1
1172 747 1274 814 gatario
1301 747 1424 802 heredem
1450 751 1563 816 oportet.
1609 747 1638 802 st
1663 763 1755 802 servus
1781 749 1935 802 vulneratus

1123 815 1257 868 mortifere
1282 821 1377 886 postea
1401 815 1479 868 ruina
1500 815 1542 868 vel
1565 817 1706 884 naufragio
1732 817 1774 870 vel
1800 817 1852 868 alio
1879 815 1935 868 ictu

1123 883 1252 938 maturius
1270 883 1386 952 perierit,
1406 883 1436 936 de
1454 883 1543 936 occiso
1563 883 1606 950 agi
1622 899 1677 936 non
1694 897 1782 950 posse,
1801 883 1848 936 sed
1859 883 1935 950 quasi

1124 949 1157 1004 de
1182 949 1335 1016 vrdnerato,
1361 949 1410 1004 sed
1430 951 1454 1004 si
1475 951 1655 1004 manumissus
1680 950 1722 1004 vel
1747 951 1878 1004 ahenatus
1903 965 1936 1002 ex

1123 1019 1230 1072 vulnere
1247 1019 1333 1086 periit,
1352 1019 1428 1084 quasi
1445 1017 1478 1072 de
1496 1017 1584 1072 occiso
1602 1019 1645 1084 agi
1662 1033 1740 1084 posse
1754 1019 1872 1072 Iulianos
1889 1017 1934 1072 ait.

1124 1087 1190 1138 baec
1207 1087 1316 1140 itatem
1334 1085 1419 1150 varic,
1445 1085 1507 1154 quia
1529 1099 1619 1140 verum
1645 1091 1686 1138 θεῖ
1709 1099 1769 1138 eum
1786 1101 1803 1140 a
1820 1091 1847 1138 te
1865 1085 1935 1138 occi-

1124 1169 1183 1208 sum
1199 1159 1263 1208 tnnc
1282 1169 1342 1208 cum
1358 1153 1531 1216 vulnerabas,
1556 1153 1627 1222 quod
1650 1157 1755 1206 mortuo
1781 1169 1812 1208 eo
1831 1153 1935 1206 demum

1124 1223 1260 1290 apparuit:
1285 1223 1331 1276 at9
1352 1219 1381 1274 in
1404 1221 1540 1288 superiore
1564 1237 1617 1276 non
1636 1227 1677 1276 cst
1693 1237 1775 1290 passa
1791 1221 1869 1276 ruina
1887 1237 1934 1288 ap-

1123 1305 1218 1356 parere
1240 1305 1275 1342 an
1298 1291 1332 1344 sit
1355 1289 1467 1342 occisus.
1495 1289 1542 1342 sed
1566 1289 1588 1342 si
1612 1291 1779 1344 vulneratum
1801 1289 1937 1342 mortifere

1123 1357 1237 1410 liberum
1254 1363 1281 1412 et
1297 1357 1421 1412 heredem
1439 1371 1496 1410 esse
1518 1357 1641 1422 iusseris,
1666 1357 1761 1410 deinde
1784 1357 1935 1422 decesserit,

1123 1423 1246 1478 heredem
1263 1425 1319 1480 eins
1337 1441 1415 1492 agere
1431 1423 1539 1492 Aquilia
1555 1441 1610 1478 non
1627 1439 1715 1492 posse,

1160 1487 1198 1546 16
1223 1491 1400 1546 Macerinus
1420 1491 1487 1546 libro
1511 1495 1609 1562 quarto
1632 1493 1788 1560 repuleram
1823 1491 1887 1558 quia
1907 1491 1935 1544 iu

1124 1573 1185 1612 enm
1202 1573 1294 1612 casnm
1310 1573 1354 1612 res
1371 1559 1503 1628 pervenit,
1528 1575 1545 1612 a
1562 1573 1614 1628 quo
1631 1559 1749 1628 incipere
1767 1573 1821 1612 non
1837 1563 1935 1626 potest.

1160 1621 1198 1680 17
1222 1623 1368 1678 Utrrnnrrs
1382 1627 1449 1680 libro
1468 1631 1561 1684 octavo
1580 1627 1682 1682 decimo
1700 1627 1737 1680 uti
1754 1625 1869 1680 edictum
1904 1625 1933 1678 Si

1124 1693 1245 1746 dominus
1263 1709 1368 1746 servum
1385 1709 1464 1748 suum
1481 1695 1621 1760 occiderit,
1646 1695 1732 1748 bonae
1748 1693 1812 1748 fidei
1828 1709 1935 1762 posses-

1124 1761 1179 1882 {otri
1194 1761 1237 1860 10)
1253 1761 1276 1814 ci
1290 1761 1335 1830 qui
1348 1761 1452 1828 pignori
1466 1763 1570 1830 accepit
1583 1763 1612 1816 in
1626 1761 1728 1816 factum
1742 1763 1848 1816 actione
1862 1769 1935 1816 tene·

1142 1845 1204 1882 rur.

1162 1891 1198 1952 18
1217 1895 1337 1950 Pactus
1357 1897 1424 1950 libro
1448 1897 1550 1950 decimo
1568 1897 1606 1948 od
1622 1895 1752 1950 Sabinum
1787 1897 1840 1950 Sed
1864 1903 1891 1950 θῖ
1913 1897 1938 1950 si

1123 1963 1146 2016 is
1171 1963 1216 2032 qui
1238 1961 1343 2032 pignori
1367 1979 1470 2016 servum
1493 1963 1599 2030 accepit
1622 1963 1719 2016 occidit
1743 1981 1803 2018 curn
1820 1963 1862 2018 vel
1877 1963 1935 2018 vul·

1124 2031 1234 2096 neravit,
1252 2031 1309 2098 lege
1325 2031 1432 2099 Aquilia
1451 2035 1477 2084 et
1493 2029 1669 2098 pigneraticia
1688 2031 1822 2086 conveniri
1838 2037 1935 2100 potest,

1124 2099 1171 2152 sed
1188 2099 1317 2152 alterutra
1334 2103 1475 2154 contentus
1493 2113 1551 2152 esse
1569 2097 1676 2152 debebit
1694 2105 1776 2152 actor.

1160 2163 1197 2224 19
1222 2167 1367 2222 uternam
1381 2167 1448 2222 libro
1464 2171 1557 2220 octono
1573 2167 1674 2220 decimo
1693 2167 1729 2220 ccl
1742 2167 1857 2220 edictam
1883 2167 1937 2222 Sed

1124 2235 1146 2290 si
1165 2251 1330 2290 communem
1347 2251 1451 2290 servum
1475 2233 1602 2288 occiderit
1625 2235 1698 2302 quis,
1722 2233 1829 2302 Aquilia
1851 2237 1938 2290 teneri

1124 2319 1185 2356 eum
1202 2303 1294 2356 Celsus
1312 2303 1363 2358 ait:
1380 2303 1452 2356 idem
1470 2307 1510 2356 est
1528 2307 1554 2356 et
1572 2303 1595 2356 si
1611 2303 1800 2356 vulneraverit:

1158 2369 1197 2428 20
1216 2371 1297 2424 Ionrr
1308 2371 1377 2426 libro
1392 2371 1619 2440 qaodropcnrt'mo
1634 2371 1749 2424 secundo
1760 2369 1935 2426 andarnaha

1124 2439 1225 2494 scilicet
1241 2455 1290 2506 pro
1310 2455 1341 2492 ea
1358 2443 1443 2506 parte,
1462 2455 1511 2506 pro
1531 2455 1584 2506 qua
1601 2437 1722 2492 dominus
1742 2439 1845 2506 estqui
1863 2443 1934 2506 agat.

1158 2505 1328 2562 2111101111
1346 2507 1414 2560 libro
1439 2511 1533 2560 octavo
1556 2505 1659 2574 decimo
1683 2507 1719 2560 ad
1742 2505 1855 2560 edictam
1890 2507 1936 2560 Ait

1124 2575 1179 2628 lex:
1208 2575 1310 2626 ‘nanti
1334 2575 1357 2626 is
1383 2575 1463 2628 homo
1486 2573 1515 2626 in
1539 2589 1569 2626 co
1594 2589 1664 2626 anno
1708 2575 1797 2626 lnrimi
1821 2575 1933 2628 linisset’.

1125 2657 1193 2710 quae
1211 2593 1332 2696 clausula
1349 2641 1560 2694 aestimationem
1577 2641 1659 2694 habet
1695 2643 1779 2706 amni,
1798 2641 1870 2710 quod
1888 2643 1935 2694 cla·

1125 2715 1137 2762 t
1174 2717 1231 2762 turn
1249 2715 1297 2764 cst.
1332 2711 1426 2762 Annus
1445 2713 1533 2764 autem
1550 2715 1682 2764 retrorsus
1701 2715 1884 2778 computatur,
1903 2727 1936 2764 cx

1124 2795 1176 2844 quo
1194 2777 1254 2846 quis
1272 2777 1377 2832 occisus
1396 2783 1449 2830 est:
1475 2777 1546 2844 quod
1570 2779 1592 2830 si
1615 2777 1750 2830 mortifere
1772 2777 1854 2830 fuerit
1877 2777 1935 2830 vul-

1123 2851 1232 2898 neratus
1257 2851 1283 2898 et
1306 2849 1401 2912 postea
1424 2851 1486 2910 post
1507 2845 1616 2912 longum
1632 2845 1799 2898 intervallum
1816 2851 1935 2898 mortuus

1124 2911 1173 2978 sit,
1196 2911 1258 2966 inde
1281 2927 1380 2964 annum
1403 2911 1601 2966 numerabimus
1624 2911 1770 2968 secundum
1792 2913 1933 2976 lulianum,

1125 2995 1158 3034 ex
1175 2997 1227 3048 quo
1245 2979 1429 3034 11111θ1θῖθε12
1447 2985 1501 3044 est,
1526 2979 1589 3034 licet
1607 2979 1698 3034 Celsus
1724 2985 1817 3034 contra
1834 2979 1934 3034 scribit.

1125 3053 1140 3100 1
1176 3049 1228 3102 Sed
1245 3055 1335 3102 utrum
1354 3063 1451 3118 corpus
1470 3049 1525 3102 cios
1544 3049 1629 3102 solum
1647 3049 1824 3112 aestimamus,
1843 3049 1936 3116 quanti

1123 3115 1205 3170 fuerit
1231 3131 1291 3170 cum
1318 3115 1495 3180 occideretur,
1523 3133 1558 3168 an
1583 3115 1673 3184 potius
1700 3117 1792 3184 quanti
1816 3115 1936 3172 interfuit

1123 3189 1215 3238 nostra
1232 3201 1287 3238 non
1304 3199 1362 3240 esse
1376 3185 1512 3238 occisum?
1531 3191 1557 3238 et
1571 3187 1623 3238 hoc
1637 3187 1695 3240 iure
1709 3185 1816 3250 utimur,
1834 3191 1865 3238 ut
1879 3187 1935 3238 eius

1124 3253 1195 3320 qnod
1211 3253 1323 3308 interest
1340 3253 1387 3304 fiat
1405 3253 1561 3306 aestimatio.

1159 3317 1198 3376 22
1223 3321 1343 3376 Pronus
1364 3321 1431 3374 libro
1454 3321 1596 3376 vicensimo
1620 3319 1737 3376 secando
1761 3319 1799 3374 ccl
1820 3319 1935 3374 edictum

1123 3387 1239 3444 Proinde
1256 3389 1279 3442 si
1297 3403 1401 3442 servum
1418 3389 1547 3452 occidisti,
1565 3405 1644 3458 quent
1662 3391 1711 3442 sub
1726 3403 1814 3454 poena
1827 3387 1934 3442 traden-

1126 3461 1137 3508 1
1175 3457 1238 3508 dnm
1255 3457 1371 3526 promisi,
1389 3457 1490 3510 ntihtas
1505 3457 1619 3510 venitin
1634 3455 1834 3510 hociudicium.
1869 3455 1935 3508 item

1124 3539 1222 3578 causae
1240 3525 1345 3592 corpori
1368 3525 1539 3580 cohaerentes
1563 3525 1749 3588 aestimantur,
1774 3525 1796 3578 si
1820 3523 1878 3592 quis
1903 3539 1936 3576 ex

1124 3591 1258 3644 comoedis
1276 3597 1323 3644 aut
1341 3591 1537 3660 symphoniacis
1555 3595 1602 3644 ant
1616 3593 1733 3658 gemellis
1747 3597 1794 3644 aut
1808 3591 1935 3658 quadriga

1124 3663 1172 3710 ant
1190 3673 1222 3712 ex
1238 3659 1299 3726 pari
1314 3659 1445 3712 mularum
1463 3675 1546 3712 unum
1562 3659 1605 3712 vel
1621 3673 1702 3712 unam
1720 3659 1859 3712 occiderit:
1879 3673 1934 3712 non

1124 3725 1210 3778 solnm
1237 3727 1307 3778 enim
1331 3727 1463 3794 perempti
1490 3727 1608 3794 corporis
1636 3727 1784 3780 aestimatio
1811 3725 1935 3780 facienda

1124 3799 1178 3856 est,
1202 3793 1293 3846 sedet
1311 3793 1368 3846 eius
1385 3793 1452 3846 ratio
1471 3793 1564 3848 haberi
1582 3793 1674 3860 debet,
1698 3811 1749 3862 quo
1769 3801 1857 3850 cetera
1875 3811 1934 3848 cor-

1124 3877 1191 3930 pora
1209 3861 1357 3930 depretiata
1374 3867 1443 3916 sunt.

1157 3925 1197 3986 23
1222 3929 1367 3984 Unrrnrvns
1377 3931 1445 3986 libro
1460 3935 1553 3984 octavo
1568 3931 1670 3986 decimo
1685 3931 1722 3994 orl
1730 3931 1844 3986 :nictum
1870 3931 1935 3984 lnde

1123 3997 1251 4052 Neratius
1278 3999 1384 4062 scribit,
1410 3999 1432 4052 si
1455 4015 1545 4052 servus
1568 3999 1645 4054 heres
1667 3999 1803 4052 institutus
1829 3999 1933 4052 occisus

1126 4073 1137 4118 1
1175 4065 1224 4130 sit,
1248 4065 1326 4120 etiam
1349 4065 1504 4120 hereditatis
1529 4067 1740 4120 aestimationem
1757 4065 1853 4120 venire.
1888 4067 1932 4120 Iu-

1123 4133 1210 4186 lianus
1234 4133 1284 4198 ait,
1309 4135 1332 4186 si
1349 4147 1439 4186 servus
1457 4135 1525 4186 liber
1542 4139 1569 4188 et
1585 4135 1662 4188 heres
1680 4149 1739 4186 esse
1755 4135 1844 4188 iussus
1862 4133 1933 4188 occi·

1124 4217 1169 4254 sus
1178 4201 1266 4264 fuerit,
1282 4217 1368 4270 neque
1382 4201 1556 4254 subetitutnm
1570 4217 1657 4270 nsque
1670 4201 1815 4270 legitimum
1830 4201 1932 4254 actione

1123 4269 1186 4336 legis
1196 4269 1318 4336 Aquiliae
1326 4269 1480 4324 hereditatis
1496 4269 1705 4324 aestimationem
1720 4277 1933 4332 consecuturum,

1124 4353 1192 4406 quae
1201 4353 1276 4390 servo
1287 4343 1436 4406 competere
1450 4353 1504 4390 non
1519 4339 1620 4404 potuit:
1640 4353 1710 4406 quae
1724 4339 1856 4390 sententia
1871 4353 1934 4390 vera

1124 4411 1172 4460 est.
1199 4405 1278 4474 pretii
1291 4405 1371 4472 igitur
1385 4405 1550 4458 solummodo
1564 4405 1622 4460 fieri
1637 4405 1855 4468 aestimationem,
1871 4405 1934 4474 quia

1122 4473 1175 4526 hoc
1192 4471 1320 4526 interesse
1338 4471 1424 4526 solum
1447 4473 1585 4526 substituti
1607 4473 1753 4528 videretur:
1780 4489 1827 4540 ego
1846 4479 1935 4526 autem

1123 4545 1189 4608 puto
1206 4555 1256 4594 nec
1278 4539 1358 4606 pretii
1379 4539 1437 4594 lieri
1460 4541 1684 4604 aestimationem,
1709 4541 1786 4608 quia,
1811 4539 1834 4594 si
1856 4541 1934 4594 heres

1124 4613 1138 4660 2
1175 4609 1281 4672 esset¹³,
1301 4613 1327 4660 et
1343 4609 1410 4662 liber
1427 4613 1504 4660 θεεθῖ.
1541 4609 1614 4662 Idem
1636 4609 1754 4660 lulianus
1781 4609 1887 4672 scribit,
1910 4609 1934 4662 si

1122 4675 1260 4730 institutus
1282 4675 1359 4730 fuero
1382 4677 1431 4730 sub
1456 4675 1613 4732 condicione
1637 4675 1674 4728 ‘si
1697 4675 1817 4730 Stichum
1839 4691 1932 4730 mann·

1123 4745 1227 4798 misero'
1246 4749 1273 4798 et
1290 4743 1405 4802 Stichus.
1415 4743 1449 4798 sit
1466 4743 1569 4798 occisos
1586 4749 1648 4810 post
1663 4749 1775 4798 mortem
1790 4745 1932 4808 testatoris,

1122 4813 1151 4864 in
1168 4813 1378 4866 aestimationem
1397 4813 1476 4864 etiam
1493 4811 1649 4864 hereditatis
1667 4811 1782 4880 pretium
1803 4827 1845 4864 me
1869 4827 1933 4864 con·

1123 4885 1289 4934 secuturum:
1308 4885 1418 4948 propter
1435 4879 1595 4932 occisionem
1610 4879 1679 4930 enim
1691 4879 1787 4932 defecit
1798 4879 1932 4932 condicio:

1124 4947 1196 5016 quod
1213 4949 1236 5000 si
1252 4947 1310 5002 vivo
1328 4951 1456 5000 testatore
1475 4947 1579 5000 occisus
1604 4947 1652 5010 sit,
1676 4947 1830 5002 hereditatis
1854 4947 1932 5000 aesti-

1124 5015 1266 5068 mationem
1283 5029 1395 5078 cessare,
1415 5015 1478 5082 quia
1493 5019 1639 5068 retrorsum
1657 5011 1749 5080 quanti
1766 5015 1872 5082 plurimi
1883 5015 1934 5068 fuit

1124 5089 1138 5136 3
1173 5083 1320 5152 inspicitur.
1363 5083 1437 5134 Idem
1462 5083 1581 5134 Iulianus
1607 5083 1700 5136 scribit
1724 5083 1934 5136 aestimationem

1123 5149 1237 5206 hominis
1254 5151 1336 5206 occisi
1353 5149 1388 5204 ad
1406 5149 1433 5204 id
1449 5155 1554 5218 tempus
1571 5149 1678 5214 referri,
1702 5165 1755 5218 qno
1778 5149 1882 5218 plurimi
1905 5151 1933 5204 in

1124 5235 1155 5272 co
1180 5235 1249 5274 anno
1271 5219 1336 5272 fuit:
1364 5225 1390 5272 et
1406 5217 1466 5272 ideo
1491 5225 1518 5272 et
1541 5217 1563 5272 si
1585 5219 1702 5286 pretioso
1725 5217 1824 5286 pictori
1845 5219 1933 5288 pollex

1123 5287 1204 5340 fuerit
1220 5287 1357 5356 praecisus
1376 5293 1401 5342 θῖ
1418 5287 1489 5340 intra
1512 5301 1626 5350 annum,
1649 5303 1701 5356 quo
1724 5287 1933 5354 praecideretur,

1124 5459 1257 5510 Stichnset
1264 5459 1327 5508 alter
1337 5475 1422 5508 corum
1431 5459 1543 5508 occisum
1551 5459 1731 5524 repudiaverit,
1742 5465 1803 5524 puto
1813 5461 1933 5510 coniunc-

1124 5533 1176 5578 tum
1184 5527 1263 5578 solum
1272 5543 1344 5594 posse
1353 5527 1455 5590 Aquilia
1466 5543 1547 5592 agere,
1558 5527 1618 5590 quia
1627 5533 1694 5578 retro
1703 5527 1844 5578 adcrevisse
1853 5527 1932 5578 domi-

1122 5597 1194 5646 nium
1208 5599 1231 5646 ei
1247 5595 1372 5646 videretur
1385 5595 1446 5646 Ser
1455 5597 1471 5646 1.
1481 5607 1515 5648 34.
1526 5605 1553 5648 35
1567 5597 1619 5646 Aa
1635 5607 1720 5648 contro
1728 5597 1755 5646 F
1766 5609 1791 5650 ot
1799 5597 1826 5648 B

1123 5665 1164 5728 (11)
1184 5671 1259 5724 §1=
1268 5665 1381 5716 Iulianus
1390 5665 1413 5716 b.
1424 5677 1440 5716 t.
1451 5665 1467 5716 l.
1477 5677 1501 5716 at
1512 5671 1548 5724 §2
1693 5665 1737 5730 (11)
1754 5665 1899 5716 vulneratos
1910 5667 1934 5718 F

1123 5735 1166 5798 (13)
1185 5731 1207 5782 si
1215 5733 1286 5784 heres
1295 5735 1369 5794 esset]
1379 5733 1401 5782 si
1410 5737 1551 5796 superesset
1559 5751 1605 5784 scr.
