4366 6258
292 421 452 484 XXVII'l

293 607 393 652 σανίσιν
408 601 515 668 ἐμπέσῃ,
534 589 627 664 ὅμοιός
644 599 720 646 ίστιν
734 591 831 658 τούτῳ.
849 613 919 646 σντω
937 599 984 646 καί
1001 593 1016 646 ὁ
1036 589 1099 648 olt-

293 661 526 732 αιανὸιγράφαῑ·
544 661 664 722 Adversa
672 673 778 730 quoque
789 661 913 714 τεῖεῖιιιίσ
928 667 1046 726 excusat,
1055 663 1102 716 sed

293 745 327 782 ea
342 743 412 796 quae
428 727 614 798 impedimento
632 733 681 792 est,
699 741 752 794 quo
770 727 857 782 minus
872 729 932 796 quis
946 727 1005 784 ‘auia
1022 729 1102 784 rebus

293 809 432 914 supueaste
461 797 561 864 possit,
593 803 623 850 ut
653 797 799 862 imperator
823 801 916 850 noster
941 811 1003 850 eum
1028 803 1103 866 patre

292 875 376 916 Ῑθὸθῐλ
394 877 417 916 sl
434 881 441 916 i
531 903 532 906 =

329 927 366 984 11
375 877 505 984 ΙῬκσιυιι
518 931 586 984 aare
599 929 736 1000 ιῖκρκίιτι·
750 931 784 984 de
797 931 973 986 ιασαεαιιῖιτε
986 933 1104 984 tutorum

293 1001 391 1118 gabaon
407 1003 511 1052 ιιιιυυι
527 1011 562 1052 ne
577 997 712 1066 incipiant,
731 997 779 1052 sed
795 1003 822 1054 et
838 1013 856 1052 a
872 1001 968 1066 ιοεχιιιι
981 997 1104 1052 neusa-l

312 1079 327 1118 Θ
345 1079 399 1120 eit.

330 1127 660 1186 inanissimarum
684 1133 762 1186 tertio
785 1131 989 1186 excusationum
1031 1129 1104 1186 Idem

294 1197 328 1254 Ul
347 1199 425 1252 ianus
440 1197 564 1252 sonbit²r
582 1195 636 1252 Sed
652 1199 680 1252 in
696 1201 749 1256 lnoo
765 1199 895 1268 ιεεοτῖριο
913 1197 1047 1254 adiectum
1064 1203 1104 1252 est

293 1215 379 1322 εολλιιε
403 1267 448 1320 vel
472 1267 507 1318 ad
536 1271 641 1334 tempus
671 1269 714 1324 rel
737 1269 766 1322 in
810 1271 948 1338 erpetuuur
973 1267 1103 1332 ετιιιεετῖ,

293 1339 375 1404 prout
390 1333 539 1396 valetudo³,
558 1349 612 1402 qua
634 1335 765 1392 adficitur.
790 1285 865 1390 λοισι
881 1337 988 1390 aurem⁴
1005 1351 1059 1390 nou
1076 1333 1104 1388 in

293 1407 380 1456 totum
396 1405 516 1468 ετοιιειι,
533 1401 694 1474 eonstiterit,
711 1411 742 1458 ut
759 1407 867 1458 σαιιιοτ
890 1401 996 1456 interim
1019 1405 1103 1456 σειιιι.

296 1471 423 1542 ῙηΕίσίν
444 1473 490 1522 καί
514 1465 601 1534 ἄλλοι,
626 1471 658 1534 οἳ,
684 1471 736 1524 κάν
758 1469 809 1536 ήδη
833 1463 900 1538 ὦσιν
921 1473 1064 1538 ἐπίτροποι
1086 1465 1103 1534 ἢ

294 1535 459 1608 κουράτορες,
481 1533 609 1600 διηνεκοῦς
626 1537 724 1594 λοιπὸν
741 1531 906 1590 ἀπολύονται
920 1537 968 1602 τῆς
990 1539 1102 1606 φροντί-

294 1601 347 1666 δος,
367 1603 427 1656 οίσν
443 1601 472 1656 σι’
486 1601 537 1670 τήν
552 1607 643 1660 ε’στίαν
666 1599 780 1670 ν’λλαχού
800 1603 963 1672 μεταθεῖναι
983 1603 1104 1668 τυχόντες

294 1669 323 1732 ἐξ
340 1665 507 1744 ἀντιγραφῆς
528 1671 671 1742 βασιλέως,
697 1671 801 1726 εῖδότσς
821 1675 870 1738 μὲν
893 1665 976 1724 atriu
996 1675 1103 1742 ἐπιτρο-

293 1737 390 1812 πεύειν,
409 1739 442 1794 τὸ
460 1735 495 1800 δὲ
505 1741 666 1810 μετοικῆσαι
681 1741 769 1824 ῥητοῖς
787 1733 861 1806 αύτῷ
872 1737 1101 1810 φιλοτιμουμένου,

293 1811 340 1860 καί
355 1807 461 1880 τούτων
477 1807 605 1882 ἑκάτερον
621 1807 765 1876 δηλουντσς
780 1811 837 1862 τοῖς
853 1805 1030 1878 γράμμασινῧ.

330 1871 466 1932 131σειι
485 1877 553 1932 ίίίιτο
575 1881 673 1948 quarto
690 1875 896 1930 εωοιιςαίίοτιαιιι
929 1873 1040 1928 Elidem
1053 1871 1104 1942 χρὴ

295 1937 338 1996 ότι
355 1939 421 2000 σύτε,
444 1943 471 1996 οῖ
491 1945 726 2014 χειροτονηθέντες
747 1945 890 2010 ἐπίτροποι
912 1939 973 1996 σύτε
990 1939 1020 1996 σί
1035 1939 1104 1992 κατὰ

294 2007 432 2078 διαθήκην
448 2007 575 2068 δοθέντες
596 2009 772 2062 ἐκκαλεῖσθαι
794 2003 914 2080 άνάγκην
935 2013 1046 2092 ὲγχσυσιν,
1067 2003 1104 2064 οἷς

294 2075 372 2144 δηλοῖ
388 2075 508 2140 διάταξις
518 2081 576 2132 ταῖν
583 2077 741 2130 θειοτάτων
748 2075 873 2150 Σεβήρου
882 2083 927 2128 καὶ
935 2081 1103 2130 Αντωνίνου.

293 2147 373 2200 τοῦτο
391 2143 422 2200 δὲ
437 2143 657 2218 παραφυλάττειν
674 2143 716 2198 δεῖ
731 2149 777 2198 καί
799 2149 844 2198 ε’πί
868 2147 924 2196 τιῦν
946 2161 1103 2214 χειροτονη-

293 2213 402 2266 θεντων
418 2209 606 2300 κουρατόρων·
629 2215 659 2264 ίν
677 2205 775 2284 ύλίγοις
791 2209 922 2284 γάρπάνυ
932 2209 1104 2266 διαλλάττον·

294 2299 338 2334 σιν
355 2279 384 2332 οί
398 2299 559 2352 κουρατορες
576 2273 630 2332 άπὸ
653 2281 711 2332 τῶν
734 2277 895 2352 ἐπιτρόπων.
921 2279 991 2332 κατὰ
1013 2281 1105 2348 μέντοι

293 2345 737 2476 ἷῶννῃήφωιρξτῶνίκβὲαλλρυροξγ
744 2341 834 2466 onlong
847 2345 894 2466 'aare
902 2347 1105 2466 ἐξὲιμνσατίσναι

293 2433 565 2564 λάτύεύύαιλροσὴλιῦλῗ
583 2433 1104 2552 ῗύλάαίιύλύρούτλτῦσινοίπύιροὴτολαὴρλιφόύ·

293 2547 405 2620 ράτορες
420 2569 454 2600 τα
473 2545 564 2600 δίκαια
579 2549 771 2618 παρασχέσθαι
786 2549 833 2614 τῆς
848 2541 976 2616 άφέσεως.
995 2545 1038 2602 δεῖ
1051 2545 1104 2620 γάρ

294 2609 387 2672 αύτούς
403 2617 599 2696 ἐμπροθέσμως
613 2611 779 2698 προσελθεῖν
794 2617 835 2682 τῷ
854 2611 972 2696 δικροτῇι
989 2617 1060 2698 fiola
1076 2611 1106 2668 δὲ

294 2681 325 2764 ιμ’
339 2683 508 2768 προθεσμίαι
525 2699 617 2734 ανται·
642 2687 725 2764 ομεζγ
739 2683 810 2752 γὰρο
834 2687 864 2736 ἐν
881 2685 946 2752 συκῇ
969 2703 1002 2748 τη
1029 2681 1107 2736 πόλει

294 2769 339 2812 ων,
359 2767 429 2806 σπου
446 2747 672 2818 κεχειροτόνηται,
698 2769 714 2816 η
737 2749 811 2804 ἐντός
834 2737 996 2804 ἑκατοστοῦλ
1013 2749 1106 2836 μιλίσν

293 2815 338 2882 τῆς
354 2815 460 2876 πόλεως
482 2815 557 2872 ἐντὸς
579 2815 749 2884 πεντήκοντα
771 2813 879 2890 ἡμεροῦν
900 2837 1104 2890 παραιτήσεται,

294 2881 311 2950 ἢ
335 2883 405 2952 μετὰ
429 2887 509 2938 τοῦτο
536 2877 568 2938 σύ
594 2883 845 2956 σνγχωρηθήσεται,
871 2877 927 2938 ἀλλ’
950 2885 1040 2948 ἕξεται
1059 2889 1107 2950 τῆς

293 2947 444 3036 φροντίδος.
477 2949 528 3004 κάν
549 2951 656 3006 τούτων
677 2973 705 3004 τι
727 2951 764 3024 μή
785 2953 898 3024 ποιήσῃ,
922 2957 1001 3006 ἔσται
1022 2957 1053 3004 ἐν
1073 2971 1106 3024 τῃ

295 3021 358 3092 συκῇ
377 3019 459 3086 nieles,
479 3023 509 3072 ίν
524 3007 542 3092 ᾗ
559 3013 593 3086 ἡν
610 3017 677 3074 δινεῖ
694 3013 733 3074 άπ
768 3019 843 3084 άνθη
859 3019 900 3088 τῷ
918 3015 979 3088 ἰδίῳ
989 3017 1105 3088 κινδύνῳ

296 3081 378 3142 aleae
401 3081 540 3160 ὀλιγωρεῖν
561 3087 628 3160 πρὸς
650 3085 684 3142 τό
705 3109 742 3156 μη
761 3091 774 3140 ἑ
797 3085 1010 3142 καταλείπεσθαι
1033 3083 1106 3154 αύτῷ

293 3171 356 3208 τινα
374 3151 439 3208 ὁδὸν
455 3155 523 3226 πρὸς
539 3161 712 3228 παραίτησιν.
740 3153 804 3208 ὁδί
824 3151 891 3226 ὑπὲρ
914 3155 1011 3208 ἑκατὸν
1031 3155 1107 3240 μίλια

293 3223 341 3304 rige
356 3219 461 3278 πόλεως
479 3217 628 3292 ἀποδημῶν
646 3225 731 3276 εῖκσσι
746 3221 821 3292 μίλια
845 3221 898 3284 ἕξει
920 3217 1107 3292 άριθμουμενα

295 3291 374 3358 αυτῷ,
394 3283 460 3342 καθ’
485 3289 601 3356 ἑκάστην
623 3287 735 3362 ἡμέραν,
761 3283 808 3362 εἶφ’
832 3279 861 3356 ἧς
884 3289 918 3344 ἂν
932 3293 992 3376 γνῷ
1010 3287 1108 3354 (δεῖδὲ

296 3349 370 3424 αύτῷ
387 3359 543 3424 μηνυθὴναι
559 3355 612 3412 ὑπὸ
628 3361 687 3412 τοῖν
699 3351 838 3426 άρχόντων
848 3355 865 3424 ἡ
877 3379 947 3412 κατα
956 3357 1108 3430 πρόσωπον

293 3419 312 3486 ἢ
329 3429 375 3478 ἐπί
391 3427 440 3490 τῆς
456 3427 550 3492 οἰκίας)
569 3433 615 3478 καὶ
631 3427 741 3488 ὲξαθεν
753 3427 861 3488 τούτων
872 3425 950 3482 άλλας
960 3423 1107 3496 τριάκοντα

294 3487 392 3564 ἡμέρας
409 3495 462 3558 ἔχει
478 3493 545 3564 πρὸς
562 3491 756 3566 δικαιολογίαν.
782 3497 862 3548 τοῦτο
881 3491 910 3546 δι’
922 3491 1044 3566 διαφέρει
1060 3499 1104 3546 καί

294 3565 350 3616 τοῖς
367 3559 436 3612 κατὰ
454 3559 589 3626 διαθήκας
607 3559 739 3622 δοθεῖσιν,
758 3559 807 3616 ἐάν
827 3581 859 3614 τε
875 3565 1019 3632 ἐπίτροποι
1041 3555 1109 3614 ὦσιν

294 3625 344 3680 ίάν
359 3647 390 3682 τε
407 3627 573 3700 κουράτορες,
593 3627 636 3686 σῦς
653 3625 816 3700 κουράτορας
836 3631 1019 3698 βεβαιοῦσθαι
1041 3629 1109 3682 ἔθος

295 3697 311 3748 2
344 3691 396 3750 ύπὸ
412 3697 460 3748 τοῦ
476 3695 628 3768 ἡγουμένου.
658 3691 772 3766 Ἕτερον
794 3693 823 3750 δὲ
846 3699 930 3748 ἐκεῖνο
956 3693 1109 3768 εὑρίσκομεν

295 3763 324 3814 su
340 3765 387 3844 τῆς
402 3763 450 3816 Μά
468 3783 516 3818 κου
531 3765 697 3832 νομοθεσίας
715 3763 849 3848 ζητήσεως
871 3763 962 3824 ἄξιον·
992 3767 1034 3832 τῷ
1055 3763 1107 3836 γὰρ

295 3831 326 3880 ίν
343 3833 410 3902 αυτῇ
431 3849 448 3884 ‘c
490 3827 567 3886 πόλει
584 3829 655 3896 ὄντι,
680 3835 711 3884 ἐν
726 3849 743 3902 ῃ
761 3829 981 3898 κεχειροτόνηται,
999 3829 1017 3898 ἢ
1033 3829 1109 3886 ἐντός

295 3897 426 3966 ἑκατὸνμ
464 3919 504 3952 ων
518 3895 688 3964 πεντήκοντα
704 3893 812 3982 ἡμεροῦν
827 3897 930 3952 ἔδωκεν
955 3897 1019 3952 όνο
1040 3899 1107 3952 σθί-

294 3985 342 4030 της
358 3967 557 4038 προθεσμίανθ.
591 3969 632 4034 τῷ
651 3965 681 4020 δὲ
704 3969 771 4038 νπὲρ
794 3965 890 4020 ἑκατόν
909 3963 984 4036 μίλια
1026 3973 1108 4038 ιατρί-

295 4037 375 4102 βσντι
392 4027 459 4086 καθ’
476 4031 626 4102 ἑκάστηνὴ
659 4053 712 4106 ραν
734 4031 792 4088 δεῖν
815 4027 1001 4104 άριθμεῖσθαι
1025 4035 1110 4090 εῖκοσι

296 4101 371 4184 μίλια
387 4101 522 4156 ίκίλευσεν
537 4107 583 4156 καί
607 4127 620 4156 ε
638 4105 716 4156 ιοθεν
731 4099 838 4156 τούτων
860 4099 940 4186 ispius
962 4101 1108 4172 τριάκοντα

296 4167 1110 4308 ιττιττικκ,ἔκκειταιειεξιτ

295 4291 462 4376 ποιούμενος,
479 4303 568 4374 τούτῳ
587 4307 657 4360 εἶναι
673 4307 848 4376 προθεσμίαν
865 4305 936 4360 όκτω
961 4311 1006 4360 καί
1028 4305 1108 4378 τριά-

297 4481 327 4544 (1)
345 4481 374 4532 ie
380 4489 430 4532 eat.-
443 4479 501 4530 Non
515 4485 707 4528 tantumautem
716 4481 760 4542 qui
775 4479 948 4530 militaverunt
964 4485 990 4530 et
1004 4479 1109 4544 caligati

297 4551 323 4596 et
336 4547 438 4612 reliqui,
453 4547 552 4598 scilieet
560 4545 729 4612 primipilares
739 4547 804 4608 [soil.
814 4549 888 4612 prim,
899 4549 965 4610 del1,
975 4549 1018 4598 sed
1033 4549 1109 4598 etiarn

297 4615 340 4682 qui
359 4631 514 4680 quonamque
528 4615 603 4666 modo
620 4613 789 4680 reipublicae
807 4615 897 4682 populi
908 4615 1015 4666 Romani
1034 4631 1110 4666 eausa

299 4687 312 4736 1
331 4685 456 4746 afuerunt,
471 4685 699 4734 annivaeationem
712 4681 806 4732 hubent
815 4687 873 4750 post
887 4683 1002 4734 reditum.
1022 4683 1110 4734 Annus

298 4759 381 4802 autern
389 4751 431 4800 hie
440 4751 513 4802 datur
521 4767 572 4800 uon
581 4753 663 4802 solum
672 4753 712 4812 iis,
724 4753 768 4816 qui
777 4755 923 4802 consuetum
931 4751 1038 4800 militiae
1048 4755 1109 4802 tem·

298 4835 345 4884 pus
357 4823 549 4886 permanserunt
557 4819 584 4868 in
593 4819 698 4882 reliquis
707 4819 818 4884 publicis
827 4819 925 4880 olfioiis,
935 4819 978 4870 sed
987 4819 1063 4870 etiam
1077 4819 1110 4868 iis

298 4889 342 4952 qui
351 4887 580 4950 quomodocumque
590 4885 721 4952 publicum
731 4887 841 4936 officium
850 4885 1019 4952 deposuerunt
1034 4891 1059 4936 ot
1070 4903 1109 4936 re·

297 4955 362 5006 τετεί
370 4957 437 5016 suut,
446 4953 596 5004 etsiminore
606 4969 681 5020 quam
689 4953 855 5004 constitutum
861 4957 900 5004 est
909 4959 1020 5020 ternpore
1026 4953 1110 5004 affinio

298 5023 314 5074 2
332 5023 486 5072 fiinetisuut.
497 5021 546 5072 Sed
553 5035 614 5086 quas
623 5025 698 5072 antea
707 5021 834 5072 habebant
842 5021 941 5084 tutelas,
951 5025 1055 5086 propter
1061 5023 1110 5072 hoa

298 5095 381 5140 autem
404 5089 586 5154 deposuerunt,
609 5089 684 5152 'quod
706 5091 743 5140 rei
767 5089 882 5154 publiano
905 5105 980 5140 eausa
1003 5089 1110 5156 profesti

298 5163 416 5220 sunteas
431 5157 523 5206 reversi
538 5157 624 5206 statim
637 5157 771 5222 recipient,
786 5161 815 5206 ut
829 5173 910 5206 annua
924 5159 958 5206 iis
971 5157 1037 5208 nihil
1052 5173 1110 5222 pro·

298 5227 380 5276 liniat:
395 5241 454 5276 uam
470 5239 552 5274 annus
562 5223 636 5274 datur
644 5223 849 5290 proptertutelas
858 5239 934 5274 novas
944 5225 1049 5286 futuras,
1058 5239 1110 5274 uon

299 5295 314 5344 3
331 5297 436 5360 propter
443 5293 609 5356 reeipiendus.
628 5295 717 5342 Annus
726 5297 809 5344 autem
818 5293 1005 5356 computabitur
1013 5293 1111 5344 dierum

299 5363 483 5424 continuorum,
492 5377 522 5410 ex
531 5375 580 5424 quo
590 5361 647 5424 quis
662 5377 789 5424 regressus
799 5363 837 5410 est
845 5365 936 5410 rectum
945 5361 1013 5410 viam
1022 5365 1110 5410 tenens

298 5427 316 5476 4
332 5429 372 5476 vel
381 5433 527 5494 eertequam
536 5433 620 5478 tenere
631 5425 732 5478 deberet
740 5445 792 5478 nou
806 5427 937 5476 tlafleetens
947 5427 1006 5480 alio.
1022 5429 1111 5476 Etiam

299 5497 447 5546 testamento
461 5497 515 5546 dati
530 5499 626 5544 tutores
641 5511 758 5546 excusare
773 5511 798 5546 se
812 5499 932 5560 poterunt
945 5495 1000 5546 iure
1017 5495 1048 5546 ab
1067 5495 1110 5546 ad·

299 5561 484 5614 ministratione
498 5581 578 5614 renum
594 5563 694 5628 quaein
704 5563 969 5628 aliaprovineiasuut‚
983 5567 1014 5614 ut
1027 5563 1110 5612 deela-

1067 497 1068 500 ,
1089 409 1155 484 355

1607 429 1653 476 ΒΕ
1674 427 1962 478 axcosansonmns
1997 389 1998 392 ἡ

1151 615 1235 650 κοντα
1259 591 1266 610 ‘
1289 595 1366 666 τρεῖν,
1387 591 1459 648 ύιιτω
1475 595 1527 664 μὲν
1541 597 1600 648 ταῖν
1610 593 1707 648 ἑκατόν
1718 591 1846 676 ἑξήκοντα
1856 593 1959 664 μιλίων,

1152 661 1188 718 ele
1205 663 1265 714 καθ
1289 661 1407 728 εκάστην
1422 659 1524 744 ἡμέραν
1541 665 1626 716 εῖκσσι
1637 661 1734 730 μιλίων
1747 661 1960 732 αριθμουμίνων,

1151 727 1299 798 τριάκοντα
1322 727 1352 784 δὲ
1373 727 1421 784 τάς
1436 747 1503 802 προς
1524 729 1575 796 τήν
1598 727 1789 802 δικαιολογίαν.
1817 731 1896 784 ἔσται
1917 721 1963 782 σῦν

1152 799 1183 850 ίν
1202 803 1305 868 χείρονι
1325 795 1402 858 τάξει
1424 793 1440 850 ό
1461 793 1614 868 πόρρωθεν
1641 793 1791 868 διατρίβων
1812 797 1863 850 τοῦ
1889 795 1963 854 turbe
2002 835 2006 842 s

1153 863 1251 918 ἑκατὸν
1265 861 1363 934 μιλίων
1380 863 1457 920 όντος
1472 865 1490 932 ἢ
1507 869 1537 918 ἐν
1553 859 1620 936 αῦτή
1635 867 1669 938 τῇ
1686 863 1770 928 πόλει,
1791 865 1844 938 εῖγε
1859 861 1964 918 τούτοις

1152 925 1261 1052 §ingeila
1277 931 1446 1054 πεντήκηῃῃμ
1463 931 1560 1052 ήμίρμὶι
1574 933 1746 1018 προθεσμίας
1763 933 1834 1016 siole,
1853 935 1963 1050 ε’ρρίντογρ

1154 1019 1356 1134 virosam&
1373 999 1963 1138 άπστελιεῖλλήντδῦάύύλαῗαόῖιδιςρἡτγνώμὴ

1153 1135 1201 1186 τοῦ
1217 1135 1371 1202 νομοθέτου
1388 1131 1452 1186 ἄλλο
1468 1133 1602 1202 βούλεται.
1627 1129 1712 1192 σύτως
1727 1133 1779 1206 γάρ
1802 1137 1848 1186 καί
1864 1135 1962 1202 Κερβίε

1154 1199 1212 1256 διος
1227 1201 1384 1270 Σκαίβσλας
1408 1207 1454 1252 καῖ
1469 1201 1576 1258 Παῦλος
1598 1205 1644 1252 καί
1666 1205 1791 1270 Δομίτιος
1818 1193 1965 1280 Ούλπιῃινός

1154 1269 1182 1324 οἱ
1197 1275 1343 1340 κορυφαῖοι
1358 1271 1416 1322 τιῖιν
1427 1271 1549 1338 νομικῶν
1556 1267 1713 1342 γράφουσιν,
1724 1267 1872 1340 φάσκοντες
1881 1285 1965 1322 ουτως

1155 1335 1213 1390 δεῖν
1228 1341 1313 1390 ταῦτα
1328 1333 1556 1408 παραφυλάττειν,
1577 1333 1612 1392 σός
1635 1333 1772 1406 μηδέποτέ
1790 1355 1847 1390 τινι
1863 1333 1963 1388 ἐλάττω

1155 1403 1287 1458 δίδοσθαι
1302 1407 1360 1456 τοῖν
1376 1401 1546 1470 πεντήκοντα
1568 1403 1586 1472 ἡ
1607 1405 1677 1474 ερῶν
1698 1405 1878 1476 προθεσμίαν,
1903 1399 1965 1454 τότε

1154 1471 1185 1524 δὲ
1207 1477 1388 1542 μακροτέραν,
1413 1467 1518 1524 ὁπόταν
1540 1469 1557 1536 ἡ
1599 1471 1755 1540 ιαρίθμησις
1782 1471 1841 1522 τῶν
1864 1471 1908 1540 inl
1933 1471 1965 1540 τῇ

1155 1537 1213 1606 ὁδῷ
1237 1535 1274 1606 ἡμ
1306 1541 1345 1592 ῶν
1367 1537 1568 1612 προοτιθεμενη
1590 1545 1651 1594 ταῖς
1675 1537 1823 1610 τριάκοντα
1847 1531 1963 1606 ἡμέραις,

1154 1603 1186 1664 ἃς
1202 1605 1268 1690 πρὸς
1275 1559 1469 1676 εδικαιολογίαν
1487 1601 1501 1658 ὁ
1518 1603 1600 1672 νόμος
1614 1601 1734 1668 δίδωσιν,
1751 1601 1907 1690 ὑπερβαίνει
1917 1603 1965 1660 τὰς

1153 1691 1323 1744 πειαηκοντα
1340 1669 1447 1744 ἡμέρας,
1465 1671 1527 1726 elev
1543 1671 1592 1726 ίάν
1607 1693 1669 1726 τινα
1685 1673 1780 1742 φαῖμεν
1797 1671 1852 1726 απὸ
1868 1689 1965 1740 τετρα-

1154 1747 1256 1794 κοσίων
1276 1737 1479 1812 τεσσαράκοντα
1501 1737 1600 1806 μιλίων
1622 1735 1785 1810 διατρίβειν·
1814 1729 1893 1794 οὗτος
1915 1735 1965 1810 γὰρ

1153 1811 1200 1876 τῆς
1214 1813 1266 1878 μὲν
1282 1805 1348 1862 ὁδοῦ
1364 1807 1419 1868 ἕξει
1434 1803 1532 1880 ἡμέρας
1550 1809 1635 1860 εῖκοσι
1652 1803 1715 1870 δύο,
1739 1805 1806 1876 πρὸς
1829 1803 1965 1858 δικαιολο-

1155 1881 1170 1930 3
1204 1881 1268 1948 γίαν
1292 1873 1322 1930 δὲ
1347 1873 1427 1930 ἄλλας
1455 1871 1609 1948 τριάκοντα,
1660 1873 1905 1946 Παραφυλάξουσιν
1937 1871 1967 1930 te

1153 1943 1255 2010 ταύτην
1270 1941 1521 2028 τήνπροθερμίαν1
1538 1939 1635 1996 πάντες
1650 1941 1677 1996 σί
1685 1937 1812 1996 ὁπωσοῦν
1818 1939 1975 2008 παραιτσύι

1153 2031 1231 2080 μενοι
1253 2009 1404 2132 amoueo
1424 2029 1443 2076 η
1465 2015 1644 2080 κουρατορίαν
1666 2007 1683 2074 ἡ
1704 2015 1783 2092 μέρος
1803 2029 1835 2082 γε
1862 2007 1966 2074 ταύτης.

1154 2083 1171 2134 4
1204 2073 1266 2132 lsai
1338 2099 1371 2132 ον
1396 2075 1428 2130 δι’
1451 2081 1524 2132 ίστιν
1548 2077 1697 2142 πιστεύειν,
1724 2097 1768 2130 οτι
1793 2079 1817 2130 εἰ
1841 2083 1890 2130 καί
1913 2097 1967 2130 τινι

1155 2143 1221 2200 εῖδει
1236 2145 1426 2218 παραιτήσεως
1442 2139 1459 2218 ᾗ
1475 2163 1515 2200 τις
1535 2143 1677 2214 χριόμενος,
1706 2137 1753 2198 ούκ
1777 2143 1862 2202 ἄλλοις
1885 2143 1973 2200 ἄκουέ

1155 2213 1297 2280 σθήσεται,
1316 2211 1365 2266 ίάν
1380 2213 1417 2282 μή
1434 2209 1536 2284 φυλάξῃ
1553 2215 1604 2280 τήν
1619 2213 1800 2284 προθεσμίαν,
1821 2215 1845 2266 εἰ
1859 2211 1896 2282 μή
1913 2209 1966 2282 ἄρα

1154 2285 1169 2332 ῖι
1204 2281 1282 2348 τῆς111
1312 2283 1401 2352 ἑτέρας
1433 2277 1537 2334 πόλεως
1562 2279 1674 2346 πολίτης
1697 2281 1778 2334 ἐστίν.
1823 2275 1913 2336 Oinoe
1939 2277 1968 2334 δί

1154 2347 1300 2422 ἐπάναγκές
1316 2353 1390 2404 ἐστιν
1406 2347 1550 2420 φυλάττειν
1565 2349 1616 2416 τὴν
1636 2347 1821 2418 προθεσμίαν,
1852 2343 1897 2402 ότι
1918 2347 1968 2402 κᾶν

1155 2417 1427 2488 δικαιολογησάμενος
1442 2411 1541 2500 άφεθῃ,
1558 2417 1596 2484 μή
1613 2415 1825 2486 ίλευθερσῦσθοιι
1843 2409 1925 2470 αύτὸν
1942 2419 1968 2470 οἱ

1154 2483 1299 2538 θειότατσι
1310 2485 1491 2558 Σεβήροςκαί
1504 2489 1662 2540 Αντωνῖνσς
1678 2481 1809 2548 δηλοῦσιν,
1823 2487 1853 2536 ἐν
1870 2481 1967 2538 διατά-

1155 2549 1195 2612 ξει
1212 2551 1380 2608 κελεύσαντες
1401 2551 1440 2620 μή
1463 2553 1626 2638 κρατεῖσθαι
1647 2551 1698 2606 τόν
1720 2555 1755 2608 εἰς
1776 2549 1865 2608 τόπον
1887 2545 1968 2606 uisui

1154 2623 1388 2690 χειροτονηθέντα,
1408 2617 1444 2674 σός
1460 2641 1507 2674 ουκ
1524 2617 1587 2684 ἐξόν
1604 2617 1751 2690 δεδομένον
1768 2621 1803 2676 εἰς
1819 2619 1908 2674 τόπον
1924 2619 1967 2674 όν-

1157 2689 1172 2740 6
1205 2707 1253 2760 τοι
1269 2687 1426 2758 ἐπιτρόπου.
1452 2683 1568 2758 Ἅπάχρη
1586 2685 1616 2742 δὲ
1637 2687 1711 2742 ίντός
1733 2691 1778 2754 τῆς
1798 2689 1968 2776 προθεσμίας

1156 2757 1271 2820 ἐντυχεῖν
1286 2753 1387 2824 μόνον·
1416 2753 1464 2808 ἐὰν
1484 2755 1536 2828 γὰρ
1553 2757 1627 2840 μετὰ
1648 2759 1734 2812 ταῦτα
1756 2755 1794 2824 μή
1810 2755 1880 2810 ἑκὼν
1898 2775 1968 2812 απο-

1155 2819 1264 2896 λειφθῇ,
1284 2817 1332 2876 ούκ
1349 2827 1426 2878 ἔσται
1436 2841 1653 2896 παραγραγιμος.
1679 2821 1774 2896 διόπερ
1783 2821 1831 2878 ἐὰν
1844 2817 1968 2894 άφοσισῖ-

1157 2909 1223 2944 σεως
1238 2889 1319 2960 χάριν
1334 2889 1421 2960 μόνον
1436 2889 1535 2962 ἐντύχῃ,
1554 2891 1591 2958 μή
1610 2897 1731 2964 επιμείνῃ
1750 2891 1780 2944 δὲ
1799 2893 1869 2962 μετὰ
1884 2895 1968 2948 ταῦτα

1155 2959 1188 3026 τῇ
1207 2955 1382 3030 δικαιολογία,
1400 2957 1468 3026 μετὰ
1484 2959 1534 3024 τὴν
1550 2961 1724 3030 προθεσμίαν
1745 2959 1968 3034 ύπσπεσεῖταιτή

1156 3027 1403 3160 φαρταῃρρφῇῶρρρί
1420 3023 1584 3148 &affirm
1612 3025 1811 3148 δφάταξιρΕτοῖν
1823 3023 1968 3150 ,αύτοκρδαῑ

1157 3115 1274 3226 νόσσνρὴ
1292 3155 1327 3214 δι’
1346 3113 1969 3234 taffapeywffffzzfflffiozzgyffiffivgss

1158 3223 1175 3292 ἢ
1192 3225 1293 3298 ίφόδου
1309 3225 1416 3300 λῃστῶν
1432 3225 1450 3294 ἤ
1466 3249 1528 3282 τινα
1545 3229 1639 3302 ἑτέραν
1649 3229 1850 3300 παραπλησίαν,
1868 3235 1969 3302 ἐμπρο-

1157 3299 1266 3378 θέσμως
1287 3295 1325 3364 μὴ
1348 3293 1460 3362 δύνηται
1484 3301 1607 3364 ἐντυχεῖν,
1625 3295 1779 3382 συγγνώμης
1794 3297 1932 3372 τυγχάνειν
1940 3301 1968 3352 ²¹.

1158 3381 1190 3414 συ
1206 3361 1257 3430 τήν
1272 3367 1367 3418 πίστιν
1382 3361 1460 3446 ήρκει
1477 3367 1605 3430 συστῆσαι
1621 3369 1666 3418 καί
1682 3361 1712 3424 ἐξ
1729 3369 1809 3420 αυτοῦ
1826 3369 1875 3420 τοῦ
1892 3365 1971 3438 φύσει

1158 3427 1272 3496 δικαίου,
1290 3429 1362 3498 πλὴν
1379 3429 1444 3484 αλλά
1462 3437 1508 3484 καί
1520 3427 1645 3510 ἱδιάταξίς
1663 3439 1736 3486 ἐστιν
1757 3435 1813 3486 ταῖν
1836 3427 1969 3504 αύτσκρα-

1159 3499 1174 3550 8
1207 3499 1300 3568 τάρων
1315 3499 1442 3572 Σεβήρσν
1459 3505 1505 3552 καί
1524 3499 1673 3554 άντωνίνου
1686 3503 1771 3552 ταῦτα
1784 3501 1902 3574 λέγουσα,
1921 3503 1970 3554 Ei-

1159 3561 1234 3620 δίναι
1252 3565 1281 3618 δὲ
1299 3565 1346 3630 δεῖ,
1367 3563 1410 3620 ότι
1427 3559 1474 3620 σύιι
1493 3559 1595 3636 άπύχρη
1607 3567 1640 3622 τὸ
1658 3565 1821 3636 προσελθεῖν
1829 3573 1872 3652 aa}
1891 3565 1969 3622 δικά-

1160 3631 1240 3700 ζοντι,
1261 3627 1326 3688 illi
1344 3631 1386 3688 δεῖ
1402 3627 1485 3688 αύτόν
1495 3637 1614 3708 καὶπερὶ
1630 3637 1680 3688 τοῦ
1691 3631 1776 3692 sillone
1793 3637 1841 3700 τῆς
1854 3641 1971 3708 αφέσεως

1157 3701 1357 3784 μαρτύραῃθαι,
1377 3707 1424 3754 καῖ
1449 3703 1472 3756 ai
1496 3699 1581 3754 πολλὰ
1598 3707 1650 3768 ἔχει
1667 3703 1736 3772 πρὸς
1751 3701 1847 3774 άφεοιν
1869 3709 1968 3766 δίκαια,
2005 3721 2006 3766 3

1157 3769 1250 3822 πάντα
1274 3767 1422 3838 ονομάσαι·
1451 3771 1475 3822 εἰ
1498 3767 1527 3820 δὲ
1552 3769 1604 3838 μή,
1630 3765 1722 3838 όμοιός
1744 3777 1817 3826 ἐστιν
1838 3775 1878 3838 τῷ
1904 3767 1971 3840 μηδὲ

1158 3831 1539 3958 sinisteritatis*
1556 3833 1971 3960 {trullissetur
2005 3841 2006 3844 Ὗ

1159 3965 1256 4042 ἡμέραν
1272 3921 1455 4040 ,ῦόιύνημμενλλλ
1469 3923 1637 4056 ψηφλιξσνταλ
1667 3965 1812 4042 άρχόμεναι
1841 3925 1896 4028 nielli
1925 3961 1973 4024 τοῦ

1159 4039 1254 4112 καιροῦ
1270 4039 1316 4104 τὴς
1331 4035 1464 4110 γνοόοεως,
1484 4043 1513 4090 ἐν
1531 4057 1554 4106 φ
1571 4057 1611 4092 τις
1628 4039 1697 4112 ἔγνω
1715 4039 1810 4094 ἑαυτὸν
1827 4037 1968 4094 δεδόσθαι
2005 4057 2006 4108 j

1160 4111 1192 4160 10
1226 4103 1286 4176 Χρὴ
1303 4103 1335 4158 δὲ
1350 4109 1399 4174 μιᾷ
1415 4104 1638 4178 μαρτύρεσθαι12
1652 4105 1705 4176 πρὸ
1718 4105 1755 4174 βή
1778 4105 1870 4174 στοεή
1888 4105 1973 4168 άλλως,

1160 4177 1204 4226 ἐπί
1220 4171 1437 4240 ὑπομνημάτων·
1462 4171 1576 4226 δύναται
1594 4171 1623 4224 δὲ
1640 4177 1686 4224 καί
1697 4179 1747 4240 βιβ
1763 4173 1820 4226 ίδια
1832 4171 1974 4228 ἐπιδοῦναι

1163 4245 1190 4294 11
1224 4241 1358 4308 χαμάθεν,
1378 4235 1416 4298 ule
1432 4239 1461 4294 ol
1476 4235 1554 4294 αύτοί
1567 4261 1651 4310 φασιν
1664 4233 1865 4312 αύτοκράτορες.
1885 4245 1971 4294 Ταῦτα
2005 4267 2006 4270 “

1158 4309 1294 4378 περὶτῶν
1310 4305 1455 4378 φυλάσσειν
1470 4307 1520 4374 τήν
1530 4309 1705 4378 προθεσμίαν
1720 4303 1893 4378 ὀφειλόντων
1911 4311 1971 4378 περί
1988 4317 1989 4320 ’

1158 4495 1239 4530 sorem
1248 4477 1297 4528 sibi
1307 4479 1365 4542 quis
1380 4479 1493 4540 abduxit,
1504 4483 1605 4528 auratos·
1615 4479 1724 4542 elabitur,
1733 4483 1763 4528 ut
1771 4481 1809 4528 ait
1823 4479 1970 4528 constitutio
2005 4489 2006 4500 ²

1159 4543 1970 4612 diviSaveri‚qnamquireeteapplicatasloapitasimiliaomnia,
2005 4587 2006 4600 2

1159 4613 1970 4680 sumtoremdaridieetinloeumeorum,quiailtempusraeatio·
2005 4619 2006 4622 ’

1160 4685 1174 4734 l
1193 4681 1395 4746 nemaoeipiunt.
1412 4683 1440 4732 Si
1448 4681 1554 4732 libertus
1564 4681 1667 4732 elabitur
1674 4683 1897 4746 minorapatrono
1904 4687 1971 4732 tutor

1159 4749 1220 4800 filiis
1235 4749 1275 4800 vei
1291 4751 1368 4800 etiam
1382 4750 1447 4800 alins
1463 4751 1546 4816 quivis
1560 4753 1644 4800 minor
1658 4751 1752 4814 viginti
1766 4751 1877 4814 quinque
1891 4751 1970 4810 anuis,

1160 4819 1370 4882 quamdiumiuor
1379 4819 1435 4878 erit,
1443 4833 1494 4868 nou
1502 4817 1665 4882 obligabitur,
1673 4817 1970 4868 sedinterimaliusinlo-

1160 4885 1564 4936 eumeiuseuratoroonstituetur.
1574 4885 1615 4936 oui
1622 4885 1712 4936 similis
1719 4891 1757 4936 est
1763 4885 1971 4948 etiamlegitimns

1161 4957 1237 5014 tutor,
1248 4953 1271 5002 si
1280 4953 1345 5002 forte
1352 4953 1436 5002 minor
1445 4953 1491 5004 sit:
1509 4969 1568 5002 narn
1577 4955 1653 5002 etiam
1662 4953 1689 5002 in
1698 4951 1971 5004 huiusloeunnonrator

1161 5023 1177 5074 8
1195 5021 1298 5070 interim
1307 5019 1417 5074 dabitur.
1453 5021 1481 5072 Si
1496 5021 1552 5086 quis
1567 5021 1605 5072 ita
1622 5025 1742 5086 aegrotet,
1757 5023 1787 5070 ut
1799 5035 1851 5072 non
1867 5035 1931 5086 opus
1940 5019 1971 5070 sit

1161 5105 1218 5138 eum
1226 5089 1330 5138 omnino
1339 5103 1355 5138 a
1364 5089 1444 5140 tutela
1457 5089 1572 5152 liberare,
1588 5089 1616 5138 in
1629 5089 1713 5140 lorum
1722 5089 1776 5140 eius
1791 5093 1892 5140 amator
1901 5089 1971 5140 datus

1162 5161 1187 5206 et
1200 5155 1247 5207 ubi
1261 5155 1431 5218 convaluerit,
1445 5173 1531 5206 rursus
1547 5157 1602 5222 ipre
1616 5155 1722 5206 tutelam
1736 5157 1864 5220 suscipiat,
1888 5155 1932 5208 sed
1948 5155 1971 5222 al

1162 5225 1184 5272 si
1193 5225 1287 5288 quisiu
1296 5225 1407 5274 furorem
1422 5225 1550 5286 insiderit,
1565 5225 1607 5274 illi
1621 5225 1711 5276 similis
1720 5227 1767 5278 est.
1789 5225 1826 5274 ila
1840 5225 1917 5274 etiam
1930 5221 1971 5274 Ul·

1161 5293 1254 5356 planus
1263 5293 1307 5342 eit
1357 5293 1389 5356 (a)
1407 5293 1473 5342 idem
1482 5291 1609 5356 Ulpianus
1618 5293 1764 5344 soribitnou
1774 5303 1831 5344 ευοί
1841 5287 1971 5344 Μοάεετῖκί

1162 5361 1194 5422 (3)
1204 5361 1356 5412 εεῖίιε.ιίειι.
1393 5363 1425 5424 (a)
1435 5359 1496 5410 item
1504 5377 1551 5410 ιον.
1597 5361 1629 5422 (5)
1638 5363 1668 5412 id
1675 5371 1724 5412 est.-
1739 5361 1803 5410 Sunt
1812 5359 1858 5410 alli
1867 5373 1970 5426 quoqne,

1162 5425 1969 5494 qui,numiamsinttutorescuratoresve‚inperpetuumdeinceps

1161 5509 1236 5548 onere
1241 5495 1391 5556 liberantur,
1397 5493 1468 5546 verbi
1477 5495 1560 5560 gratia
1567 5497 1611 5560 qui
1620 5497 1690 5546 sedes
1697 5497 1748 5544 alio
1754 5495 1970 5546 transtuleruntex

1160 5565 1284 5628 rescripto
1298 5563 1434 5630 prineipis‚
1444 5565 1488 5628 qui
1497 5563 1563 5612 τοῖσι
1574 5579 1629 5614 euru
1637 5569 1746 5614 tutorem
1754 5579 1807 5624 esse
1816 5567 1841 5614 et
1850 5557 1970 5614 domioilii

299 5635 339 5680 rat
353 5629 420 5680 inira
434 5633 528 5696 scripta
538 5631 591 5680 divi
601 5629 686 5680 Severi
695 5629 851 5680 constitutio.
869 5629 943 5680 Divi,
956 5669 978 5682 ..
992 5631 1110 5680 liberare·
1161 5631 1354 5682 translationem
1376 5645 1489 5696 expresse
1504 5631 1528 5680 ei
1549 5629 1674 5696 largiatur
1688 5635 1714 5680 et
1727 5635 1860 5698 utrumque
1880 5629 1969 5680 litteris

299 5699 376 5750 iris.
398 5697 531 5762 Primipilo
546 5699 693 5764 periuratus
707 5699 731 5748 si
745 5701 845 5762 recepta
859 5699 939 5748 tutela
952 5699 1026 5764 pueri
1034 5699 1110 5746 nnius
1161 5697 1296 5760 signifieat.
1336 5701 1370 5764 (e)
1387 5695 1439 5768 γὰρ
1448 5699 1494 5752 del
1529 5699 1563 5760 (i)
1582 5699 1782 5750 saumoorouF
1817 5701 1850 5764 (a)
1869 5695 1969 5764 προθε-

299 5781 385 5818 rursus
393 5765 425 5816 ad
434 5763 555 5816 militaria
564 5767 647 5818 oilieia
656 5781 681 5816 se
691 5767 810 5828 eonferat,
820 5781 883 5816 onus
893 5765 1108 5830 tutelaadeponet.
1159 5769 1260 5830 μιανίῖ
1305 5763 1580 5834 (91προσθεσμιανθ
1612 5769 1656 5828 (io)
1673 5765 1722 5828 τῆς
1730 5767 1776 5818 del.
1786 5767 1907 5818 Ηεκιίιει
1930 5765 1968 5830 (ill

300 5833 1109 5898 liSimiliteretiamiuloeumeiusiutoris,quemposteaadses·
1160 5829 1284 5900 τυγχάνει
1292 5835 1453 5888 &Hermone
1472 5827 1971 5900 1111χρὴδὲδιαμαρτύρασθαιΚτιιερει·
2000 5897 2001 5900 ρ
