4376 6266
261 427 306 476 DE
328 425 442 478 FUNDO
466 427 591 476 notent

261 589 366 646 lationis
393 589 514 644 condIcio
541 591 642 646 deficit:
676 595 747 664 quod
771 595 793 646 si
818 595 912 646 mulier
935 593 963 650 in
980 595 1071 650 matri·

260 659 348 714 monio
367 659 518 718 decesserit,
537 673 569 712 ex
587 661 714 730 stipulata
733 661 798 716 iisco
817 661 887 714 dotis
905 665 974 718 actio
989 677 1070 730 quae·

260 733 376 782 teretur:
400 733 462 794 post
480 741 570 780 verum
589 737 678 782 nutem
695 729 836 782 divortium
853 731 985 784 renovatis
1003 747 1071 798 nup·

260 795 303 850 tiis
326 807 379 846 non
404 793 576 846 committitur
599 797 664 850 fisco
689 793 842 862 stipulatio,
866 795 928 850 licet
946 795 1071 852 defuncta

260 861 339 916 sitin
357 859 524 914 matrimonio
548 861 615 928 filia,
635 865 761 932 quoniam
785 863 819 916 ad
842 863 942 932 primas
965 865 1071 934 nuptias

281 927 383 982 ertiiiet,

260 945 333 1052 p27
361 995 441 1048 Inna!
468 993 537 1048 libro
565 997 657 1066 primo
689 997 872 1064 definitionum
924 995 951 1050 Si
982 997 1071 1052 liberis

260 1061 372 1118 sublatis
396 1075 503 1114 reversa
545 1069 587 1116 ost
609 1063 724 1132 iurgium
747 1081 795 1132 per
818 1063 1070 1120 dissimulationem¹

260 1129 353 1186 mulier
365 1129 447 1184 velun
461 1077 546 1182 vend
561 1129 704 1186 concordio
720 1147 754 1184 ne
770 1131 861 1186 dotata
873 1131 908 1186 sit
923 1133 1070 1196 conueniat,

260 1197 399 1252 consentio
417 1195 564 1252 secuudum
583 1195 701 1252 ordinem
719 1197 757 1252 rei
780 1205 871 1268 gestae
887 1201 1005 1252 moribus
1021 1201 1070 1252 im·

260 1263 417 1334 probande²
434 1263 501 1318 est³.

1063 407 1245 520 soom

1740 425 1849 490 XXIII
1859 431 1919 492 db

1124 611 1157 650 ex
1173 611 1287 676 persona
1310 599 1449 656 defunctae
1472 615 1500 656 se
1526 603 1680 682 exceptione
1722 607 1776 660 acti
1799 607 1923 672 tuebitur,

1124 661 1170 716 sed
1187 679 1243 730 ipse
1259 671 1316 718 erat
1332 667 1387 732 ille,
1411 669 1455 736 qui
1478 667 1558 724 stiam
1580 685 1637 724 viva
1655 685 1680 724 m
1710 689 1778 738 iere,
1802 673 1824 728 si
1841 673 1874 728 ab
1892 687 1923 728 eo

1125 729 1172 808 dns
1184 737 1323 808 peteretur,
1338 733 1467 802 potuisset
1482 749 1514 790 ea
1528 737 1682 808 exceptione
1696 739 1848 806 Marullum,
1880 739 1925 796 uis

1124 797 1262 852 deventum
1277 799 1377 854 iactum
1391 809 1455 868 erat
1470 817 1640 868 summovere,
1656 805 1818 878 eandemque
1833 757 1923 862 deden·

1124 865 1224 942 sionem
1250 867 1328 944 etiem
1352 873 1413 938 post
1437 873 1548 924 mortem
1574 871 1670 926 sororis
1696 889 1761 928 suae
1786 873 1922 928 retinebat.

1124 937 1213 998 itaque
1229 931 1330 1000 placuit
1346 951 1406 990 euni
1429 937 1462 990 ab
1486 951 1518 990 ee
1538 939 1665 1006 petitione
1683 941 1784 996 absolsi
1802 943 1874 994 nulla
1892 955 1925 994 ex

1124 999 1173 1050 hec
1183 1001 1312 1078 sententie
1326 999 1398 1054 lacta
1412 1001 1580 1072 derogatione
1592 1005 1785 1062 fideicommissi
1814 1007 1923 1072 etitioni,

1124 1081 1204 1132 quam
1217 1081 1274 1120 mre
1288 1067 1444 1124 hereditario
1472 1085 1500 1124 er
1514 1071 1595 1126 filiam
1610 1073 1685 1128 lieres
1694 1075 1785 1130 uxoris
1824 1075 1923 1130 arullus

1123 1133 1150 1186 iu
1187 1139 1244 1186 arte
1261 1135 1367 1188 dimidia
1384 1087 1506 1190 debedat.

1142 1267 1146 1278 .
1182 1198 1195 1257 1
1215 1199 1365 1256 SOAEVOLA
1385 1201 1450 1258 libro
1469 1207 1545 1258 tertio
1564 1207 1777 1274 qaaestionnm¹²
1811 1207 1839 1264 Si
1853 1209 1923 1262 inter

1123 1283 1207 1320 virum
1230 1273 1257 1320 et
1278 1285 1387 1322 uxorem
1410 1273 1543 1336 convenit,
1567 1279 1596 1326 ut
1619 1277 1726 1330 extremi
1749 1275 1812 1330 anni
1832 1275 1923 1330 matri·

293 1327 333 1388 28
351 1331 552 1408 Pacauslibro
590 1335 666 1386 sinte
683 1333 869 1410 quaestionum
911 1329 1029 1398 Quaeris,
1048 1333 1071 1384 si
1124 1335 1203 1388 monii
1220 1333 1324 1390 fructus
1342 1337 1456 1390 nondum
1479 1339 1598 1408 percepti
1619 1339 1733 1396 mulieris
1757 1345 1830 1396 lucro
1847 1343 1923 1408 dent,

260 1405 340 1468 pecte
363 1399 397 1452 sit
419 1399 514 1476 mulier
537 1347 588 1452 reI
601 1405 663 1454 ante
688 1407 805 1478 nuptres·
819 1399 862 1452 vel
877 1405 939 1468 post
956 1401 1070 1468 nuptias,
1123 1401 1272 1456 huiusmodi
1288 1411 1396 1470 pactum
1411 1405 1488 1458 ualet.

260 1473 290 1522 ut
307 1483 339 1520 ex
356 1465 432 1544 fundi
448 1465 582 1522 fructibus
600 1481 679 1536 quem
703 1465 776 1520 dedit
796 1483 825 1520 in
850 1465 939 1546 dotem
957 1467 1071 1546 creditor
1157 1465 1197 1526 32
1214 1467 1453 1546 Iltosenoslibro
1463 1479 1539 1526 sesto
1550 1475 1925 1544 coposiori'oriburiobeooi's

260 1535 374 1588 mulieris
392 1533 546 1598 dimittatur,
565 1549 600 1588 au
617 1533 706 1588 voleat
722 1533 849 1602 pentum?
876 1533 951 1600 mco,
969 1549 992 1588 si
1009 1539 1071 1588 ante
1123 1535 1196 1590 Uxor
1212 1551 1267 1590 viro
1285 1535 1395 1592 luridum
1413 1537 1578 1594 aestimatum
1602 1545 1705 1596 centum
1728 1543 1756 1596 in
1773 1543 1860 1596 dotem
1877 1541 1923 1596 de·

260 1601 365 1670 nuptias
391 1601 418 1654 id
446 1601 612 1666 convenerit,
639 1599 729 1656 velere
753 1607 862 1668 pactum
886 1615 970 1670 eoque
992 1601 1070 1656 modo
1123 1603 1212 1668 duat,
1236 1603 1332 1658 deinde
1354 1621 1413 1660 cum
1435 1605 1490 1660 siro
1513 1611 1622 1676 pactum
1643 1615 1800 1664 conventum
1816 1609 1925 1676 lecerat,

260 1669 385 1722 minorem
403 1667 492 1722 dotem
509 1669 695 1724 constitutam:
719 1675 781 1738 post
804 1669 913 1746 nuptias
929 1685 990 1724 sero
1010 1685 1070 1724 cum
1122 1679 1153 1724 ut
1178 1671 1288 1726 diuortio
1312 1671 1385 1726 facto
1412 1673 1503 1726 eodem
1534 1675 1618 1742 pretio
1644 1677 1722 1730 uxori
1751 1677 1791 1730 sir
1814 1675 1926 1730 fundum

260 1751 342 1790 onera
358 1735 518 1790 matrimonii
535 1735 639 1790 tructus
651 1735 793 1790 relevaturi
810 1745 882 1800 sunt,
900 1751 954 1790 iam
971 1737 1002 1790 de
1020 1753 1069 1790 ιιιο
1122 1739 1272 1792 restitueret
1282 1739 1316 1792 ¹³:
1340 1745 1434 1810 postes
1451 1739 1555 1794 volente
1573 1757 1653 1796 uxore
1676 1745 1716 1796 sir
1733 1759 1792 1798 eum
1814 1741 1927 1798 tunium

260 1803 367 1858 maritus
380 1803 525 1872 paciscitur
539 1807 569 1858 ut
582 1803 699 1858 dimittat
713 1805 876 1868 creditorem,
893 1809 919 1856 et
934 1805 983 1858 erit
998 1819 1070 1858 mera
1123 1807 1296 1860 ducentorum
1322 1807 1488 1872 vendiderat,
1515 1813 1543 1862 et
1568 1807 1706 1864 divortium
1736 1817 1794 1864 erat
1815 1809 1925 1866 lactum.

259 1869 376 1926 donatio.
1121 1873 1212 1928 Labeo
1230 1879 1309 1942 putat
1325 1875 1380 1930 viro
1397 1879 1558 1942 potestatem
1574 1873 1630 1930 fieri
1643 1875 1747 1942 debere,
1762 1883 1848 1932 utrum
1865 1877 1927 1932 velit

293 1933 333 1996 29
350 1937 501 1994 Senatorii
531 1937 599 1992 libro
621 1937 741 2018 secando
755 1953 813 2016 ‘res
833 1953 959 1992 carorum
1004 1939 1068 1992 Cum
1122 1939 1238 1996 ducenta
1253 1941 1422 2020 vellendum
1439 1941 1564 2008 reddere,
1581 1957 1665 2012 neque
1688 1945 1712 2000 ei
1734 1951 1840 2012 pectam
1863 1959 1926 1998 con-

259 2005 377 2072 maritus,
395 2005 442 2074 qui
459 2005 599 2084 nestimsta
621 2005 733 2074 praedia
754 2021 783 2058 in
807 1953 895 2084 dctem
919 2009 1068 2086 aspeperat,
1121 2009 1342 2086 sentnmremitti
1359 2017 1489 2088 oportere.
1512 2011 1611 2066 idcirco
1647 2017 1693 2090 pto
1710 2013 1761 2066 boc
1778 2011 1927 2090 Labeonem

259 2077 381 2128 manente
412 2079 580 2128 matrimomo
632 2077 708 2128 actus
741 2077 781 2128 est
814 2073 1070 2128 circumscribendae
1121 2073 1298 2146 respondisse,
1307 2091 1431 2146 quoniam
1447 2077 1618 2132 voluntatem
1657 2079 1707 2134 eris
1721 2077 1819 2134 fundus
1833 2083 1927 2134 venat:

258 2141 372 2196 mulieris
389 2141 484 2210 gratia,
502 2145 533 2194 ut
548 2155 582 2208 pr
633 2141 660 2194 'a
675 2141 843 2194 inaestimata
858 2145 955 2206 essent,
969 2141 1069 2196 utsine
1123 2147 1135 2196 1
1172 2143 1223 2198 silio
1242 2143 1289 2196 uin
1310 2145 1461 2200 omnimodo
1483 2143 1584 2200 fundus
1602 2151 1660 2200 erat
1677 2145 1863 2200 restituendus.
1899 2143 1928 2204 Si

258 2209 375 2278 periculo
392 2223 442 2264 suo
461 2221 494 2262 ea
511 2207 644 2262 deteriora
659 2207 775 2262 luceret:
800 2209 949 2278 quaesitum
965 2211 1014 2276 est,
1031 2223 1068 2262 an
1121 2215 1198 2278 poter
1244 2209 1284 2266 'ae
1308 2211 1414 2266 numism
1438 2217 1538 2266 certum
1556 2213 1695 2280 pecuniam
1716 2215 1746 2268 in
1763 2213 1849 2268 dotem
1866 2227 1928 2284 pro·

257 2275 402 2330 secundnm
419 2275 522 2344 priores
545 2275 649 2330 dotales
672 2275 778 2330 tabulas
801 2275 1069 2344 praedicassemus
1120 2275 1229 2332 aneas
1245 2283 1273 2332 et
1289 2287 1385 2346 pactus
1403 2285 1450 2344 est,
1470 2295 1505 2332 ne
1520 2281 1617 2336 inritus
1636 2295 1695 2334 eam
1712 2281 1838 2336 solveret:
1864 2279 1930 2334 nibil

257 2347 425 2398 remanerent
439 2349 466 2398 et
479 2341 726 2422 periculumeorum
743 2343 1068 2412 admaritumpertiueret.
1121 2345 1155 2398 ab
1173 2359 1204 2400 eo
1223 2345 1378 2424 exigendum
1402 2351 1485 2414 puto,
1512 2347 1576 2416 quin
1601 2347 1642 2412 id,
1668 2347 1740 2428 quod
1762 2353 1840 2418 pacto
1865 2361 1929 2402 con·

258 2411 381 2480 respondi
403 2425 458 2466 nou
487 2409 604 2488 idcirco⁴
626 2419 738 2480 pactum
761 2411 793 2466 de
815 2425 869 2480 quo
899 2415 1070 2490 quaereretur
1120 2419 1198 2468 rento
1216 2427 1250 2466 ne
1266 2413 1364 2470 mvitus
1381 2413 1529 2482 exigeretur
1547 2425 1713 2482 convenerit,
1731 2415 1758 2470 in
1776 2413 1843 2470 dotis
1866 2429 1930 2470 cau·

257 2475 384 2548 impediri,
403 2477 476 2546 quod
491 2491 519 2530 m
536 2479 705 2534 matrimonio
722 2477 825 2532 lactum
848 2485 932 2542 esset,
956 2493 978 2532 si
995 2475 1068 2532 dete·
1120 2493 1178 2536 ιιιιι
1194 2493 1252 2534 esse
1270 2493 1325 2534 non
1341 2479 1473 2536 rideretur

257 2545 327 2600 iiora
348 2547 408 2600 loco
433 2547 483 2600 dos
506 2561 561 2600 non
584 2551 669 2602 esset:
695 2545 794 2600 ‘nihilo
824 2545 910 2600 miuus
934 2559 966 2600 eo
988 2549 1068 2614 pecto

255 2611 380 2678 edmero,
395 2611 419 2668 si
433 2611 566 2668 deteriora
579 2611 691 2682 praedia
704 2611 814 2676 iaceret,
827 2627 859 2668 eo
869 2611 948 2666 etiam
962 2611 1068 2666 romine

258 2683 267 2732 l
306 2679 376 2736 dotis
394 2695 455 2734 eum
473 2681 579 2734 actione
595 2679 689 2736 teneri.
725 2677 811 2734 Titius
827 2677 944 2732 mulieris
960 2677 1066 2732 nomino
1488 2683 1554 2744 vu,

255 2745 344 2802 dotem
362 2747 435 2802 dedit
452 2753 479 2802 et
494 2747 639 2816 stipulatus
662 2751 705 2802 est
719 2745 748 2800 in
765 2761 857 2826 pssum
873 2745 966 2824 mortis
983 2749 1010 2798 et
1025 2743 1066 2798 di·
1358 2781 1403 2830 lin
1421 2779 1537 2832 ΜΗΘ
1553 2779 1680 2830 Doml

255 2815 346 2870 rortii:
371 2815 483 2870 dirordo
500 2819 592 2870 secuto
614 2827 670 2870 nou
691 2817 806 2882 repetita
823 2809 889 2890 ,dom
911 2809 996 2890 Τιιιιιι
1019 2809 1065 2890 de·
1334 2881 1340 2892 .
1436 2881 1442 2892 .
1494 2879 1500 2890 ,
1681 2819 1687 2832 ·
1741 2879 1747 2894 ο

255 2881 348 2938 cessit:
373 2881 468 2938 mulier
482 2895 515 2936 ex
530 2881 668 2936 soluntste
683 2877 789 2936 heredis
806 2891 863 2932 eius
880 2875 956 2932 sedin
1028 2881 1067 2932 sit
1154 2875 1386 2956 lPscnoslaliro
1404 2881 1439 2932 tri
1459 2893 1542 2932 eramo
1555 2881 1633 2956 sexto
1648 2877 1687 2932 od
1700 2877 1815 2958 edictum
1840 2879 1927 2934 Intor-

254 2949 464 3006 matrimonium:
488 2947 637 3016 quaesitum
654 2951 705 3012 est,
722 2959 759 3000 an
774 2959 807 2998 ex
830 2941 959 3012 stipidstu
994 2949 1064 2998 otem
1116 2941 1179 2998 dum
1196 2941 1315 2998 lexluba
1331 2943 1366 3000 de
1381 2895 1465 2998 lund'ir
1479 2943 1564 3000 dotali
1581 2947 1683 2998 cesset:
1707 2959 1730 2998 si
1748 2947 1784 3002 ob
1799 2943 1833 3010 id,
1853 2947 1926 3024 quod

254 3023 346 3084 petere
358 3015 452 3088 possit.
475 3013 601 3082 respondi
615 3013 740 3068 heredem
754 3009 825 3076 Titii,
840 3011 864 3064 si
878 3009 1065 3074 consensisset,
1116 3009 1226 3064 maritus
1244 3009 1333 3064 damni
1349 3009 1441 3064 iniecti
1454 3025 1509 3064 uon
1524 3011 1642 3072 carebat,
1658 3011 1756 3068 missus
1774 3013 1808 3066 sit
1824 3013 1926 3070 ricinus

255 3089 285 3136 ut
302 3085 492 3154 eaqusntitas,
506 3095 585 3152 quem
599 3097 633 3136 ex
647 3079 779 3150 stipulatu
791 3075 919 3144 consequi
932 3081 1064 3146 potuerat,
1115 3077 1143 3130 in
1165 3077 1360 3154 possessionem
1383 3075 1479 3132 dotalis
1497 3075 1616 3158 praedii,
1649 3075 1745 3132 deinde
1773 3079 1860 3134 iussus
1890 3079 1926 3136 sit

253 3149 324 3206 dotis
341 3151 515 3208 reconciliato
533 3147 701 3202 matrimonio
719 3145 807 3208 fieret,
832 3157 912 3212 posse
927 3141 1000 3212 pacti
1017 3157 1062 3198 ex·
1115 3143 1263 3212 possidere:
1287 3143 1331 3196 luc
1349 3145 1417 3198 onim
1434 3145 1557 3198 dominus
1580 3145 1681 3198 ricinus
1704 3145 1750 3210 fit,
1772 3145 1835 3214 quis
1856 3145 1925 3202 besa

254 3221 270 3272 t
305 3219 428 3286 ceptione
444 3215 610 3270 summovet.
644 3211 743 3268 Mulier
766 3211 799 3266 de
815 3209 877 3266 dote
895 3223 973 3278 quam
991 3207 1064 3264 dedit
1118 3215 1129 3262 1
1166 3211 1288 3264 elienmm
1306 3225 1361 3266 non
1378 3215 1419 3264 est
1433 3211 1593 3266 voluntaris.
1628 3211 1681 3264 Sed
1705 3217 1732 3266 st
1755 3227 1803 3282 per
1820 3211 1924 3268 nnivsr-

252 3289 456 3408 ”titini
470 3277 1063 3402 'tttn‘itttiltntttittdt
1114 3277 1363 3408 diffidi-id*
1379 3277 1525 3400 titius
1543 3277 1779 3400 ttttttttttt
1796 3277 1924 3402 tntis

250 3367 383 3474 decedens
401 3363 528 3484 qdddiu
545 3429 588 3470 res
606 3415 711 3470 dotales
727 3361 822 3468 madito
839 3385 979 3482 legsvitet
995 3411 1062 3474 eliis,
1114 3415 1201 3466 tsmen
1218 3411 1284 3478 inre,
1302 3419 1333 3466 ut
1350 3385 1459 3468 dliensri
1476 3429 1531 3468 non
1548 3413 1641 3482 possit.
1772 3389 1779 3412 ’
1871 3481 1877 3492 Ι

250 3483 382 3556 quondum
404 3483 543 3538 exsertis
567 3481 702 3538 domibus
726 3479 885 3536 manumisit.
915 3479 1062 3560 quaesitum
1148 3473 1335 3532 2Unl’lnntls
1349 3481 1415 3536 titre
1433 3481 1527 3550 putato
1546 3481 1579 3534 dc
1593 3481 1734 3536 adulteriis
1767 3481 1796 3534 Si
1811 3485 1922 3536 maritus

251 3559 301 3618 est,
320 3567 355 3606 an
372 3553 483 3604 meritus
501 3553 609 3606 earum⁰
628 3549 742 3612 nomine,
760 3563 826 3618 quas
849 3549 946 3616 legarit
962 3547 1062 3626 mulier²
1113 3543 1194 3598 luerit
1215 3545 1242 3598 in
1265 3547 1418 3604 servitutem
1439 3547 1580 3612 redactos,
1606 3563 1641 3602 an
1665 3547 1785 3604 dominus
1808 3549 1924 3602 ebenum

251 3627 280 3676 et
297 3635 441 3684 servorum,
460 3633 527 3688 quos
542 3617 702 3680 manumisit,
716 3615 793 3670 fratri
807 3621 920 3670 tenetur.
938 3613 1062 3736 respondi
1113 3613 1185 3666 hunc
1209 3611 1323 3694 fundum
1349 3631 1402 3670 non
1427 3615 1533 3684 possit?
1558 3613 1629 3694 quod
1655 3623 1719 3694 puto
1747 3631 1805 3696 esse
1826 3615 1922 3670 serim.

251 3689 318 3742 nihil
335 3687 456 3758 proponi,
476 3701 523 3740 cur
540 3701 594 3740 non
611 3693 755 3748 teneretur,
773 3699 833 3738 cum
852 3685 896 3738 et⁷
917 3683 969 3738 iam
1005 3697 1062 3736 ore·
1130 3691 1196 3734 nero
1214 3685 1241 3734 et
1258 3697 1281 3736 si
1298 3681 1333 3736 ad
1350 3685 1443 3738 liscum
1460 3689 1624 3752 pervenerit,
1648 3683 1731 3736 nihdo
1755 3699 1841 3738 minus
1858 3697 1921 3736 ven·

251 3755 462 3838 desdeluuctae
486 3759 540 3808 tam
565 3751 700 3824 legatariis
723 3769 802 3820 quam
824 3749 991 3806 libertatibus
1013 3749 1061 3804 ob·
1113 3695 1178 3802 ditio
1194 3743 1271 3802 fundi
1285 3747 1438 3826 impeditur,
1457 3751 1576 3872 praemiis
1594 3751 1675 3804 fiscus
1692 3765 1797 3820 semper
1812 3749 1923 3806 idonens
1958 3757 1962 3764 '

251 3837 327 3950 mdld
342 3829 532 3948 sdelitescentes
548 3889 615 3944 libro
633 3889 735 3944 docimo
750 3887 960 3958 disputationum
992 3883 1061 3940 Bas·
1112 3821 1305 3962 supceppopqpip
1318 3817 1541 3958 ddirIiOIdreildedimo
1558 3889 1637 3940 sesto
1654 3883 1692 3938 sd
1707 3883 1822 3962 edibiam
1847 3881 1921 3964 Fun·

251 3955 312 4014 bins
329 3957 475 4014 Marcelliis
492 3955 593 4010 Baebio
611 3955 727 4012 nimbo
754 3955 823 4010 dotis
846 3953 917 4008 tiliae
932 3967 996 4008 suae
1012 3965 1060 4006 no·
1112 3947 1163 4004 dus
1180 3947 1294 4028 doteb¹⁶
1311 3965 1386 4006 servo
1404 3951 1508 4022 legatus
1532 3949 1567 4004 ad
1590 3949 1673 4018 legem
1690 3949 1785 4004 lulisin
1806 3955 1922 4030 pertinet

252 4027 323 4080 mine
341 4033 454 4084 centena
471 4023 630 4094 promiserat
647 4029 675 4078 et
692 4027 853 4078 convenerit
869 4021 1007 4098 intereos,
1027 4029 1062 4072 ns
1114 4019 1126 4068 t
1160 4031 1239 4138 prasi
1256 4015 1362 4096 dotalis
1397 4019 1506 4098 Totiens
1523 4021 1612 4096 sptem
1634 4031 1689 4072 non
1706 4021 1795 4084 potest
1810 4015 1920 4096 sibenen

251 4105 285 4150 ea
301 4093 350 4150 dos
369 4097 510 4150 constante
521 4091 688 4146 matrimonio
707 4091 869 4162 peteretur',
888 4087 947 4142 rel·
960 4101 983 4142 ιι
998 4089 1062 4156 post
1110 4081 1159 4136 tun
1175 4099 1218 4162 ¹iis,
1255 4089 1359 4142 rebeus
1375 4087 1477 4142 mulien
1500 4089 1573 4140 nobo
1596 4081 1629 4138 ds
1651 4079 1713 4136 dote
1730 4087 1856 4150 competit
1871 4089 1921 4138 snt

251 4167 363 4216 mortem
379 4161 465 4230 petris
481 4159 510 4214 iii
527 4159 695 4216 matrimonio
712 4157 770 4212 sine
792 4157 881 4212 lilimis
898 4153 953 4208 filia
968 4151 1059 4230 decep·
1111 4163 1225 4204 omuino
1244 4167 1261 4206 o
1279 4153 1455 4234 competiturs
1471 4159 1519 4232 est
1655 4215 1662 4228 ⁴
1827 4215 1833 4228 ,
1871 4215 1878 4228 ,

251 4229 338 4294 sisset,
356 4235 387 4286 ut
404 4227 514 4282 dimidia
530 4225 579 4282 dos
597 4225 669 4296 apud
686 4225 831 4280 Marullum
847 4225 1001 4282 rennueret,
1019 4219 1059 4272 di·
1145 4213 1276 4276 dGaws
1299 4219 1367 4276 libro
1391 4219 1532 4276 ιηάισιιιο
1558 4215 1595 4270 od
1615 4213 1731 4292 edictam
1748 4213 1919 4294 prqvioomla

251 4297 332 4352 uiue
353 4297 432 4354 miri
454 4295 570 4350 minen
599 4293 797 4348 mutuemur
875 4303 909 4342 ue
931 4287 1008 4344 esim
1030 4287 1059 4340 in
1109 4281 1526 4364 calumniaremini
1549 4279 1918 4360 nnedorrosmxitpeid

251 4363 450 4434 stipulationem
473 4363 588 4416 deducta
611 4367 696 4416 eram.
718 4365 822 4414 mortuo
894 4357 987 4420 rcello,
1004 4351 1059 4408 filio
1109 4357 1204 4408 marito
1229 4351 1311 4408 bcest
1335 4353 1452 4432 obigere
1476 4353 1525 4406 aut
1550 4345 1681 4426 aberrare,
1706 4345 1818 4426 plenius·
1834 4351 1916 4402 mter-

251 4437 279 4486 et
296 4431 351 4488 lilia
367 4429 569 4502 superstitibus,
592 4429 656 4484 dote
678 4427 802 4482 anseres
823 4423 894 4506 filiae
910 4421 1059 4546 prselcgatt
1109 4417 1239 4538 pretendit
1256 4423 1305 4484 eti.
1322 4427 1353 4474 tlt
1367 4425 1446 4474 tim
1463 4415 1497 4470 ¹10
1512 4429 1611 4484 ³1>011⁸⁰
1628 4411 1698 4468 ffiem
1715 4429 1780 4468 ”mi
1796 4419 1833 4468 ⁵¹1
1845 4417 1917 4482 ΨΜ

251 4495 383 4556 nimius
405 4505 471 4554 usta
494 4495 549 4552 iilis
577 4495 721 4550 diremerat
745 4499 772 4550 et
796 4493 891 4546 nuber
930 4491 1059 4546 merent
1128 4491 1263 4540 emarito.
1769 4549 1775 4560 ,
1862 4549 1868 4560 ‚

251 4563 335 4622 dame
348 4585 397 4624 suo
413 4573 440 4622 et
455 4565 509 4618 dlis
523 4579 555 4618 ex
568 4561 692 4632 partibus
701 4561 792 4630 eequis
805 4557 945 4614 heredibus
953 4555 1057 4612 relictis.
1144 4547 1164 4606 5
1186 4549 1408 4630 Uarimsbbro
1420 4547 1540 4628 respnde
1553 4545 1587 4624 dc
1600 4545 1723 4600 omnibus
1737 4545 1917 4626 namnetibus

250 4621 1059 4762 tristissitusanntstsdun
1109 4611 1917 4750 mtutmsmrmnnrmrincei

250 4765 340 4822 dotem
356 4769 467 4840 petebat
482 4765 528 4822 illa
545 4765 713 4826 coniectore,
736 4759 812 4828 qussi
833 4761 902 4814 inter
917 4759 984 4814 duos
1001 4757 1058 4828 ple·
1109 4767 1127 4806 ιι
1161 4765 1194 4804 ne
1210 4747 1234 4804 ei
1250 4749 1317 4804 adas
1334 4749 1476 4828 impetrem.
1633 4813 1648 4824 ..
1846 4815 1852 4828 ⁶

251 4837 351 4892 coisset
367 4837 441 4894 nullo
458 4835 573 4890 liliorum
596 4833 718 4886 metante
740 4831 846 4882 mortua
866 4825 976 4880 muliere
996 4839 1059 4894 per·
1179 4817 1260 4894 loss
1274 4815 1343 4894 libro
1360 4819 1453 4884 punito
1469 4813 1504 4868 de
1520 4813 1660 4892 eduliumi
1699 4813 1752 4892 Sed
1770 4829 1819 4870 nec
1835 4815 1914 4896 liber-

250 4901 383 4960 mendosis
398 4917 536 4960 remanere
551 4897 622 4968 apud
637 4895 769 4958 maritum,
783 4891 867 4972 magis
876 4891 1059 4970 conuenisset⁰
1108 4891 1150 4940 tas
1167 4887 1299 4938 rerntnur
1315 4882 1416 4962 urbpiuo
1435 4879 1545 5002 prppdpo
1562 4879 1766 5002 dompfidebitae
1780 4887 1915 4952 competit,

250 4957 1058 5102 siciturusnttsisttmitusm
1109 4947 1652 5094 nei‘sissima“itaiitii,
1679 4949 1842 5096 ιιι,
1886 5015 1916 5072 ι

249 5081 396 5176 ι-ιιιςιιιέιι
419 5105 600 5174 exceptionem
622 5097 702 5154 etism
725 5091 815 5150 hmedi
837 5089 980 5160 proficeres
1009 5089 1057 5146 sed
1108 5081 1352 5162 mensurandum
1369 5081 1431 5136 Titii
1454 5087 1610 5160 serpentem
1633 5079 1716 5136 dotali
1739 5083 1846 5152 praedio
1859 5083 1914 5164 'sd-

249 5167 278 5226 in
295 5175 392 5244 specie,
410 5187 480 5244 qm
496 5169 660 5242 propostam
677 5177 733 5220 non
749 5157 825 5230 quasi
847 5159 924 5212 lieres
941 5155 1057 5212 mulieris
1109 5151 1233 5224 pruinis
1250 5155 1363 5206 servitus
1385 5147 1557 5206 contunditur
1574 5155 1600 5204 et
1616 5149 1668 5204 boc
1685 5153 1782 5206 cssu¹⁸
1799 5157 1911 5206 maritus

249 5261 1905 5298 W

364 5345 370 5358 ·
400 5343 406 5356 ·
490 5341 498 5354 ·
596 5377 602 5388 ,
688 5335 695 5350 ·
740 5331 881 5380 mnemia.
942 5323 1056 5378 siitF²
1142 5317 1911 5384 (irascaris.ii...icis;Pep.io.ie...ia-Bai.ts,s.-

248 5337 791 5470 gfflpmsndmmffizd{fflfflfflr
862 5395 896 5458 (s)
914 5329 995 5442 rdrdm
1010 5395 1056 5444 im.
1110 5389 1147 5456 Qs.
1160 5387 1287 5462 0⁰d·5i²³‚
1386 5385 1430 5448 (te)
1448 5384 1650 5464 ιιιιίιιιιίιιιιιιιξἱ
1748 5387 1910 5464 (stiricdstr.

251 5479 309 5530 dm
396 5479 429 5542 (η
447 5481 474 5526 et
488 5475 534 5526 dep·
604 5465 790 5536 pptppeteturp
852 5463 887 5524 (g)
905 5459 952 5522 vel]
968 5465 993 5508 et
1007 5477 1056 5510 ια,
1107 5451 1353 5532 ι,·ιιιιΒ,ι1οιιι1ιιῈ’Ι
1388 5455 1429 5512 (Π)
1448 5469 1491 5502 810.
1500 5469 1548 5530 ἐι).
1559 5451 1593 5516 Β,
1602 5447 1911 5532 ωιῐῐεῐζθμρρῑῒιθηξ

252 5545 286 5608 (9)
305 5545 378 5610 quui
387 5539 673 5608 pnperqmgptmimt
689 5573 710 5590 ,,
719 5573 724 5584 ,
734 5531 813 5598 magis
827 5527 1055 5580 oonvenissentrar.
1108 5523 1152 5584 (ts)
1163 5519 1368 5598 mddmnitolur
1369 5521 1426 5584 scre
1432 5533 1572 5598 ‘'.q¹¹⁰¹¹¹.⁸m.
1578 5525 1746 5598 permarinum
1753 5533 1805 5570 ιιιιι
1811 5513 1908 5582 praedii

247 5611 294 5674 (ιι)
313 5593 1054 5662 oumeonveninmtmortusinmatrimoniomulierepartsm
1106 5583 1363 5662 insistentisisctum
1372 5585 1531 5646 osterliudi
1542 5581 1851 5662 Titanidomrnussdbue
1860 5581 1908 5638 est,

248 5677 444 5728 datiarum-itum
451 5675 603 5740 intimum,
612 5671 680 5726 nibil
689 5659 942 5722 anmluersridsbsrs
949 5659 1055 5724 repudio
1105 5671 1162 5706 ιιιιιι
1177 5653 1221 5704 dos
1236 5653 1386 5712 restituitur,
1402 5653 1530 5716 obligetur
1539 5653 1626 5704 criiiit
1637 5653 1662 5702 ei
1671 5653 1812 5722 servitutem
1820 5643 1905 5722 dpm

248 5743 333 5796 mim,
350 5743 405 5796 ἄη·
413 5761 461 5798 m
470 5743 552 5796 Bp„
647 5743 690 5806 (ii)
707 5729 938 5802 migetirjrolgsrs
945 5741 1053 5778 ιιιιιιι.
1105 5721 1202 5788 imponi
1207 5719 1326 5786 peditur.
1337 5719 1467 5770 siinterim
1474 5717 1580 5770 fundum
1586 5731 1673 5768 rursus
1679 5707 1904 5766 pernicitatem

246 5811 294 5870 tin
312 5811 519 5874 uusmtioriemt’
597 5809 645 5878 (rs)
662 5797 872 5872 pnsstituerstl'
1105 5787 1181 5854 Titio,
1198 5787 1314 5838 boocsm
