<?xml version="1.0" encoding="UTF-8"?>
<!DOCTYPE html PUBLIC "-//W3C//DTD XHTML 1.0 Transitional//EN"
    "http://www.w3.org/TR/xhtml1/DTD/xhtml1-transitional.dtd">
<html xmlns="http://www.w3.org/1999/xhtml" xml:lang="en" lang="en">
 <head>
  <title>
</title>
<meta http-equiv="Content-Type" content="text/html;charset=utf-8" />
  <meta name='ocr-system' content='tesseract 3.04.00' />
  <meta name='ocr-capabilities' content='ocr_page ocr_carea ocr_par ocr_line ocrx_word'/>
</head>
<body>
  <div class='ocr_page' id='page_1' title='image "./corpusiuriscivi00schogoog/corpusiuriscivi00schogoog_0688.png"; bbox 0 0 4366 6258; ppageno 0'>
   <div class='ocr_carea' id='block_1_1' title="bbox 252 369 501 418">
    <p class='ocr_par' dir='ltr' id='par_1_1' title="bbox 252 369 501 418">
     <span class='ocr_line' id='line_1_1' title="bbox 252 369 501 418; baseline -0.008 0"><span class='ocrx_word' id='word_1_1' title='bbox 252 369 330 418; x_wconf 79' lang='lat' dir='ltr'>UNDE</span> <span class='ocrx_word' id='word_1_2' title='bbox 350 369 501 418; x_wconf 74' lang='lat' dir='ltr'>naaman</span> 
     </span>
    </p>
   </div>
   <div class='ocr_carea' id='block_1_2' title="bbox 254 539 1048 1814">
    <p class='ocr_par' dir='ltr' id='par_1_2' title="bbox 254 539 1048 870">
     <span class='ocr_line' id='line_1_2' title="bbox 254 539 1048 610; baseline -0.008 -12"><span class='ocrx_word' id='word_1_3' title='bbox 254 547 329 610; x_wconf 89' lang='lat' dir='ltr'>autem</span> <span class='ocrx_word' id='word_1_4' title='bbox 351 539 396 608; x_wconf 90' lang='lat' dir='ltr'>qni</span> <span class='ocrx_word' id='word_1_5' title='bbox 417 539 445 592; x_wconf 90' lang='lat' dir='ltr'>iu</span> <span class='ocrx_word' id='word_1_6' title='bbox 466 543 600 608; x_wconf 77' lang='lat' dir='ltr'>potestate</span> <span class='ocrx_word' id='word_1_7' title='bbox 620 539 710 592; x_wconf 85' lang='lat' dir='ltr'>iuerat</span> <span class='ocrx_word' id='word_1_8' title='bbox 731 541 905 608; x_wconf 89' lang='lat' dir='ltr'>praeteritus,</span> <span class='ocrx_word' id='word_1_9' title='bbox 931 541 1048 594; x_wconf 86' lang='lat' dir='ltr'>emanci-</span> 
     </span>
     <span class='ocr_line' id='line_1_3' title="bbox 254 607 1048 682; baseline -0.008 -18"><span class='ocrx_word' id='word_1_10' title='bbox 254 617 332 682; x_wconf 88' lang='lat' dir='ltr'>patum</span> <span class='ocrx_word' id='word_1_11' title='bbox 366 613 480 660; x_wconf 87' lang='lat' dir='ltr'>stentem</span> <span class='ocrx_word' id='word_1_12' title='bbox 497 607 531 662; x_wconf 92' lang='lat' dir='ltr'>ab</span> <span class='ocrx_word' id='word_1_13' title='bbox 548 607 674 660; x_wconf 88' lang='lat' dir='ltr'>intestato</span> <span class='ocrx_word' id='word_1_14' title='bbox 698 607 829 660; x_wconf 90' lang='lat' dir='ltr'>bonorum</span> <span class='ocrx_word' id='word_1_15' title='bbox 851 609 1048 676; x_wconf 87' lang='lat' dir='ltr'>possessionem</span> 
     </span>
     <span class='ocr_line' id='line_1_4' title="bbox 254 623 1047 752; baseline -0.009 -18"><span class='ocrx_word' id='word_1_16' title='bbox 254 679 312 734; x_wconf 90' lang='lat' dir='ltr'>unde</span> <span class='ocrx_word' id='word_1_17' title='bbox 328 623 402 728; x_wconf 66' lang='lat' dir='ltr'>liberi</span> <span class='ocrx_word' id='word_1_18' title='bbox 419 673 488 752; x_wconf 81' lang='lat' dir='ltr'>iperi</span> <span class='ocrx_word' id='word_1_19' title='bbox 505 673 585 728; x_wconf 90' lang='lat' dir='ltr'>dehet</span> <span class='ocrx_word' id='word_1_20' title='bbox 600 679 710 742; x_wconf 89' lang='lat' dir='ltr'>praetor</span> <span class='ocrx_word' id='word_1_21' title='bbox 726 689 812 742; x_wconf 88' lang='lat' dir='ltr'>usque</span> <span class='ocrx_word' id='word_1_22' title='bbox 836 677 870 730; x_wconf 89' lang='lat' dir='ltr'>ad</span> <span class='ocrx_word' id='word_1_23' title='bbox 887 681 990 746; x_wconf 86' lang='lat' dir='ltr'>partem</span> <span class='ocrx_word' id='word_1_24' title='bbox 1008 673 1047 728; x_wconf 91' lang='lat' dir='ltr'>di·</span> 
     </span>
     <span class='ocr_line' id='line_1_5' title="bbox 254 741 1047 812; baseline -0.006 -12"><span class='ocrx_word' id='word_1_25' title='bbox 254 745 359 806; x_wconf 85' lang='lat' dir='ltr'>midiam,</span> <span class='ocrx_word' id='word_1_26' title='bbox 381 741 489 804; x_wconf 80' lang='lat' dir='ltr'>perinde</span> <span class='ocrx_word' id='word_1_27' title='bbox 512 745 594 810; x_wconf 88' lang='lat' dir='ltr'>atque</span> <span class='ocrx_word' id='word_1_28' title='bbox 617 741 640 796; x_wconf 90' lang='lat' dir='ltr'>si</span> <span class='ocrx_word' id='word_1_29' title='bbox 662 741 750 796; x_wconf 88' lang='lat' dir='ltr'>nullas</span> <span class='ocrx_word' id='word_1_30' title='bbox 768 741 875 796; x_wconf 87' lang='lat' dir='ltr'>tabulas</span> <span class='ocrx_word' id='word_1_31' title='bbox 892 749 969 812; x_wconf 90' lang='lat' dir='ltr'>pater</span> <span class='ocrx_word' id='word_1_32' title='bbox 986 741 1047 796; x_wconf 88' lang='lat' dir='ltr'>reli-</span> 
     </span>
     <span class='ocr_line' id='line_1_6' title="bbox 267 815 348 870; baseline -0.086 -2"><span class='ocrx_word' id='word_1_33' title='bbox 267 815 348 870; x_wconf 87' lang='lat' dir='ltr'>nisset.</span> 
     </span>
    </p>

    <p class='ocr_par' dir='ltr' id='par_1_3' title="bbox 254 835 1048 1624">
     <span class='ocr_line' id='line_1_7' title="bbox 254 835 1046 944; baseline -0.004 -15"><span class='ocrx_word' id='word_1_34' title='bbox 254 835 459 936; x_wconf 66' lang='lat' dir='ltr'>qairreins</span> <span class='ocrx_word' id='word_1_35' title='bbox 481 873 549 928; x_wconf 80' lang='lat' dir='ltr'>libro</span> <span class='ocrx_word' id='word_1_36' title='bbox 575 877 717 928; x_wconf 82' lang='lat' dir='ltr'>vicensimo</span> <span class='ocrx_word' id='word_1_37' title='bbox 743 875 856 944; x_wconf 81' lang='lat' dir='ltr'>septimo</span> <span class='ocrx_word' id='word_1_38' title='bbox 882 875 913 928; x_wconf 85' lang='lat' dir='ltr'>di</span> <span class='ocrx_word' id='word_1_39' title='bbox 931 879 1046 928; x_wconf 77' lang='lat' dir='ltr'>errorum</span> 
     </span>
     <span class='ocr_line' id='line_1_8' title="bbox 254 893 1047 1012; baseline -0.008 -12"><span class='ocrx_word' id='word_1_40' title='bbox 254 943 429 1012; x_wconf 63' lang='lat' dir='ltr'>mancipatus</span> <span class='ocrx_word' id='word_1_41' title='bbox 453 943 615 1010; x_wconf 90' lang='lat' dir='ltr'>praeteritus</span> <span class='ocrx_word' id='word_1_42' title='bbox 638 943 661 996; x_wconf 92' lang='grc'>11</span> <span class='ocrx_word' id='word_1_43' title='bbox 679 947 774 996; x_wconf 88' lang='lat' dir='ltr'>eontra</span> <span class='ocrx_word' id='word_1_44' title='bbox 791 941 898 994; x_wconf 89' lang='lat' dir='ltr'>tabulas</span> <span class='ocrx_word' id='word_1_45' title='bbox 911 893 1047 996; x_wconf 65' lang='lat' dir='ltr'>bonorum</span> 
     </span>
     <span class='ocr_line' id='line_1_9' title="bbox 254 1009 1047 1090; baseline -0.01 -20"><span class='ocrx_word' id='word_1_46' title='bbox 254 1011 431 1090; x_wconf 88' lang='lat' dir='ltr'>possessionem</span> <span class='ocrx_word' id='word_1_47' title='bbox 453 1025 508 1064; x_wconf 93' lang='lat' dir='ltr'>non</span> <span class='ocrx_word' id='word_1_48' title='bbox 531 1009 664 1078; x_wconf 86' lang='lat' dir='ltr'>acceperit</span> <span class='ocrx_word' id='word_1_49' title='bbox 687 1015 714 1064; x_wconf 92' lang='lat' dir='ltr'>et</span> <span class='ocrx_word' id='word_1_50' title='bbox 735 1009 829 1078; x_wconf 91' lang='lat' dir='ltr'>scripti</span> <span class='ocrx_word' id='word_1_51' title='bbox 845 1009 956 1064; x_wconf 91' lang='lat' dir='ltr'>heredes</span> <span class='ocrx_word' id='word_1_52' title='bbox 974 1009 1047 1062; x_wconf 89' lang='lat' dir='ltr'>adie-</span> 
     </span>
     <span class='ocr_line' id='line_1_10' title="bbox 254 1077 1046 1146; baseline -0.009 -7"><span class='ocrx_word' id='word_1_53' title='bbox 254 1087 298 1140; x_wconf 88' lang='lat' dir='ltr'>rint</span> <span class='ocrx_word' id='word_1_54' title='bbox 312 1077 489 1144; x_wconf 73' lang='lat' dir='ltr'>hereditatem,</span> <span class='ocrx_word' id='word_1_55' title='bbox 512 1093 562 1132; x_wconf 91' lang='lat' dir='ltr'>sua</span> <span class='ocrx_word' id='word_1_56' title='bbox 586 1077 666 1146; x_wconf 88' lang='lat' dir='ltr'>culpa</span> <span class='ocrx_word' id='word_1_57' title='bbox 688 1077 785 1130; x_wconf 88' lang='lat' dir='ltr'>amittit</span> <span class='ocrx_word' id='word_1_58' title='bbox 806 1081 947 1146; x_wconf 89' lang='lat' dir='ltr'>paternam</span> <span class='ocrx_word' id='word_1_59' title='bbox 969 1079 1046 1132; x_wconf 92' lang='lat' dir='ltr'>here-</span> 
     </span>
     <span class='ocr_line' id='line_1_11' title="bbox 255 1145 1046 1216; baseline -0.008 -12"><span class='ocrx_word' id='word_1_60' title='bbox 255 1153 363 1208; x_wconf 89' lang='lat' dir='ltr'>ditatem:</span> <span class='ocrx_word' id='word_1_61' title='bbox 390 1161 453 1200; x_wconf 90' lang='lat' dir='ltr'>nam</span> <span class='ocrx_word' id='word_1_62' title='bbox 475 1145 593 1216; x_wconf 89' lang='lat' dir='ltr'>quamvis</span> <span class='ocrx_word' id='word_1_63' title='bbox 617 1145 763 1200; x_wconf 89' lang='lat' dir='ltr'>secundum</span> <span class='ocrx_word' id='word_1_64' title='bbox 785 1145 892 1200; x_wconf 90' lang='lat' dir='ltr'>tabulas</span> <span class='ocrx_word' id='word_1_65' title='bbox 915 1145 1046 1198; x_wconf 89' lang='lat' dir='ltr'>bonorum</span> 
     </span>
     <span class='ocr_line' id='line_1_12' title="bbox 254 1213 1048 1292; baseline -0.01 -18"><span class='ocrx_word' id='word_1_66' title='bbox 254 1215 371 1292; x_wconf 81' lang='lat' dir='ltr'>possessio</span> <span class='ocrx_word' id='word_1_67' title='bbox 388 1213 471 1284; x_wconf 88' lang='lat' dir='ltr'>petita</span> <span class='ocrx_word' id='word_1_68' title='bbox 487 1229 542 1266; x_wconf 90' lang='lat' dir='ltr'>non</span> <span class='ocrx_word' id='word_1_69' title='bbox 558 1213 654 1280; x_wconf 88' lang='lat' dir='ltr'>fuerit,</span> <span class='ocrx_word' id='word_1_70' title='bbox 677 1229 732 1268; x_wconf 90' lang='lat' dir='ltr'>uon</span> <span class='ocrx_word' id='word_1_71' title='bbox 753 1217 844 1268; x_wconf 88' lang='lat' dir='ltr'>tamen</span> <span class='ocrx_word' id='word_1_72' title='bbox 861 1227 922 1266; x_wconf 87' lang='lat' dir='ltr'>eum</span> <span class='ocrx_word' id='word_1_73' title='bbox 938 1219 1048 1282; x_wconf 89' lang='lat' dir='ltr'>praetor</span> 
     </span>
     <span class='ocr_line' id='line_1_13' title="bbox 255 1279 1046 1350; baseline -0.01 -8"><span class='ocrx_word' id='word_1_74' title='bbox 255 1291 338 1346; x_wconf 84' lang='lat' dir='ltr'>matur,</span> <span class='ocrx_word' id='word_1_75' title='bbox 352 1287 382 1336; x_wconf 94' lang='lat' dir='ltr'>ut</span> <span class='ocrx_word' id='word_1_76' title='bbox 395 1283 527 1336; x_wconf 90' lang='lat' dir='ltr'>bonorum</span> <span class='ocrx_word' id='word_1_77' title='bbox 540 1281 736 1350; x_wconf 89' lang='lat' dir='ltr'>possessionem</span> <span class='ocrx_word' id='word_1_78' title='bbox 749 1281 865 1350; x_wconf 87' lang='lat' dir='ltr'>accipiat</span> <span class='ocrx_word' id='word_1_79' title='bbox 876 1279 948 1336; x_wconf 91' lang='lat' dir='ltr'>unde</span> <span class='ocrx_word' id='word_1_80' title='bbox 961 1281 1046 1336; x_wconf 84' lang='lat' dir='ltr'>liberi.</span> 
     </span>
     <span class='ocr_line' id='line_1_14' title="bbox 256 1349 1047 1420; baseline -0.008 -12"><span class='ocrx_word' id='word_1_81' title='bbox 256 1369 305 1410; x_wconf 89' lang='lat' dir='ltr'>nam</span> <span class='ocrx_word' id='word_1_82' title='bbox 320 1357 345 1404; x_wconf 89' lang='lat' dir='ltr'>et</span> <span class='ocrx_word' id='word_1_83' title='bbox 360 1355 504 1418; x_wconf 88' lang='lat' dir='ltr'>patronum</span> <span class='ocrx_word' id='word_1_84' title='bbox 520 1351 708 1420; x_wconf 87' lang='lat' dir='ltr'>praeteritum,</span> <span class='ocrx_word' id='word_1_85' title='bbox 732 1349 755 1404; x_wconf 93' lang='grc'>11</span> <span class='ocrx_word' id='word_1_86' title='bbox 778 1367 832 1404; x_wconf 92' lang='lat' dir='ltr'>non</span> <span class='ocrx_word' id='word_1_87' title='bbox 855 1353 930 1418; x_wconf 91' lang='lat' dir='ltr'>petat</span> <span class='ocrx_word' id='word_1_88' title='bbox 953 1355 1047 1402; x_wconf 87' lang='lat' dir='ltr'>contra</span> 
     </span>
     <span class='ocr_line' id='line_1_15' title="bbox 256 1417 1046 1486; baseline -0.008 -10"><span class='ocrx_word' id='word_1_89' title='bbox 256 1419 346 1476; x_wconf 82' lang='grc'>1111111</span> <span class='ocrx_word' id='word_1_90' title='bbox 362 1421 494 1472; x_wconf 87' lang='lat' dir='ltr'>bonorum</span> <span class='ocrx_word' id='word_1_91' title='bbox 510 1417 717 1486; x_wconf 87' lang='lat' dir='ltr'>possessionem,</span> <span class='ocrx_word' id='word_1_92' title='bbox 743 1433 776 1470; x_wconf 85' lang='lat' dir='ltr'>ex</span> <span class='ocrx_word' id='word_1_93' title='bbox 795 1417 841 1472; x_wconf 91' lang='lat' dir='ltr'>illa</span> <span class='ocrx_word' id='word_1_94' title='bbox 863 1421 941 1486; x_wconf 89' lang='lat' dir='ltr'>parte</span> <span class='ocrx_word' id='word_1_95' title='bbox 959 1417 1046 1482; x_wconf 87' lang='lat' dir='ltr'>edicti,</span> 
     </span>
     <span class='ocr_line' id='line_1_16' title="bbox 255 1485 1046 1554; baseline 0 -14"><span class='ocrx_word' id='word_1_96' title='bbox 255 1487 313 1546; x_wconf 82' lang='lat' dir='ltr'>uude</span> <span class='ocrx_word' id='word_1_97' title='bbox 328 1485 433 1554; x_wconf 83' lang='lat' dir='ltr'>legitimi</span> <span class='ocrx_word' id='word_1_98' title='bbox 450 1489 593 1550; x_wconf 86' lang='lat' dir='ltr'>vocantur,</span> <span class='ocrx_word' id='word_1_99' title='bbox 617 1501 672 1540; x_wconf 90' lang='lat' dir='ltr'>non</span> <span class='ocrx_word' id='word_1_100' title='bbox 697 1485 766 1540; x_wconf 88' lang='lat' dir='ltr'>solet</span> <span class='ocrx_word' id='word_1_101' title='bbox 785 1485 856 1540; x_wconf 89' lang='lat' dir='ltr'>tueri</span> <span class='ocrx_word' id='word_1_102' title='bbox 872 1489 981 1554; x_wconf 89' lang='lat' dir='ltr'>praetor</span> <span class='ocrx_word' id='word_1_103' title='bbox 998 1485 1046 1540; x_wconf 82' lang='lat' dir='ltr'>ad-</span> 
     </span>
     <span class='ocr_line' id='line_1_17' title="bbox 256 1553 598 1624; baseline -0.018 -12"><span class='ocrx_word' id='word_1_104' title='bbox 256 1569 334 1612; x_wconf 86' lang='lat' dir='ltr'>versus</span> <span class='ocrx_word' id='word_1_105' title='bbox 350 1555 462 1624; x_wconf 88' lang='lat' dir='ltr'>scriptos</span> <span class='ocrx_word' id='word_1_106' title='bbox 479 1553 598 1608; x_wconf 90' lang='lat' dir='ltr'>heredes.</span> 
     </span>
    </p>

    <p class='ocr_par' dir='ltr' id='par_1_4' title="bbox 256 1621 1047 1814">
     <span class='ocr_line' id='line_1_18' title="bbox 282 1621 1047 1680; baseline -0.008 0"><span class='ocrx_word' id='word_1_107' title='bbox 282 1621 547 1680; x_wconf 68' lang='lat' dir='ltr'>interamnano</span> <span class='ocrx_word' id='word_1_108' title='bbox 571 1627 664 1678; x_wconf 84' lang='lat' dir='ltr'>octono</span> <span class='ocrx_word' id='word_1_109' title='bbox 689 1621 726 1676; x_wconf 87' lang='lat' dir='ltr'>ad</span> <span class='ocrx_word' id='word_1_110' title='bbox 741 1621 871 1678; x_wconf 81' lang='lat' dir='ltr'>Sabinam</span> <span class='ocrx_word' id='word_1_111' title='bbox 911 1623 1047 1678; x_wconf 87' lang='lat' dir='ltr'>Bonorum</span> 
     </span>
     <span class='ocr_line' id='line_1_19' title="bbox 256 1689 1045 1814; baseline -0.003 -68"><span class='ocrx_word' id='word_1_112' title='bbox 256 1689 372 1814; x_wconf 85' lang='lat' dir='ltr'>possessio</span> <span class='ocrx_word' id='word_1_113' title='bbox 389 1695 479 1758; x_wconf 87' lang='lat' dir='ltr'>potest</span> <span class='ocrx_word' id='word_1_114' title='bbox 495 1691 551 1758; x_wconf 90' lang='lat' dir='ltr'>peti</span> <span class='ocrx_word' id='word_1_115' title='bbox 566 1691 599 1744; x_wconf 90' lang='lat' dir='ltr'>ab</span> <span class='ocrx_word' id='word_1_116' title='bbox 613 1691 749 1770; x_wconf 80' lang='lat' dir='ltr'>intestato,</span> <span class='ocrx_word' id='word_1_117' title='bbox 767 1691 790 1744; x_wconf 88' lang='lat' dir='ltr'>si</span> <span class='ocrx_word' id='word_1_118' title='bbox 804 1695 906 1744; x_wconf 87' lang='lat' dir='ltr'>certum</span> <span class='ocrx_word' id='word_1_119' title='bbox 921 1693 956 1744; x_wconf 92' lang='lat' dir='ltr'>sit</span> <span class='ocrx_word' id='word_1_120' title='bbox 968 1691 1045 1744; x_wconf 88' lang='lat' dir='ltr'>tabu-</span> 
     </span>
    </p>
   </div>
   <div class='ocr_carea' id='block_1_3' title="bbox 264 1757 1047 1882">
    <p class='ocr_par' dir='ltr' id='par_1_5' title="bbox 264 1757 1047 1882">
     <span class='ocr_line' id='line_1_20' title="bbox 264 1757 945 1828; baseline -0.003 -16"><span class='ocrx_word' id='word_1_121' title='bbox 264 1775 287 1812; x_wconf 84' lang='grc'>11</span> <span class='ocrx_word' id='word_1_122' title='bbox 302 1771 351 1810; x_wconf 88' lang='lat' dir='ltr'>non</span> <span class='ocrx_word' id='word_1_123' title='bbox 367 1763 459 1810; x_wconf 80' lang='lat' dir='ltr'>extare</span> <span class='ocrx_word' id='word_1_124' title='bbox 476 1763 578 1828; x_wconf 85' lang='lat' dir='ltr'>septem</span> <span class='ocrx_word' id='word_1_125' title='bbox 594 1759 703 1812; x_wconf 89' lang='lat' dir='ltr'>testium</span> <span class='ocrx_word' id='word_1_126' title='bbox 720 1773 733 1812; x_wconf 91' lang='grc'>1</span> <span class='ocrx_word' id='word_1_127' title='bbox 761 1757 801 1814; x_wconf 90' lang='lat' dir='ltr'>nis</span> <span class='ocrx_word' id='word_1_128' title='bbox 819 1759 945 1828; x_wconf 86' lang='lat' dir='ltr'>signatas.</span> 
     </span>
     <span class='ocr_line' id='line_1_21' title="bbox 283 1773 1047 1882; baseline -0.005 -2"><span class='ocrx_word' id='word_1_129' title='bbox 283 1823 427 1880; x_wconf 77' lang='lat' dir='ltr'>lPsouus</span> <span class='ocrx_word' id='word_1_130' title='bbox 447 1825 514 1878; x_wconf 83' lang='lat' dir='ltr'>libro</span> <span class='ocrx_word' id='word_1_131' title='bbox 536 1825 653 1880; x_wconf 82' lang='lat' dir='ltr'>seeundo</span> <span class='ocrx_word' id='word_1_132' title='bbox 677 1825 715 1880; x_wconf 85' lang='lat' dir='ltr'>od</span> <span class='ocrx_word' id='word_1_133' title='bbox 734 1773 866 1882; x_wconf 45' lang='lat' dir='ltr'>{aaronis</span> <span class='ocrx_word' id='word_1_134' title='bbox 906 1825 998 1880; x_wconf 86' lang='lat' dir='ltr'>Liberi</span> <span class='ocrx_word' id='word_1_135' title='bbox 1022 1831 1047 1880; x_wconf 92' lang='lat' dir='ltr'>et</span> 
     </span>
    </p>
   </div>
   <div class='ocr_carea' id='block_1_4' title="bbox 1039 351 1105 424">
    <p class='ocr_par' dir='ltr' id='par_1_6' title="bbox 1039 351 1105 424">
     <span class='ocr_line' id='line_1_22' title="bbox 1039 351 1105 424; baseline -0.03 0"><span class='ocrx_word' id='word_1_136' title='bbox 1039 351 1105 424; x_wconf 74' lang='grc'>577</span> 
     </span>
    </p>
   </div>
   <div class='ocr_carea' id='block_1_5' title="bbox 1649 349 1911 416">
    <p class='ocr_par' dir='ltr' id='par_1_7' title="bbox 1649 349 1911 416">
     <span class='ocr_line' id='line_1_23' title="bbox 1649 349 1911 416; baseline 0.008 -4"><span class='ocrx_word' id='word_1_137' title='bbox 1649 349 1823 412; x_wconf 80' lang='lat' dir='ltr'><strong>XXXVIII</strong></span> <span class='ocrx_word' id='word_1_138' title='bbox 1846 357 1875 416; x_wconf 84' lang='lat'>6.</span> <span class='ocrx_word' id='word_1_139' title='bbox 1895 359 1911 414; x_wconf 81' lang='lat'><strong>7</strong></span> 
     </span>
    </p>
   </div>
   <div class='ocr_carea' id='block_1_6' title="bbox 1098 529 1914 1896">
    <p class='ocr_par' dir='ltr' id='par_1_8' title="bbox 1098 529 1914 1896">
     <span class='ocr_line' id='line_1_24' title="bbox 1100 529 1913 604; baseline -0.005 -16"><span class='ocrx_word' id='word_1_140' title='bbox 1100 535 1149 588; x_wconf 88' lang='lat' dir='ltr'>sed</span> <span class='ocrx_word' id='word_1_141' title='bbox 1171 551 1226 588; x_wconf 91' lang='lat' dir='ltr'>non</span> <span class='ocrx_word' id='word_1_142' title='bbox 1248 553 1326 592; x_wconf 88' lang='lat' dir='ltr'>suum</span> <span class='ocrx_word' id='word_1_143' title='bbox 1349 541 1474 604; x_wconf 89' lang='lat' dir='ltr'>nepotem</span> <span class='ocrx_word' id='word_1_144' title='bbox 1497 535 1569 598; x_wconf 83' lang='lat' dir='ltr'>fore,</span> <span class='ocrx_word' id='word_1_145' title='bbox 1593 529 1666 600; x_wconf 89' lang='lat' dir='ltr'>quod</span> <span class='ocrx_word' id='word_1_146' title='bbox 1685 529 1836 598; x_wconf 84' lang='lat' dir='ltr'>proximum</span> <span class='ocrx_word' id='word_1_147' title='bbox 1853 547 1913 598; x_wconf 90' lang='lat' dir='ltr'>gra-</span> 
     </span>
     <span class='ocr_line' id='line_1_25' title="bbox 1100 595 1913 676; baseline -0.002 -22"><span class='ocrx_word' id='word_1_148' title='bbox 1100 601 1164 654; x_wconf 88' lang='lat' dir='ltr'>dum</span> <span class='ocrx_word' id='word_1_149' title='bbox 1186 619 1330 672; x_wconf 87' lang='lat' dir='ltr'>numquam</span> <span class='ocrx_word' id='word_1_150' title='bbox 1352 603 1482 668; x_wconf 90' lang='lat' dir='ltr'>tenuerit,</span> <span class='ocrx_word' id='word_1_151' title='bbox 1507 617 1568 656; x_wconf 88' lang='lat' dir='ltr'>cnm</span> <span class='ocrx_word' id='word_1_152' title='bbox 1591 605 1617 654; x_wconf 90' lang='lat' dir='ltr'>et</span> <span class='ocrx_word' id='word_1_153' title='bbox 1640 599 1698 666; x_wconf 90' lang='lat' dir='ltr'>ipse</span> <span class='ocrx_word' id='word_1_154' title='bbox 1721 595 1913 676; x_wconf 73' lang='grc'>1111111111-</span> 
     </span>
     <span class='ocr_line' id='line_1_26' title="bbox 1100 669 1913 740; baseline -0.002 -18"><span class='ocrx_word' id='word_1_155' title='bbox 1100 673 1197 722; x_wconf 87' lang='lat' dir='ltr'>testate</span> <span class='ocrx_word' id='word_1_156' title='bbox 1220 687 1305 740; x_wconf 89' lang='lat' dir='ltr'>neque</span> <span class='ocrx_word' id='word_1_157' title='bbox 1327 677 1406 738; x_wconf 87' lang='lat' dir='ltr'>pater</span> <span class='ocrx_word' id='word_1_158' title='bbox 1428 685 1489 724; x_wconf 90' lang='lat' dir='ltr'>enm</span> <span class='ocrx_word' id='word_1_159' title='bbox 1511 669 1541 722; x_wconf 89' lang='lat' dir='ltr'>in</span> <span class='ocrx_word' id='word_1_160' title='bbox 1563 669 1614 722; x_wconf 86' lang='lat' dir='ltr'>hec</span> <span class='ocrx_word' id='word_1_161' title='bbox 1638 677 1808 720; x_wconf 80' lang='lat' dir='ltr'>successione</span> <span class='ocrx_word' id='word_1_162' title='bbox 1835 681 1913 732; x_wconf 90' lang='lat' dir='ltr'>prae-</span> 
     </span>
     <span class='ocr_line' id='line_1_27' title="bbox 1100 733 1914 816; baseline -0.005 -26"><span class='ocrx_word' id='word_1_163' title='bbox 1100 735 1209 790; x_wconf 89' lang='lat' dir='ltr'>venerit.</span> <span class='ocrx_word' id='word_1_164' title='bbox 1245 745 1272 790; x_wconf 92' lang='lat' dir='ltr'>et</span> <span class='ocrx_word' id='word_1_165' title='bbox 1288 739 1407 816; x_wconf 82' lang='lat' dir='ltr'>alioquin</span> <span class='ocrx_word' id='word_1_166' title='bbox 1424 737 1447 790; x_wconf 90' lang='lat' dir='ltr'>si</span> <span class='ocrx_word' id='word_1_167' title='bbox 1464 753 1519 790; x_wconf 92' lang='lat' dir='ltr'>non</span> <span class='ocrx_word' id='word_1_168' title='bbox 1535 751 1600 798; x_wconf 88' lang='lat' dir='ltr'>suus</span> <span class='ocrx_word' id='word_1_169' title='bbox 1618 735 1697 788; x_wconf 90' lang='lat' dir='ltr'>heres</span> <span class='ocrx_word' id='word_1_170' title='bbox 1715 737 1764 798; x_wconf 89' lang='lat' dir='ltr'>est,</span> <span class='ocrx_word' id='word_1_171' title='bbox 1785 749 1838 802; x_wconf 91' lang='lat' dir='ltr'>quo</span> <span class='ocrx_word' id='word_1_172' title='bbox 1855 733 1914 786; x_wconf 87' lang='lat' dir='ltr'>inre</span> 
     </span>
     <span class='ocr_line' id='line_1_28' title="bbox 1100 801 1913 872; baseline -0.005 -16"><span class='ocrx_word' id='word_1_173' title='bbox 1100 805 1177 856; x_wconf 87' lang='lat' dir='ltr'>heres</span> <span class='ocrx_word' id='word_1_174' title='bbox 1195 805 1252 870; x_wconf 87' lang='lat' dir='ltr'>erit,</span> <span class='ocrx_word' id='word_1_175' title='bbox 1270 805 1317 872; x_wconf 87' lang='lat' dir='ltr'>qui</span> <span class='ocrx_word' id='word_1_176' title='bbox 1334 817 1391 858; x_wconf 81' lang='lat' dir='ltr'>siue</span> <span class='ocrx_word' id='word_1_177' title='bbox 1404 803 1485 868; x_wconf 91' lang='lat' dir='ltr'>dubio</span> <span class='ocrx_word' id='word_1_178' title='bbox 1501 819 1554 856; x_wconf 89' lang='lat' dir='ltr'>non</span> <span class='ocrx_word' id='word_1_179' title='bbox 1569 811 1609 858; x_wconf 90' lang='lat' dir='ltr'>est</span> <span class='ocrx_word' id='word_1_180' title='bbox 1621 801 1773 870; x_wconf 80' lang='lat' dir='ltr'>adgnatos?</span> <span class='ocrx_word' id='word_1_181' title='bbox 1795 805 1913 854; x_wconf 89' lang='lat' dir='ltr'>ceterum</span> 
     </span>
     <span class='ocr_line' id='line_1_29' title="bbox 1099 869 1912 950; baseline -0.002 -26"><span class='ocrx_word' id='word_1_182' title='bbox 1099 875 1127 924; x_wconf 91' lang='lat' dir='ltr'>et</span> <span class='ocrx_word' id='word_1_183' title='bbox 1150 869 1173 922; x_wconf 89' lang='lat' dir='ltr'>si</span> <span class='ocrx_word' id='word_1_184' title='bbox 1196 887 1251 924; x_wconf 90' lang='lat' dir='ltr'>non</span> <span class='ocrx_word' id='word_1_185' title='bbox 1274 871 1310 924; x_wconf 89' lang='lat' dir='ltr'>sit</span> <span class='ocrx_word' id='word_1_186' title='bbox 1334 871 1511 924; x_wconf 83' lang='lat' dir='ltr'>exheredatus</span> <span class='ocrx_word' id='word_1_187' title='bbox 1533 887 1629 938; x_wconf 89' lang='lat' dir='ltr'>nepos,</span> <span class='ocrx_word' id='word_1_188' title='bbox 1658 871 1727 924; x_wconf 89' lang='lat' dir='ltr'>adiri</span> <span class='ocrx_word' id='word_1_189' title='bbox 1750 869 1852 950; x_wconf 87' lang='lat' dir='ltr'>poterit</span> <span class='ocrx_word' id='word_1_190' title='bbox 1880 885 1912 922; x_wconf 83' lang='lat' dir='ltr'>ex</span> 
     </span>
     <span class='ocr_line' id='line_1_30' title="bbox 1100 937 1911 1006; baseline 0.002 -16"><span class='ocrx_word' id='word_1_191' title='bbox 1100 943 1258 992; x_wconf 87' lang='lat' dir='ltr'>testamento</span> <span class='ocrx_word' id='word_1_192' title='bbox 1282 937 1417 990; x_wconf 85' lang='lat' dir='ltr'>hereditas</span> <span class='ocrx_word' id='word_1_193' title='bbox 1440 955 1458 992; x_wconf 89' lang='lat' dir='ltr'>a</span> <span class='ocrx_word' id='word_1_194' title='bbox 1481 937 1580 1006; x_wconf 89' lang='lat' dir='ltr'>scripto</span> <span class='ocrx_word' id='word_1_195' title='bbox 1603 939 1701 994; x_wconf 84' lang='lat' dir='ltr'>herede</span> <span class='ocrx_word' id='word_1_196' title='bbox 1718 939 1773 992; x_wconf 83' lang='lat' dir='ltr'>filio</span> <span class='ocrx_word' id='word_1_197' title='bbox 1790 943 1911 992; x_wconf 89' lang='lat' dir='ltr'>mortuo:</span> 
     </span>
     <span class='ocr_line' id='line_1_31' title="bbox 1100 1005 1911 1074; baseline 0.002 -16"><span class='ocrx_word' id='word_1_198' title='bbox 1100 1019 1182 1074; x_wconf 87' lang='lat' dir='ltr'>quare</span> <span class='ocrx_word' id='word_1_199' title='bbox 1199 1005 1245 1072; x_wconf 91' lang='lat' dir='ltr'>qui</span> <span class='ocrx_word' id='word_1_200' title='bbox 1262 1021 1316 1058; x_wconf 90' lang='lat' dir='ltr'>non</span> <span class='ocrx_word' id='word_1_201' title='bbox 1334 1005 1426 1060; x_wconf 88' lang='lat' dir='ltr'>obstat</span> <span class='ocrx_word' id='word_1_202' title='bbox 1442 1005 1500 1060; x_wconf 91' lang='lat' dir='ltr'>iure</span> <span class='ocrx_word' id='word_1_203' title='bbox 1517 1007 1644 1072; x_wconf 88' lang='lat' dir='ltr'>intestati,</span> <span class='ocrx_word' id='word_1_204' title='bbox 1661 1007 1720 1062; x_wconf 88' lang='lat' dir='ltr'>iure</span> <span class='ocrx_word' id='word_1_205' title='bbox 1734 1007 1827 1060; x_wconf 89' lang='lat' dir='ltr'>testati</span> <span class='ocrx_word' id='word_1_206' title='bbox 1840 1005 1911 1060; x_wconf 89' lang='lat' dir='ltr'>vide-</span> 
     </span>
     <span class='ocr_line' id='line_1_32' title="bbox 1103 1071 1911 1144; baseline 0 -18"><span class='ocrx_word' id='word_1_207' title='bbox 1103 1081 1111 1126; x_wconf 90' lang='grc'>1</span> <span class='ocrx_word' id='word_1_208' title='bbox 1150 1073 1222 1126; x_wconf 87' lang='lat' dir='ltr'>bitur</span> <span class='ocrx_word' id='word_1_209' title='bbox 1245 1071 1389 1126; x_wconf 89' lang='lat' dir='ltr'>obstitisse.</span> <span class='ocrx_word' id='word_1_210' title='bbox 1430 1073 1493 1128; x_wconf 91' lang='lat' dir='ltr'>Non</span> <span class='ocrx_word' id='word_1_211' title='bbox 1516 1075 1554 1128; x_wconf 89' lang='lat' dir='ltr'>sio</span> <span class='ocrx_word' id='word_1_212' title='bbox 1577 1075 1734 1144; x_wconf 87' lang='lat' dir='ltr'>parentibus</span> <span class='ocrx_word' id='word_1_213' title='bbox 1757 1075 1911 1138; x_wconf 87' lang='lat' dir='ltr'>liberorum,</span> 
     </span>
     <span class='ocr_line' id='line_1_33' title="bbox 1098 1141 1913 1214; baseline 0.001 -18"><span class='ocrx_word' id='word_1_214' title='bbox 1098 1147 1130 1196; x_wconf 90' lang='lat' dir='ltr'>ut</span> <span class='ocrx_word' id='word_1_215' title='bbox 1145 1141 1236 1196; x_wconf 90' lang='lat' dir='ltr'>liberis</span> <span class='ocrx_word' id='word_1_216' title='bbox 1254 1141 1404 1210; x_wconf 88' lang='lat' dir='ltr'>parentium</span> <span class='ocrx_word' id='word_1_217' title='bbox 1422 1141 1535 1196; x_wconf 90' lang='lat' dir='ltr'>debetur</span> <span class='ocrx_word' id='word_1_218' title='bbox 1556 1143 1705 1198; x_wconf 86' lang='lat' dir='ltr'>hereditas:</span> <span class='ocrx_word' id='word_1_219' title='bbox 1729 1151 1854 1214; x_wconf 89' lang='lat' dir='ltr'>parentes</span> <span class='ocrx_word' id='word_1_220' title='bbox 1877 1143 1913 1198; x_wconf 90' lang='lat' dir='ltr'>ad</span> 
     </span>
     <span class='ocr_line' id='line_1_34' title="bbox 1098 1207 1911 1278; baseline 0.002 -14"><span class='ocrx_word' id='word_1_221' title='bbox 1098 1213 1170 1264; x_wconf 89' lang='lat' dir='ltr'>hona</span> <span class='ocrx_word' id='word_1_222' title='bbox 1192 1209 1338 1264; x_wconf 89' lang='lat' dir='ltr'>liberorum</span> <span class='ocrx_word' id='word_1_223' title='bbox 1360 1207 1430 1262; x_wconf 87' lang='lat' dir='ltr'>ratio</span> <span class='ocrx_word' id='word_1_224' title='bbox 1454 1209 1629 1266; x_wconf 85' lang='lat' dir='ltr'>miserationis</span> <span class='ocrx_word' id='word_1_225' title='bbox 1654 1211 1784 1278; x_wconf 84' lang='lat' dir='ltr'>admittit,</span> <span class='ocrx_word' id='word_1_226' title='bbox 1812 1213 1911 1268; x_wconf 88' lang='lat' dir='ltr'>liberos</span> 
     </span>
     <span class='ocr_line' id='line_1_35' title="bbox 1099 1279 1803 1346; baseline 0.003 -12"><span class='ocrx_word' id='word_1_227' title='bbox 1099 1285 1218 1342; x_wconf 87' lang='lat' dir='ltr'>naturae,</span> <span class='ocrx_word' id='word_1_228' title='bbox 1238 1279 1317 1332; x_wconf 89' lang='lat' dir='ltr'>simul</span> <span class='ocrx_word' id='word_1_229' title='bbox 1334 1281 1363 1330; x_wconf 92' lang='lat' dir='ltr'>et</span> <span class='ocrx_word' id='word_1_230' title='bbox 1379 1279 1530 1346; x_wconf 90' lang='lat' dir='ltr'>parentium</span> <span class='ocrx_word' id='word_1_231' title='bbox 1548 1295 1686 1336; x_wconf 90' lang='lat' dir='ltr'>commune</span> <span class='ocrx_word' id='word_1_232' title='bbox 1703 1287 1803 1336; x_wconf 84' lang='lat' dir='ltr'>votnm.</span> 
     </span>
     <span class='ocr_line' id='line_1_36' title="bbox 1134 1343 1911 1416; baseline 0.003 -14"><span class='ocrx_word' id='word_1_233' title='bbox 1134 1343 1338 1406; x_wconf 76' lang='grc'>8111111111</span> <span class='ocrx_word' id='word_1_234' title='bbox 1361 1351 1440 1398; x_wconf 78' lang='lat' dir='ltr'>sento</span> <span class='ocrx_word' id='word_1_235' title='bbox 1463 1363 1653 1416; x_wconf 78' lang='lat' dir='ltr'>responsorum</span> <span class='ocrx_word' id='word_1_236' title='bbox 1687 1347 1773 1402; x_wconf 87' lang='lat' dir='ltr'>Filius</span> <span class='ocrx_word' id='word_1_237' title='bbox 1796 1349 1911 1404; x_wconf 89' lang='lat' dir='ltr'>familias</span> 
     </span>
     <span class='ocr_line' id='line_1_37' title="bbox 1099 1415 1910 1486; baseline 0.004 -17"><span class='ocrx_word' id='word_1_238' title='bbox 1099 1423 1129 1470; x_wconf 94' lang='lat' dir='ltr'>ut</span> <span class='ocrx_word' id='word_1_239' title='bbox 1145 1415 1281 1486; x_wconf 84' lang='lat' dir='ltr'>proximus</span> <span class='ocrx_word' id='word_1_240' title='bbox 1305 1419 1435 1484; x_wconf 85' lang='lat' dir='ltr'>cognatus</span> <span class='ocrx_word' id='word_1_241' title='bbox 1459 1419 1536 1482; x_wconf 88' lang='lat' dir='ltr'>patre</span> <span class='ocrx_word' id='word_1_242' title='bbox 1558 1417 1741 1472; x_wconf 86' lang='lat' dir='ltr'>consentiente</span> <span class='ocrx_word' id='word_1_243' title='bbox 1762 1417 1910 1486; x_wconf 89' lang='lat' dir='ltr'>possessio·</span> 
     </span>
     <span class='ocr_line' id='line_1_38' title="bbox 1099 1481 1910 1552; baseline 0 -12"><span class='ocrx_word' id='word_1_244' title='bbox 1099 1501 1160 1540; x_wconf 88' lang='lat' dir='ltr'>nem</span> <span class='ocrx_word' id='word_1_245' title='bbox 1177 1481 1314 1552; x_wconf 83' lang='lat' dir='ltr'>adgnovit:</span> <span class='ocrx_word' id='word_1_246' title='bbox 1340 1481 1458 1552; x_wconf 89' lang='lat' dir='ltr'>quamvis</span> <span class='ocrx_word' id='word_1_247' title='bbox 1479 1497 1528 1550; x_wconf 90' lang='lat' dir='ltr'>per</span> <span class='ocrx_word' id='word_1_248' title='bbox 1550 1485 1732 1540; x_wconf 76' lang='lat' dir='ltr'>oonfficionem</span> <span class='ocrx_word' id='word_1_249' title='bbox 1750 1491 1910 1542; x_wconf 87' lang='lat' dir='ltr'>testamento</span> 
     </span>
     <span class='ocr_line' id='line_1_39' title="bbox 1100 1549 1911 1622; baseline 0 -14"><span class='ocrx_word' id='word_1_250' title='bbox 1100 1555 1198 1620; x_wconf 86' lang='lat' dir='ltr'>datam,</span> <span class='ocrx_word' id='word_1_251' title='bbox 1217 1549 1287 1622; x_wconf 89' lang='lat' dir='ltr'>quod</span> <span class='ocrx_word' id='word_1_252' title='bbox 1304 1549 1434 1620; x_wconf 83' lang='lat' dir='ltr'>inponis</span> <span class='ocrx_word' id='word_1_253' title='bbox 1451 1555 1584 1620; x_wconf 86' lang='lat' dir='ltr'>potestate</span> <span class='ocrx_word' id='word_1_254' title='bbox 1599 1553 1735 1620; x_wconf 87' lang='lat' dir='ltr'>manserit,</span> <span class='ocrx_word' id='word_1_255' title='bbox 1754 1555 1788 1608; x_wconf 91' lang='lat' dir='ltr'>ab</span> <span class='ocrx_word' id='word_1_256' title='bbox 1805 1555 1911 1610; x_wconf 89' lang='lat' dir='ltr'>heredi-</span> 
     </span>
     <span class='ocr_line' id='line_1_40' title="bbox 1099 1621 1910 1690; baseline 0 -14"><span class='ocrx_word' id='word_1_257' title='bbox 1099 1627 1155 1678; x_wconf 88' lang='lat' dir='ltr'>tate</span> <span class='ocrx_word' id='word_1_258' title='bbox 1181 1621 1216 1676; x_wconf 89' lang='lat' dir='ltr'>sit</span> <span class='ocrx_word' id='word_1_259' title='bbox 1241 1621 1379 1686; x_wconf 85' lang='lat' dir='ltr'>exclusus,</span> <span class='ocrx_word' id='word_1_260' title='bbox 1408 1625 1498 1674; x_wconf 89' lang='lat' dir='ltr'>tamen</span> <span class='ocrx_word' id='word_1_261' title='bbox 1520 1621 1621 1674; x_wconf 90' lang='lat' dir='ltr'>utiliter</span> <span class='ocrx_word' id='word_1_262' title='bbox 1642 1621 1837 1690; x_wconf 88' lang='lat' dir='ltr'>possessionem</span> <span class='ocrx_word' id='word_1_263' title='bbox 1862 1623 1910 1676; x_wconf 91' lang='lat' dir='ltr'>ad·</span> 
     </span>
     <span class='ocr_line' id='line_1_41' title="bbox 1098 1687 1909 1760; baseline 0 -16"><span class='ocrx_word' id='word_1_264' title='bbox 1098 1689 1220 1760; x_wconf 89' lang='lat' dir='ltr'>gnovisse</span> <span class='ocrx_word' id='word_1_265' title='bbox 1242 1689 1376 1744; x_wconf 89' lang='lat' dir='ltr'>videbitur</span> <span class='ocrx_word' id='word_1_266' title='bbox 1399 1703 1449 1742; x_wconf 89' lang='lat' dir='ltr'>nec</span> <span class='ocrx_word' id='word_1_267' title='bbox 1472 1687 1500 1740; x_wconf 89' lang='lat' dir='ltr'>iu</span> <span class='ocrx_word' id='word_1_268' title='bbox 1524 1687 1604 1744; x_wconf 88' lang='lat' dir='ltr'>edicti</span> <span class='ocrx_word' id='word_1_269' title='bbox 1626 1691 1784 1744; x_wconf 87' lang='lat' dir='ltr'>senteutiam</span> <span class='ocrx_word' id='word_1_270' title='bbox 1800 1691 1909 1756; x_wconf 82' lang='lat' dir='ltr'>incidet,</span> 
     </span>
     <span class='ocr_line' id='line_1_42' title="bbox 1100 1757 1908 1828; baseline 0 -16"><span class='ocrx_word' id='word_1_271' title='bbox 1100 1759 1224 1828; x_wconf 85' lang='lat' dir='ltr'>quoniam</span> <span class='ocrx_word' id='word_1_272' title='bbox 1250 1757 1446 1828; x_wconf 88' lang='lat' dir='ltr'>possessionem</span> <span class='ocrx_word' id='word_1_273' title='bbox 1475 1757 1620 1816; x_wconf 85' lang='lat' dir='ltr'>secuudum</span> <span class='ocrx_word' id='word_1_274' title='bbox 1643 1757 1750 1812; x_wconf 90' lang='lat' dir='ltr'>tabulas</span> <span class='ocrx_word' id='word_1_275' title='bbox 1779 1775 1833 1812; x_wconf 91' lang='lat' dir='ltr'>non</span> <span class='ocrx_word' id='word_1_276' title='bbox 1862 1759 1908 1812; x_wconf 89' lang='lat' dir='ltr'>ad-</span> 
     </span>
     <span class='ocr_line' id='line_1_43' title="bbox 1099 1825 1909 1896; baseline -0.002 -14"><span class='ocrx_word' id='word_1_277' title='bbox 1099 1827 1200 1896; x_wconf 86' lang='lat' dir='ltr'>gnovit,</span> <span class='ocrx_word' id='word_1_278' title='bbox 1226 1843 1285 1880; x_wconf 90' lang='lat' dir='ltr'>cum</span> <span class='ocrx_word' id='word_1_279' title='bbox 1308 1825 1369 1880; x_wconf 92' lang='lat' dir='ltr'>inde</span> <span class='ocrx_word' id='word_1_280' title='bbox 1392 1841 1449 1880; x_wconf 90' lang='lat' dir='ltr'>rem</span> <span class='ocrx_word' id='word_1_281' title='bbox 1472 1825 1572 1880; x_wconf 90' lang='lat' dir='ltr'>habere</span> <span class='ocrx_word' id='word_1_282' title='bbox 1594 1825 1787 1894; x_wconf 70' lang='grc' dir='ltr'>1111111111ἵ</span> <span class='ocrx_word' id='word_1_283' title='bbox 1809 1829 1909 1880; x_wconf 89' lang='lat' dir='ltr'>necin</span> 
     </span>
    </p>
   </div>
   <div class='ocr_carea' id='block_1_7' title="bbox 257 1891 1911 5554">
    <p class='ocr_par' dir='ltr' id='par_1_9' title="bbox 257 1891 1911 5554">
     <span class='ocr_line' id='line_1_44' title="bbox 257 1891 1909 1964; baseline -0.001 -16"><span class='ocrx_word' id='word_1_284' title='bbox 257 1891 330 1960; x_wconf 88' lang='lat' dir='ltr'>rapite</span> <span class='ocrx_word' id='word_1_285' title='bbox 352 1893 446 1946; x_wconf 91' lang='lat' dir='ltr'>minuti</span> <span class='ocrx_word' id='word_1_286' title='bbox 470 1909 520 1960; x_wconf 88' lang='lat' dir='ltr'>per</span> <span class='ocrx_word' id='word_1_287' title='bbox 548 1893 662 1948; x_wconf 88' lang='lat' dir='ltr'>edictum</span> <span class='ocrx_word' id='word_1_288' title='bbox 692 1893 823 1962; x_wconf 88' lang='lat' dir='ltr'>praetoris</span> <span class='ocrx_word' id='word_1_289' title='bbox 853 1893 887 1948; x_wconf 88' lang='lat' dir='ltr'>ad</span> <span class='ocrx_word' id='word_1_290' title='bbox 917 1893 1047 1948; x_wconf 86' lang='lat' dir='ltr'>bonorum</span> <span class='ocrx_word' id='word_1_291' title='bbox 1099 1897 1146 1948; x_wconf 88' lang='lat' dir='ltr'>lilii</span> <span class='ocrx_word' id='word_1_292' title='bbox 1163 1899 1296 1964; x_wconf 84' lang='lat' dir='ltr'>potestate</span> <span class='ocrx_word' id='word_1_293' title='bbox 1314 1893 1436 1948; x_wconf 87' lang='lat' dir='ltr'>condicio</span> <span class='ocrx_word' id='word_1_294' title='bbox 1455 1893 1536 1948; x_wconf 86' lang='lat' dir='ltr'>tirerit</span> <span class='ocrx_word' id='word_1_295' title='bbox 1552 1909 1602 1948; x_wconf 92' lang='lat' dir='ltr'>nec</span> <span class='ocrx_word' id='word_1_296' title='bbox 1618 1893 1697 1948; x_wconf 88' lang='lat' dir='ltr'>facile</span> <span class='ocrx_word' id='word_1_297' title='bbox 1718 1899 1794 1964; x_wconf 89' lang='lat' dir='ltr'>pater</span> <span class='ocrx_word' id='word_1_298' title='bbox 1818 1909 1909 1948; x_wconf 89' lang='lat' dir='ltr'>eman-</span> 
     </span>
     <span class='ocr_line' id='line_1_45' title="bbox 271 1959 1489 2032; baseline 0 -18"><span class='ocrx_word' id='word_1_299' title='bbox 271 1959 433 2014; x_wconf 89' lang='lat' dir='ltr'>ossessionem</span> <span class='ocrx_word' id='word_1_300' title='bbox 459 1967 590 2014; x_wconf 88' lang='lat' dir='ltr'>vocantur</span> <span class='ocrx_word' id='word_1_301' title='bbox 617 1963 781 2030; x_wconf 86' lang='lat' dir='ltr'>parentium,</span> <span class='ocrx_word' id='word_1_302' title='bbox 812 1961 863 2014; x_wconf 91' lang='lat' dir='ltr'>nisi</span> <span class='ocrx_word' id='word_1_303' title='bbox 886 1961 909 2014; x_wconf 90' lang='grc'>11</span> <span class='ocrx_word' id='word_1_304' title='bbox 931 1961 1049 2028; x_wconf 79' lang='lat' dir='ltr'>adoptivi</span> <span class='ocrx_word' id='word_1_305' title='bbox 1100 1963 1190 2032; x_wconf 91' lang='lat' dir='ltr'>cipare</span> <span class='ocrx_word' id='word_1_306' title='bbox 1207 1963 1289 2022; x_wconf 84' lang='lat' dir='ltr'>filium</span> <span class='ocrx_word' id='word_1_307' title='bbox 1307 1963 1366 2032; x_wconf 84' lang='lat' dir='ltr'>cogi</span> <span class='ocrx_word' id='word_1_308' title='bbox 1382 1963 1489 2032; x_wconf 90' lang='lat' dir='ltr'>poterit.</span> 
     </span>
     <span class='ocr_line' id='line_1_46' title="bbox 257 1979 1908 2098; baseline -0.004 -10"><span class='ocrx_word' id='word_1_309' title='bbox 257 1979 351 2082; x_wconf 63' lang='lat' dir='ltr'>beriti:</span> <span class='ocrx_word' id='word_1_310' title='bbox 374 2029 404 2080; x_wconf 86' lang='lat' dir='ltr'>hi</span> <span class='ocrx_word' id='word_1_311' title='bbox 425 2027 494 2080; x_wconf 79' lang='lat' dir='ltr'>enim</span> <span class='ocrx_word' id='word_1_312' title='bbox 518 2035 544 2082; x_wconf 82' lang='lat' dir='ltr'>et</span> <span class='ocrx_word' id='word_1_313' title='bbox 566 2029 711 2082; x_wconf 83' lang='lat' dir='ltr'>liberorum</span> <span class='ocrx_word' id='word_1_314' title='bbox 731 2045 828 2082; x_wconf 85' lang='lat' dir='ltr'>nomen</span> <span class='ocrx_word' id='word_1_315' title='bbox 845 2029 971 2082; x_wconf 84' lang='lat' dir='ltr'>amittunt</span> <span class='ocrx_word' id='word_1_316' title='bbox 987 2033 1049 2096; x_wconf 84' lang='lat' dir='ltr'>post</span> <span class='ocrx_word' id='word_1_317' title='bbox 1133 2027 1152 2088; x_wconf 85' lang='lat'>9</span> <span class='ocrx_word' id='word_1_318' title='bbox 1171 2029 1289 2086; x_wconf 73' lang='lat' dir='ltr'>Pinnos</span> <span class='ocrx_word' id='word_1_319' title='bbox 1304 2031 1371 2086; x_wconf 80' lang='lat' dir='ltr'>libro</span> <span class='ocrx_word' id='word_1_320' title='bbox 1385 2029 1525 2084; x_wconf 82' lang='lat' dir='ltr'>undecimo</span> <span class='ocrx_word' id='word_1_321' title='bbox 1537 2043 1727 2098; x_wconf 79' lang='lat' dir='ltr'>responsorem</span> <span class='ocrx_word' id='word_1_322' title='bbox 1762 2027 1790 2080; x_wconf 82' lang='lat' dir='ltr'>Si</span> <span class='ocrx_word' id='word_1_323' title='bbox 1803 2033 1908 2098; x_wconf 86' lang='lat' dir='ltr'>postea,</span> 
     </span>
     <span class='ocr_line' id='line_1_47' title="bbox 257 2093 1908 2168; baseline 0 -20"><span class='ocrx_word' id='word_1_324' title='bbox 257 2093 485 2162; x_wconf 83' lang='lat' dir='ltr'>emancipationem.</span> <span class='ocrx_word' id='word_1_325' title='bbox 532 2095 579 2150; x_wconf 88' lang='lat' dir='ltr'>sed</span> <span class='ocrx_word' id='word_1_326' title='bbox 611 2097 634 2150; x_wconf 88' lang='lat' dir='ltr'>si</span> <span class='ocrx_word' id='word_1_327' title='bbox 664 2095 800 2150; x_wconf 87' lang='lat' dir='ltr'>naturales</span> <span class='ocrx_word' id='word_1_328' title='bbox 832 2095 991 2164; x_wconf 88' lang='lat' dir='ltr'>emancipati</span> <span class='ocrx_word' id='word_1_329' title='bbox 1022 2101 1049 2150; x_wconf 93' lang='lat' dir='ltr'>et</span> <span class='ocrx_word' id='word_1_330' title='bbox 1100 2113 1180 2168; x_wconf 89' lang='lat' dir='ltr'>quam</span> <span class='ocrx_word' id='word_1_331' title='bbox 1194 2097 1265 2154; x_wconf 89' lang='lat' dir='ltr'>iilius</span> <span class='ocrx_word' id='word_1_332' title='bbox 1280 2099 1463 2168; x_wconf 90' lang='lat' dir='ltr'>emancipatus</span> <span class='ocrx_word' id='word_1_333' title='bbox 1478 2095 1908 2166; x_wconf 84' lang='lat' dir='ltr'>bonorumpossessionenrpatris</span> 
     </span>
     <span class='ocr_line' id='line_1_48' title="bbox 257 2161 1908 2236; baseline 0.001 -21"><span class='ocrx_word' id='word_1_334' title='bbox 257 2161 362 2230; x_wconf 88' lang='lat' dir='ltr'>adoptati</span> <span class='ocrx_word' id='word_1_335' title='bbox 377 2161 473 2216; x_wconf 89' lang='lat' dir='ltr'>iterum</span> <span class='ocrx_word' id='word_1_336' title='bbox 490 2163 650 2232; x_wconf 87' lang='lat' dir='ltr'>emancipati</span> <span class='ocrx_word' id='word_1_337' title='bbox 666 2165 731 2230; x_wconf 88' lang='lat' dir='ltr'>sint,</span> <span class='ocrx_word' id='word_1_338' title='bbox 750 2165 850 2218; x_wconf 89' lang='lat' dir='ltr'>habent</span> <span class='ocrx_word' id='word_1_339' title='bbox 866 2163 909 2218; x_wconf 90' lang='lat' dir='ltr'>ius</span> <span class='ocrx_word' id='word_1_340' title='bbox 925 2163 1049 2218; x_wconf 88' lang='lat' dir='ltr'>naturale</span> <span class='ocrx_word' id='word_1_341' title='bbox 1100 2167 1180 2236; x_wconf 89' lang='lat' dir='ltr'>petit,</span> <span class='ocrx_word' id='word_1_342' title='bbox 1211 2173 1310 2224; x_wconf 89' lang='lat' dir='ltr'>statum</span> <span class='ocrx_word' id='word_1_343' title='bbox 1332 2185 1410 2222; x_wconf 81' lang='lat' dir='ltr'>suurn</span> <span class='ocrx_word' id='word_1_344' title='bbox 1430 2167 1557 2230; x_wconf 90' lang='lat' dir='ltr'>mutavit,</span> <span class='ocrx_word' id='word_1_345' title='bbox 1580 2161 1646 2218; x_wconf 92' lang='lat' dir='ltr'>nihil</span> <span class='ocrx_word' id='word_1_346' title='bbox 1669 2165 1764 2218; x_wconf 87' lang='lat' dir='ltr'>obesse</span> <span class='ocrx_word' id='word_1_347' title='bbox 1787 2163 1825 2230; x_wconf 89' lang='lat' dir='ltr'>ei,</span> <span class='ocrx_word' id='word_1_348' title='bbox 1856 2179 1908 2232; x_wconf 88' lang='lat' dir='ltr'>quo</span> 
     </span>
     <span class='ocr_line' id='line_1_49' title="bbox 257 2231 1908 2304; baseline 0 -20"><span class='ocrx_word' id='word_1_349' title='bbox 257 2231 390 2284; x_wconf 88' lang='lat' dir='ltr'>liberorum.</span> <span class='ocrx_word' id='word_1_350' title='bbox 817 2285 823 2298; x_wconf 81' lang='grc'>,</span> <span class='ocrx_word' id='word_1_351' title='bbox 1100 2237 1186 2290; x_wconf 91' lang='lat' dir='ltr'>minus</span> <span class='ocrx_word' id='word_1_352' title='bbox 1203 2235 1232 2290; x_wconf 91' lang='lat' dir='ltr'>id</span> <span class='ocrx_word' id='word_1_353' title='bbox 1249 2235 1320 2304; x_wconf 90' lang='lat' dir='ltr'>quod</span> <span class='ocrx_word' id='word_1_354' title='bbox 1337 2235 1463 2302; x_wconf 86' lang='lat' dir='ltr'>adquisiit</span> <span class='ocrx_word' id='word_1_355' title='bbox 1478 2233 1605 2290; x_wconf 84' lang='lat' dir='ltr'>rethreat:</span> <span class='ocrx_word' id='word_1_356' title='bbox 1625 2233 1697 2302; x_wconf 89' lang='lat' dir='ltr'>quod</span> <span class='ocrx_word' id='word_1_357' title='bbox 1713 2233 1737 2286; x_wconf 91' lang='grc'>11</span> <span class='ocrx_word' id='word_1_358' title='bbox 1753 2233 1827 2302; x_wconf 88' lang='lat' dir='ltr'>prius</span> <span class='ocrx_word' id='word_1_359' title='bbox 1844 2247 1908 2286; x_wconf 89' lang='lat' dir='ltr'>con-</span> 
     </span>
     <span class='ocr_line' id='line_1_50' title="bbox 284 2295 1908 2374; baseline 0 -22"><span class='ocrx_word' id='word_1_360' title='bbox 284 2295 501 2374; x_wconf 49' lang='lat' dir='ltr'>dirimentes</span> <span class='ocrx_word' id='word_1_361' title='bbox 515 2297 582 2354; x_wconf 84' lang='lat' dir='ltr'>libro</span> <span class='ocrx_word' id='word_1_362' title='bbox 600 2303 699 2368; x_wconf 79' lang='lat' dir='ltr'>quarto</span> <span class='ocrx_word' id='word_1_363' title='bbox 717 2299 755 2352; x_wconf 86' lang='lat' dir='ltr'>od</span> <span class='ocrx_word' id='word_1_364' title='bbox 771 2297 900 2354; x_wconf 84' lang='lat' dir='ltr'>Sabinum</span> <span class='ocrx_word' id='word_1_365' title='bbox 941 2297 969 2352; x_wconf 81' lang='lat' dir='ltr'>si</span> <span class='ocrx_word' id='word_1_366' title='bbox 992 2299 1049 2368; x_wconf 87' lang='lat' dir='ltr'>quis</span> <span class='ocrx_word' id='word_1_367' title='bbox 1101 2303 1230 2358; x_wconf 88' lang='lat' dir='ltr'>dicionem</span> <span class='ocrx_word' id='word_1_368' title='bbox 1247 2319 1323 2358; x_wconf 88' lang='lat' dir='ltr'>suam</span> <span class='ocrx_word' id='word_1_369' title='bbox 1340 2303 1465 2368; x_wconf 80' lang='grc'>11111111,</span> <span class='ocrx_word' id='word_1_370' title='bbox 1490 2305 1620 2356; x_wconf 90' lang='lat' dir='ltr'>bonorum</span> <span class='ocrx_word' id='word_1_371' title='bbox 1637 2299 1830 2368; x_wconf 89' lang='lat' dir='ltr'>possessionem</span> <span class='ocrx_word' id='word_1_372' title='bbox 1848 2315 1908 2354; x_wconf 85' lang='lat' dir='ltr'>enm</span> 
     </span>
     <span class='ocr_line' id='line_1_51' title="bbox 258 2365 1366 2440; baseline 0.007 -22"><span class='ocrx_word' id='word_1_373' title='bbox 258 2381 284 2418; x_wconf 83' lang='grc'>11</span> <span class='ocrx_word' id='word_1_374' title='bbox 301 2365 351 2428; x_wconf 82' lang='lat' dir='ltr'>his,</span> <span class='ocrx_word' id='word_1_375' title='bbox 373 2367 468 2434; x_wconf 89' lang='lat' dir='ltr'>quihus</span> <span class='ocrx_word' id='word_1_376' title='bbox 485 2365 617 2420; x_wconf 86' lang='lat' dir='ltr'>bonorum</span> <span class='ocrx_word' id='word_1_377' title='bbox 633 2365 831 2434; x_wconf 86' lang='lat' dir='ltr'>possessionem</span> <span class='ocrx_word' id='word_1_378' title='bbox 848 2371 956 2436; x_wconf 87' lang='lat' dir='ltr'>praetor</span> <span class='ocrx_word' id='word_1_379' title='bbox 972 2367 1049 2434; x_wconf 91' lang='lat' dir='ltr'>polli-</span> <span class='ocrx_word' id='word_1_380' title='bbox 1100 2377 1191 2440; x_wconf 87' lang='lat' dir='ltr'>petere</span> <span class='ocrx_word' id='word_1_381' title='bbox 1208 2387 1263 2426; x_wconf 92' lang='lat' dir='ltr'>non</span> <span class='ocrx_word' id='word_1_382' title='bbox 1279 2389 1366 2440; x_wconf 89' lang='lat' dir='ltr'>posse.</span> 
     </span>
     <span class='ocr_line' id='line_1_52' title="bbox 259 2431 1049 2502; baseline 0 -16"><span class='ocrx_word' id='word_1_383' title='bbox 259 2437 333 2494; x_wconf 85' lang='lat' dir='ltr'>tetur,</span> <span class='ocrx_word' id='word_1_384' title='bbox 355 2433 382 2486; x_wconf 92' lang='lat' dir='ltr'>in</span> <span class='ocrx_word' id='word_1_385' title='bbox 398 2437 532 2502; x_wconf 86' lang='lat' dir='ltr'>potestate</span> <span class='ocrx_word' id='word_1_386' title='bbox 550 2433 684 2502; x_wconf 89' lang='lat' dir='ltr'>parentis,</span> <span class='ocrx_word' id='word_1_387' title='bbox 708 2433 742 2488; x_wconf 93' lang='lat' dir='ltr'>de</span> <span class='ocrx_word' id='word_1_388' title='bbox 766 2431 842 2488; x_wconf 88' lang='lat' dir='ltr'>cuius</span> <span class='ocrx_word' id='word_1_389' title='bbox 861 2433 936 2488; x_wconf 89' lang='lat' dir='ltr'>bonis</span> <span class='ocrx_word' id='word_1_390' title='bbox 954 2435 1049 2500; x_wconf 88' lang='lat' dir='ltr'>agitur,</span> 
     </span>
     <span class='ocr_line' id='line_1_53' title="bbox 259 2499 1051 2622; baseline 0.003 -70"><span class='ocrx_word' id='word_1_391' title='bbox 259 2515 307 2552; x_wconf 86' lang='lat' dir='ltr'>cum</span> <span class='ocrx_word' id='word_1_392' title='bbox 326 2499 348 2554; x_wconf 90' lang='lat' dir='ltr'>is</span> <span class='ocrx_word' id='word_1_393' title='bbox 370 2501 495 2566; x_wconf 89' lang='lat' dir='ltr'>moritur,</span> <span class='ocrx_word' id='word_1_394' title='bbox 520 2515 574 2554; x_wconf 91' lang='lat' dir='ltr'>non</span> <span class='ocrx_word' id='word_1_395' title='bbox 593 2501 687 2566; x_wconf 88' lang='lat' dir='ltr'>fuerit,</span> <span class='ocrx_word' id='word_1_396' title='bbox 712 2501 737 2554; x_wconf 89' lang='lat' dir='ltr'>ei</span> <span class='ocrx_word' id='word_1_397' title='bbox 759 2501 914 2622; x_wconf 74' lang='lat' dir='ltr'>liberispue,</span> <span class='ocrx_word' id='word_1_398' title='bbox 940 2517 1006 2570; x_wconf 86' lang='lat' dir='ltr'>quos</span> <span class='ocrx_word' id='word_1_399' title='bbox 1022 2503 1051 2554; x_wconf 89' lang='lat' dir='ltr'>in</span> 
     </span>
     <span class='ocr_line' id='line_1_54' title="bbox 258 2567 1545 2638; baseline 0.003 -18"><span class='ocrx_word' id='word_1_400' title='bbox 258 2567 359 2620; x_wconf 84' lang='grc'>11111111</span> <span class='ocrx_word' id='word_1_401' title='bbox 375 2567 476 2620; x_wconf 86' lang='lat' dir='ltr'>familia</span> <span class='ocrx_word' id='word_1_402' title='bbox 490 2569 607 2632; x_wconf 87' lang='lat' dir='ltr'>habebit,</span> <span class='ocrx_word' id='word_1_403' title='bbox 626 2569 650 2620; x_wconf 92' lang='lat' dir='ltr'>si</span> <span class='ocrx_word' id='word_1_404' title='bbox 667 2567 702 2622; x_wconf 89' lang='lat' dir='ltr'>ad</span> <span class='ocrx_word' id='word_1_405' title='bbox 719 2583 765 2622; x_wconf 89' lang='lat' dir='ltr'>eos</span> <span class='ocrx_word' id='word_1_406' title='bbox 782 2569 847 2622; x_wconf 90' lang='lat' dir='ltr'>here</span> <span class='ocrx_word' id='word_1_407' title='bbox 866 2569 917 2620; x_wconf 89' lang='lat' dir='ltr'>itas</span> <span class='ocrx_word' id='word_1_408' title='bbox 936 2585 984 2622; x_wconf 91' lang='lat' dir='ltr'>suo</span> <span class='ocrx_word' id='word_1_409' title='bbox 1001 2585 1050 2622; x_wconf 93' lang='lat' dir='ltr'>no·</span> <span class='ocrx_word' id='word_1_410' title='bbox 1463 2577 1545 2638; x_wconf 66' lang='lat' dir='ltr'>Vm</span> 
     </span>
     <span class='ocr_line' id='line_1_55' title="bbox 258 2633 1050 2704; baseline 0.005 -18"><span class='ocrx_word' id='word_1_411' title='bbox 258 2633 315 2686; x_wconf 89' lang='lat' dir='ltr'>nine</span> <span class='ocrx_word' id='word_1_412' title='bbox 335 2635 476 2700; x_wconf 86' lang='lat' dir='ltr'>pertinebit</span> <span class='ocrx_word' id='word_1_413' title='bbox 498 2651 584 2704; x_wconf 90' lang='lat' dir='ltr'>neque</span> <span class='ocrx_word' id='word_1_414' title='bbox 607 2635 764 2690; x_wconf 85' lang='lat' dir='ltr'>nominatim</span> <span class='ocrx_word' id='word_1_415' title='bbox 789 2635 933 2690; x_wconf 82' lang='lat' dir='ltr'>exheredes</span> <span class='ocrx_word' id='word_1_416' title='bbox 959 2635 1050 2704; x_wconf 87' lang='lat' dir='ltr'>scripti</span> 
     </span>
     <span class='ocr_line' id='line_1_56' title="bbox 258 2677 1645 2780; baseline 0.004 -26"><span class='ocrx_word' id='word_1_417' title='bbox 258 2707 330 2766; x_wconf 86' lang='lat' dir='ltr'>erunt,</span> <span class='ocrx_word' id='word_1_418' title='bbox 346 2701 474 2780; x_wconf 81' lang='lat' dir='ltr'>honorum</span> <span class='ocrx_word' id='word_1_419' title='bbox 491 2703 624 2770; x_wconf 88' lang='lat' dir='ltr'>possessio</span> <span class='ocrx_word' id='word_1_420' title='bbox 642 2703 699 2756; x_wconf 90' lang='lat' dir='ltr'>eius</span> <span class='ocrx_word' id='word_1_421' title='bbox 716 2703 803 2770; x_wconf 89' lang='lat' dir='ltr'>partis</span> <span class='ocrx_word' id='word_1_422' title='bbox 822 2701 907 2768; x_wconf 89' lang='lat' dir='ltr'>datur,</span> <span class='ocrx_word' id='word_1_423' title='bbox 930 2719 999 2772; x_wconf 90' lang='lat' dir='ltr'>quae</span> <span class='ocrx_word' id='word_1_424' title='bbox 1016 2703 1050 2756; x_wconf 90' lang='lat' dir='ltr'>ad</span> <span class='ocrx_word' id='word_1_425' title='bbox 1364 2677 1459 2728; x_wconf 69' lang='lat' dir='ltr'>UNDE</span> <span class='ocrx_word' id='word_1_426' title='bbox 1476 2677 1645 2760; x_wconf 66' lang='lat' dir='ltr'><strong>LEGIfflI&#39;</strong></span> 
     </span>
     <span class='ocr_line' id='line_1_57' title="bbox 258 2769 1908 2842; baseline 0.001 -20"><span class='ocrx_word' id='word_1_427' title='bbox 258 2785 306 2822; x_wconf 88' lang='lat' dir='ltr'>euru</span> <span class='ocrx_word' id='word_1_428' title='bbox 321 2773 476 2836; x_wconf 79' lang='lat' dir='ltr'>perimeret,</span> <span class='ocrx_word' id='word_1_429' title='bbox 496 2769 519 2824; x_wconf 92' lang='lat' dir='ltr'>si</span> <span class='ocrx_word' id='word_1_430' title='bbox 535 2771 563 2822; x_wconf 89' lang='lat' dir='ltr'>in</span> <span class='ocrx_word' id='word_1_431' title='bbox 579 2775 713 2838; x_wconf 89' lang='lat' dir='ltr'>potestate</span> <span class='ocrx_word' id='word_1_432' title='bbox 729 2769 933 2836; x_wconf 83' lang='lat' dir='ltr'>permansisset,</span> <span class='ocrx_word' id='word_1_433' title='bbox 951 2771 1003 2834; x_wconf 90' lang='lat' dir='ltr'>ita,</span> <span class='ocrx_word' id='word_1_434' title='bbox 1021 2775 1051 2824; x_wconf 89' lang='lat' dir='ltr'>ut</span> <span class='ocrx_word' id='word_1_435' title='bbox 1137 2771 1152 2828; x_wconf 88' lang='lat'>1</span> <span class='ocrx_word' id='word_1_436' title='bbox 1178 2773 1320 2830; x_wconf 72' lang='lat' dir='ltr'>inerrans</span> <span class='ocrx_word' id='word_1_437' title='bbox 1348 2775 1416 2828; x_wconf 82' lang='lat' dir='ltr'>libro</span> <span class='ocrx_word' id='word_1_438' title='bbox 1446 2777 1587 2830; x_wconf 84' lang='lat' dir='ltr'>vicensimo</span> <span class='ocrx_word' id='word_1_439' title='bbox 1605 2773 1718 2842; x_wconf 79' lang='lat' dir='ltr'>septimo</span> <span class='ocrx_word' id='word_1_440' title='bbox 1746 2773 1908 2842; x_wconf 74' lang='lat' dir='ltr'>asperiorum</span> 
     </span>
     <span class='ocr_line' id='line_1_58' title="bbox 258 2835 1909 2908; baseline 0.002 -18"><span class='ocrx_word' id='word_1_441' title='bbox 258 2851 284 2890; x_wconf 84' lang='lat' dir='ltr'>m</span> <span class='ocrx_word' id='word_1_442' title='bbox 298 2851 326 2890; x_wconf 91' lang='lat' dir='ltr'>ea</span> <span class='ocrx_word' id='word_1_443' title='bbox 341 2841 416 2904; x_wconf 89' lang='lat' dir='ltr'>parte</span> <span class='ocrx_word' id='word_1_444' title='bbox 434 2835 586 2890; x_wconf 69' lang='lat' dir='ltr'>dimidiam2</span> <span class='ocrx_word' id='word_1_445' title='bbox 602 2839 717 2902; x_wconf 87' lang='lat' dir='ltr'>habeat,</span> <span class='ocrx_word' id='word_1_446' title='bbox 740 2837 873 2906; x_wconf 89' lang='lat' dir='ltr'>reliquum</span> <span class='ocrx_word' id='word_1_447' title='bbox 891 2837 967 2890; x_wconf 91' lang='lat' dir='ltr'>liberi</span> <span class='ocrx_word' id='word_1_448' title='bbox 984 2839 1050 2902; x_wconf 87' lang='lat' dir='ltr'>eius,</span> <span class='ocrx_word' id='word_1_449' title='bbox 1101 2839 1176 2894; x_wconf 86' lang='lat' dir='ltr'>Haec</span> <span class='ocrx_word' id='word_1_450' title='bbox 1192 2841 1273 2896; x_wconf 83' lang='lat' dir='ltr'>verba</span> <span class='ocrx_word' id='word_1_451' title='bbox 1292 2841 1371 2896; x_wconf 88' lang='lat' dir='ltr'>edicti</span> <span class='ocrx_word' id='word_1_452' title='bbox 1394 2845 1459 2896; x_wconf 81' lang='lat' dir='ltr'>‘tum</span> <span class='ocrx_word' id='word_1_453' title='bbox 1481 2857 1556 2908; x_wconf 83' lang='lat' dir='ltr'>qnam</span> <span class='ocrx_word' id='word_1_454' title='bbox 1574 2843 1597 2896; x_wconf 88' lang='lat' dir='ltr'>ei</span> <span class='ocrx_word' id='word_1_455' title='bbox 1614 2839 1738 2896; x_wconf 89' lang='lat' dir='ltr'>heredem</span> <span class='ocrx_word' id='word_1_456' title='bbox 1756 2855 1812 2894; x_wconf 90' lang='lat' dir='ltr'>esse</span> <span class='ocrx_word' id='word_1_457' title='bbox 1830 2857 1909 2908; x_wconf 89' lang='lat' dir='ltr'>opor·</span> 
     </span>
     <span class='ocr_line' id='line_1_59' title="bbox 260 2903 1911 2980; baseline 0.003 -24"><span class='ocrx_word' id='word_1_458' title='bbox 260 2909 267 2956; x_wconf 91' lang='grc'>1</span> <span class='ocrx_word' id='word_1_459' title='bbox 298 2903 386 2972; x_wconf 89' lang='lat' dir='ltr'>hisque</span> <span class='ocrx_word' id='word_1_460' title='bbox 404 2905 543 2958; x_wconf 86' lang='lat' dir='ltr'>dumtaxat</span> <span class='ocrx_word' id='word_1_461' title='bbox 558 2905 630 2958; x_wconf 89' lang='lat' dir='ltr'>hona</span> <span class='ocrx_word' id='word_1_462' title='bbox 653 2919 702 2958; x_wconf 89' lang='lat' dir='ltr'>sua</span> <span class='ocrx_word' id='word_1_463' title='bbox 721 2903 850 2958; x_wconf 90' lang='lat' dir='ltr'>conferat.</span> <span class='ocrx_word' id='word_1_464' title='bbox 887 2905 1005 2960; x_wconf 70' lang='grc' dir='ltr'>81111Β</span> <span class='ocrx_word' id='word_1_465' title='bbox 1028 2905 1050 2958; x_wconf 90' lang='lat' dir='ltr'>si</span> <span class='ocrx_word' id='word_1_466' title='bbox 1102 2911 1186 2972; x_wconf 77' lang='lat' dir='ltr'>teret,</span> <span class='ocrx_word' id='word_1_467' title='bbox 1205 2907 1228 2962; x_wconf 92' lang='lat' dir='ltr'>si</span> <span class='ocrx_word' id='word_1_468' title='bbox 1244 2909 1385 2962; x_wconf 78' lang='lat' dir='ltr'>intestatis</span> <span class='ocrx_word' id='word_1_469' title='bbox 1409 2913 1529 2964; x_wconf 89' lang='lat' dir='ltr'>mortuus</span> <span class='ocrx_word' id='word_1_470' title='bbox 1552 2909 1860 2980; x_wconf 66' lang='grc' dir='ltr'>11111ποιρατοιτικιῦςΒ</span> <span class='ocrx_word' id='word_1_471' title='bbox 1884 2915 1911 2962; x_wconf 87' lang='grc'>11</span> 
     </span>
     <span class='ocr_line' id='line_1_60' title="bbox 257 2971 1909 3044; baseline 0.002 -20"><span class='ocrx_word' id='word_1_472' title='bbox 257 2971 327 3024; x_wconf 88' lang='lat' dir='ltr'>ilium</span> <span class='ocrx_word' id='word_1_473' title='bbox 347 2977 372 3024; x_wconf 93' lang='lat' dir='ltr'>et</span> <span class='ocrx_word' id='word_1_474' title='bbox 394 2977 518 3040; x_wconf 87' lang='lat' dir='ltr'>nepotem</span> <span class='ocrx_word' id='word_1_475' title='bbox 539 2989 572 3026; x_wconf 83' lang='lat' dir='ltr'>ex</span> <span class='ocrx_word' id='word_1_476' title='bbox 596 2989 626 3026; x_wconf 91' lang='lat' dir='ltr'>eo</span> <span class='ocrx_word' id='word_1_477' title='bbox 644 2977 723 3040; x_wconf 88' lang='lat' dir='ltr'>pater</span> <span class='ocrx_word' id='word_1_478' title='bbox 740 2971 956 3040; x_wconf 81' lang='lat' dir='ltr'>emancipaverit,</span> <span class='ocrx_word' id='word_1_479' title='bbox 979 2971 1050 3026; x_wconf 87' lang='lat' dir='ltr'>filius</span> <span class='ocrx_word' id='word_1_480' title='bbox 1102 2991 1161 3028; x_wconf 88' lang='lat' dir='ltr'>cum</span> <span class='ocrx_word' id='word_1_481' title='bbox 1188 2975 1302 3042; x_wconf 87' lang='lat' dir='ltr'>quodam</span> <span class='ocrx_word' id='word_1_482' title='bbox 1326 2977 1454 3044; x_wconf 89' lang='lat' dir='ltr'>temporis</span> <span class='ocrx_word' id='word_1_483' title='bbox 1478 2977 1563 3044; x_wconf 90' lang='lat' dir='ltr'>spatio</span> <span class='ocrx_word' id='word_1_484' title='bbox 1587 2977 1769 3042; x_wconf 89' lang='lat' dir='ltr'>accipiuntur:</span> <span class='ocrx_word' id='word_1_485' title='bbox 1797 2991 1851 3028; x_wconf 89' lang='lat' dir='ltr'>non</span> <span class='ocrx_word' id='word_1_486' title='bbox 1875 2977 1909 3028; x_wconf 90' lang='lat' dir='ltr'>ad</span> 
     </span>
     <span class='ocr_line' id='line_1_61' title="bbox 258 3039 1910 3112; baseline 0 -18"><span class='ocrx_word' id='word_1_487' title='bbox 258 3039 318 3094; x_wconf 89' lang='lat' dir='ltr'>solus</span> <span class='ocrx_word' id='word_1_488' title='bbox 333 3039 418 3092; x_wconf 91' lang='lat' dir='ltr'>veniet</span> <span class='ocrx_word' id='word_1_489' title='bbox 435 3039 470 3092; x_wconf 89' lang='lat' dir='ltr'>ad</span> <span class='ocrx_word' id='word_1_490' title='bbox 488 3041 618 3094; x_wconf 86' lang='lat' dir='ltr'>bonorum</span> <span class='ocrx_word' id='word_1_491' title='bbox 636 3041 844 3106; x_wconf 87' lang='lat' dir='ltr'>possessionem,</span> <span class='ocrx_word' id='word_1_492' title='bbox 868 3039 987 3108; x_wconf 88' lang='lat' dir='ltr'>quamvis</span> <span class='ocrx_word' id='word_1_493' title='bbox 1005 3055 1049 3094; x_wconf 88' lang='lat' dir='ltr'>ca·</span> <span class='ocrx_word' id='word_1_494' title='bbox 1101 3043 1192 3094; x_wconf 89' lang='lat' dir='ltr'>mortis</span> <span class='ocrx_word' id='word_1_495' title='bbox 1211 3043 1347 3096; x_wconf 88' lang='lat' dir='ltr'>testatoris</span> <span class='ocrx_word' id='word_1_496' title='bbox 1365 3049 1470 3112; x_wconf 91' lang='lat' dir='ltr'>tempus</span> <span class='ocrx_word' id='word_1_497' title='bbox 1488 3043 1654 3108; x_wconf 83' lang='lat' dir='ltr'>referuntur,</span> <span class='ocrx_word' id='word_1_498' title='bbox 1677 3043 1725 3096; x_wconf 89' lang='lat' dir='ltr'>sed</span> <span class='ocrx_word' id='word_1_499' title='bbox 1742 3043 1776 3094; x_wconf 90' lang='lat' dir='ltr'>ad</span> <span class='ocrx_word' id='word_1_500' title='bbox 1793 3041 1831 3106; x_wconf 91' lang='lat' dir='ltr'>id,</span> <span class='ocrx_word' id='word_1_501' title='bbox 1857 3059 1910 3110; x_wconf 89' lang='lat' dir='ltr'>qno</span> 
     </span>
     <span class='ocr_line' id='line_1_62' title="bbox 258 3105 1909 3228; baseline 0.001 -68"><span class='ocrx_word' id='word_1_502' title='bbox 258 3107 308 3228; x_wconf 79' lang='lat' dir='ltr'>pitis</span> <span class='ocrx_word' id='word_1_503' title='bbox 325 3105 465 3160; x_wconf 89' lang='lat' dir='ltr'>deminutio</span> <span class='ocrx_word' id='word_1_504' title='bbox 482 3121 531 3174; x_wconf 89' lang='lat' dir='ltr'>per</span> <span class='ocrx_word' id='word_1_505' title='bbox 548 3107 663 3160; x_wconf 89' lang='lat' dir='ltr'>edictum</span> <span class='ocrx_word' id='word_1_506' title='bbox 680 3107 747 3162; x_wconf 90' lang='lat' dir='ltr'>nulli</span> <span class='ocrx_word' id='word_1_507' title='bbox 764 3109 861 3160; x_wconf 89' lang='lat' dir='ltr'>obstet.</span> <span class='ocrx_word' id='word_1_508' title='bbox 890 3107 1050 3176; x_wconf 87' lang='lat' dir='ltr'>quinetiam</span> <span class='ocrx_word' id='word_1_509' title='bbox 1101 3111 1231 3162; x_wconf 88' lang='lat' dir='ltr'>honorum</span> <span class='ocrx_word' id='word_1_510' title='bbox 1248 3109 1382 3178; x_wconf 90' lang='lat' dir='ltr'>possessio</span> <span class='ocrx_word' id='word_1_511' title='bbox 1400 3115 1542 3178; x_wconf 89' lang='lat' dir='ltr'>peteretur.</span> <span class='ocrx_word' id='word_1_512' title='bbox 1577 3115 1604 3166; x_wconf 88' lang='lat' dir='ltr'>et</span> <span class='ocrx_word' id='word_1_513' title='bbox 1624 3109 1684 3162; x_wconf 88' lang='lat' dir='ltr'>ideo</span> <span class='ocrx_word' id='word_1_514' title='bbox 1703 3107 1846 3176; x_wconf 89' lang='lat' dir='ltr'>legitimum</span> <span class='ocrx_word' id='word_1_515' title='bbox 1862 3111 1909 3164; x_wconf 91' lang='lat' dir='ltr'>he-</span> 
     </span>
     <span class='ocr_line' id='line_1_63' title="bbox 272 3173 1909 3244; baseline 0.002 -18"><span class='ocrx_word' id='word_1_516' title='bbox 272 3175 281 3226; x_wconf 93' lang='lat' dir='ltr'>i</span> <span class='ocrx_word' id='word_1_517' title='bbox 299 3189 411 3242; x_wconf 85' lang='lat' dir='ltr'>quoque,</span> <span class='ocrx_word' id='word_1_518' title='bbox 435 3173 481 3242; x_wconf 90' lang='lat' dir='ltr'>qui</span> <span class='ocrx_word' id='word_1_519' title='bbox 503 3175 532 3226; x_wconf 93' lang='lat' dir='ltr'>in</span> <span class='ocrx_word' id='word_1_520' title='bbox 553 3179 687 3242; x_wconf 86' lang='lat' dir='ltr'>potestate</span> <span class='ocrx_word' id='word_1_521' title='bbox 710 3191 855 3243; x_wconf 86' lang='lat' dir='ltr'>numquam</span> <span class='ocrx_word' id='word_1_522' title='bbox 875 3173 984 3228; x_wconf 84' lang='lat' dir='ltr'>fuerunt</span> <span class='ocrx_word' id='word_1_523' title='bbox 1000 3189 1050 3230; x_wconf 91' lang='lat' dir='ltr'>nec</span> <span class='ocrx_word' id='word_1_524' title='bbox 1100 3175 1203 3242; x_wconf 83' lang='lat' dir='ltr'>reden,</span> <span class='ocrx_word' id='word_1_525' title='bbox 1229 3177 1252 3230; x_wconf 88' lang='grc'>11</span> <span class='ocrx_word' id='word_1_526' title='bbox 1270 3177 1357 3244; x_wconf 86' lang='lat' dir='ltr'>capite</span> <span class='ocrx_word' id='word_1_527' title='bbox 1376 3177 1524 3232; x_wconf 85' lang='lat' dir='ltr'>deminutus</span> <span class='ocrx_word' id='word_1_528' title='bbox 1544 3181 1626 3242; x_wconf 90' lang='lat' dir='ltr'>esset,</span> <span class='ocrx_word' id='word_1_529' title='bbox 1651 3175 1685 3230; x_wconf 91' lang='lat' dir='ltr'>ab</span> <span class='ocrx_word' id='word_1_530' title='bbox 1709 3177 1761 3230; x_wconf 91' lang='lat' dir='ltr'>hac</span> <span class='ocrx_word' id='word_1_531' title='bbox 1778 3177 1909 3230; x_wconf 88' lang='lat' dir='ltr'>honorum</span> 
     </span>
     <span class='ocr_line' id='line_1_64' title="bbox 259 3241 1614 3320; baseline -0.001 -22"><span class='ocrx_word' id='word_1_532' title='bbox 259 3241 291 3298; x_wconf 90' lang='lat' dir='ltr'>voi</span> <span class='ocrx_word' id='word_1_533' title='bbox 305 3241 405 3296; x_wconf 89' lang='lat' dir='ltr'>heredis</span> <span class='ocrx_word' id='word_1_534' title='bbox 422 3241 512 3296; x_wconf 85' lang='lat' dir='ltr'>locoru</span> <span class='ocrx_word' id='word_1_535' title='bbox 529 3241 710 3320; x_wconf 88' lang='lat' dir='ltr'>optinuerunt,</span> <span class='ocrx_word' id='word_1_536' title='bbox 728 3247 858 3298; x_wconf 89' lang='lat' dir='ltr'>vocantur</span> <span class='ocrx_word' id='word_1_537' title='bbox 872 3241 907 3296; x_wconf 92' lang='lat' dir='ltr'>ad</span> <span class='ocrx_word' id='word_1_538' title='bbox 920 3243 1050 3298; x_wconf 88' lang='lat' dir='ltr'>bonorum</span> <span class='ocrx_word' id='word_1_539' title='bbox 1100 3243 1269 3312; x_wconf 86' lang='lat' dir='ltr'>possessione</span> <span class='ocrx_word' id='word_1_540' title='bbox 1287 3245 1445 3298; x_wconf 88' lang='lat' dir='ltr'>summoveri</span> <span class='ocrx_word' id='word_1_541' title='bbox 1460 3245 1549 3312; x_wconf 86' lang='lat' dir='ltr'>palam</span> <span class='ocrx_word' id='word_1_542' title='bbox 1567 3249 1614 3298; x_wconf 89' lang='lat' dir='ltr'>est.</span> 
     </span>
     <span class='ocr_line' id='line_1_65' title="bbox 258 3307 1909 3382; baseline 0 -17"><span class='ocrx_word' id='word_1_543' title='bbox 258 3309 436 3378; x_wconf 87' lang='lat' dir='ltr'>possessionem</span> <span class='ocrx_word' id='word_1_544' title='bbox 453 3313 610 3376; x_wconf 82' lang='lat' dir='ltr'>parentium.</span> <span class='ocrx_word' id='word_1_545' title='bbox 645 3325 708 3364; x_wconf 89' lang='lat' dir='ltr'>nam</span> <span class='ocrx_word' id='word_1_546' title='bbox 732 3311 755 3364; x_wconf 91' lang='lat' dir='ltr'>si</span> <span class='ocrx_word' id='word_1_547' title='bbox 778 3309 849 3364; x_wconf 86' lang='lat' dir='ltr'>tilius</span> <span class='ocrx_word' id='word_1_548' title='bbox 867 3311 1050 3376; x_wconf 87' lang='lat' dir='ltr'>emancipatus</span> <span class='ocrx_word' id='word_1_549' title='bbox 1136 3307 1155 3366; x_wconf 83' lang='lat'>2</span> <span class='ocrx_word' id='word_1_550' title='bbox 1178 3311 1322 3364; x_wconf 69' lang='lat' dir='ltr'>Uarianos</span> <span class='ocrx_word' id='word_1_551' title='bbox 1343 3311 1410 3364; x_wconf 82' lang='lat' dir='ltr'>libro</span> <span class='ocrx_word' id='word_1_552' title='bbox 1434 3313 1659 3382; x_wconf 74' lang='lat' dir='ltr'>quadragensimo</span> <span class='ocrx_word' id='word_1_553' title='bbox 1682 3315 1761 3366; x_wconf 79' lang='lat' dir='ltr'>sento</span> <span class='ocrx_word' id='word_1_554' title='bbox 1785 3311 1822 3364; x_wconf 83' lang='lat' dir='ltr'>od</span> <span class='ocrx_word' id='word_1_555' title='bbox 1839 3311 1909 3366; x_wconf 78' lang='lat' dir='ltr'>edic-</span> 
     </span>
     <span class='ocr_line' id='line_1_66' title="bbox 258 3375 1908 3446; baseline 0.001 -16"><span class='ocrx_word' id='word_1_556' title='bbox 258 3377 375 3446; x_wconf 88' lang='lat' dir='ltr'>reliquerit</span> <span class='ocrx_word' id='word_1_557' title='bbox 391 3377 419 3430; x_wconf 88' lang='lat' dir='ltr'>in</span> <span class='ocrx_word' id='word_1_558' title='bbox 435 3381 570 3444; x_wconf 86' lang='lat' dir='ltr'>potestate</span> <span class='ocrx_word' id='word_1_559' title='bbox 591 3375 633 3430; x_wconf 86' lang='lat' dir='ltr'>ari</span> <span class='ocrx_word' id='word_1_560' title='bbox 650 3381 788 3444; x_wconf 90' lang='lat' dir='ltr'>nepotem,</span> <span class='ocrx_word' id='word_1_561' title='bbox 815 3377 924 3430; x_wconf 88' lang='lat' dir='ltr'>dabitur</span> <span class='ocrx_word' id='word_1_562' title='bbox 943 3377 981 3442; x_wconf 90' lang='lat' dir='ltr'>ei,</span> <span class='ocrx_word' id='word_1_563' title='bbox 1006 3379 1051 3446; x_wconf 91' lang='lat' dir='ltr'>qui</span> <span class='ocrx_word' id='word_1_564' title='bbox 1102 3385 1157 3430; x_wconf 80' lang='lat' dir='ltr'>tani</span> <span class='ocrx_word' id='word_1_565' title='bbox 1191 3377 1220 3430; x_wconf 83' lang='lat' dir='ltr'>Si</span> <span class='ocrx_word' id='word_1_566' title='bbox 1235 3377 1436 3444; x_wconf 89' lang='lat' dir='ltr'>repudiaverint</span> <span class='ocrx_word' id='word_1_567' title='bbox 1454 3379 1494 3430; x_wconf 92' lang='lat' dir='ltr'>sui</span> <span class='ocrx_word' id='word_1_568' title='bbox 1511 3379 1544 3432; x_wconf 92' lang='lat' dir='ltr'>ab</span> <span class='ocrx_word' id='word_1_569' title='bbox 1559 3379 1684 3430; x_wconf 89' lang='lat' dir='ltr'>intestato</span> <span class='ocrx_word' id='word_1_570' title='bbox 1700 3379 1830 3432; x_wconf 88' lang='lat' dir='ltr'>bonorum</span> <span class='ocrx_word' id='word_1_571' title='bbox 1844 3393 1908 3446; x_wconf 90' lang='lat' dir='ltr'>pos-</span> 
     </span>
     <span class='ocr_line' id='line_1_67' title="bbox 259 3443 1909 3514; baseline 0 -16"><span class='ocrx_word' id='word_1_572' title='bbox 259 3445 418 3514; x_wconf 89' lang='lat' dir='ltr'>inpotestate</span> <span class='ocrx_word' id='word_1_573' title='bbox 435 3445 544 3496; x_wconf 95' lang='grc'>11111111</span> <span class='ocrx_word' id='word_1_574' title='bbox 563 3445 611 3508; x_wconf 88' lang='grc'>111,</span> <span class='ocrx_word' id='word_1_575' title='bbox 635 3443 720 3512; x_wconf 90' lang='lat' dir='ltr'>patris</span> <span class='ocrx_word' id='word_1_576' title='bbox 743 3445 903 3512; x_wconf 84' lang='lat' dir='ltr'>emancipati</span> <span class='ocrx_word' id='word_1_577' title='bbox 920 3445 1050 3498; x_wconf 91' lang='lat' dir='ltr'>bonorum</span> <span class='ocrx_word' id='word_1_578' title='bbox 1101 3445 1252 3508; x_wconf 86' lang='lat' dir='ltr'>sessionem,</span> <span class='ocrx_word' id='word_1_579' title='bbox 1271 3445 1360 3496; x_wconf 90' lang='lat' dir='ltr'>adhuc</span> <span class='ocrx_word' id='word_1_580' title='bbox 1378 3445 1496 3500; x_wconf 89' lang='lat' dir='ltr'>dicemus</span> <span class='ocrx_word' id='word_1_581' title='bbox 1514 3445 1620 3498; x_wconf 91' lang='lat' dir='ltr'>obstare</span> <span class='ocrx_word' id='word_1_582' title='bbox 1639 3461 1684 3500; x_wconf 90' lang='lat' dir='ltr'>eos</span> <span class='ocrx_word' id='word_1_583' title='bbox 1702 3445 1832 3514; x_wconf 88' lang='lat' dir='ltr'>legitimis,</span> <span class='ocrx_word' id='word_1_584' title='bbox 1856 3445 1909 3498; x_wconf 87' lang='lat' dir='ltr'>hoc</span> 
     </span>
     <span class='ocr_line' id='line_1_68' title="bbox 259 3511 1908 3592; baseline -0.002 -24"><span class='ocrx_word' id='word_1_585' title='bbox 259 3513 390 3592; x_wconf 86' lang='lat' dir='ltr'>possessio:</span> <span class='ocrx_word' id='word_1_586' title='bbox 420 3517 447 3564; x_wconf 89' lang='lat' dir='ltr'>et</span> <span class='ocrx_word' id='word_1_587' title='bbox 472 3511 579 3578; x_wconf 89' lang='lat' dir='ltr'>sipost</span> <span class='ocrx_word' id='word_1_588' title='bbox 602 3511 841 3580; x_wconf 87' lang='lat' dir='ltr'>emancipationem</span> <span class='ocrx_word' id='word_1_589' title='bbox 863 3511 1050 3580; x_wconf 89' lang='lat' dir='ltr'>procreaverit,</span> <span class='ocrx_word' id='word_1_590' title='bbox 1100 3517 1142 3566; x_wconf 88' lang='lat' dir='ltr'>est</span> <span class='ocrx_word' id='word_1_591' title='bbox 1158 3511 1215 3576; x_wconf 84' lang='lat' dir='ltr'>his,</span> <span class='ocrx_word' id='word_1_592' title='bbox 1233 3511 1329 3592; x_wconf 78' lang='lat' dir='ltr'>quibus</span> <span class='ocrx_word' id='word_1_593' title='bbox 1346 3511 1462 3578; x_wconf 89' lang='lat' dir='ltr'>legitima</span> <span class='ocrx_word' id='word_1_594' title='bbox 1478 3511 1567 3580; x_wconf 91' lang='lat' dir='ltr'>potuit</span> <span class='ocrx_word' id='word_1_595' title='bbox 1583 3511 1682 3566; x_wconf 88' lang='lat' dir='ltr'>deferri</span> <span class='ocrx_word' id='word_1_596' title='bbox 1698 3511 1846 3576; x_wconf 86' lang='lat' dir='ltr'>hereditas,</span> <span class='ocrx_word' id='word_1_597' title='bbox 1868 3511 1908 3566; x_wconf 90' lang='lat' dir='ltr'>id-</span> 
     </span>
     <span class='ocr_line' id='line_1_69' title="bbox 259 3577 1908 3648; baseline 0 -14"><span class='ocrx_word' id='word_1_598' title='bbox 259 3585 360 3634; x_wconf 86' lang='grc'>1111111</span> <span class='ocrx_word' id='word_1_599' title='bbox 378 3577 486 3632; x_wconf 89' lang='lat' dir='ltr'>dabitur</span> <span class='ocrx_word' id='word_1_600' title='bbox 503 3579 545 3632; x_wconf 88' lang='lat' dir='ltr'>avi</span> <span class='ocrx_word' id='word_1_601' title='bbox 561 3579 693 3632; x_wconf 88' lang='lat' dir='ltr'>bonorum</span> <span class='ocrx_word' id='word_1_602' title='bbox 710 3581 861 3646; x_wconf 89' lang='lat' dir='ltr'>possessio,</span> <span class='ocrx_word' id='word_1_603' title='bbox 879 3579 981 3632; x_wconf 88' lang='lat' dir='ltr'>seilicet</span> <span class='ocrx_word' id='word_1_604' title='bbox 997 3593 1051 3632; x_wconf 89' lang='lat' dir='ltr'>non</span> <span class='ocrx_word' id='word_1_605' title='bbox 1101 3579 1186 3644; x_wconf 88' lang='lat' dir='ltr'>circe,</span> <span class='ocrx_word' id='word_1_606' title='bbox 1205 3595 1267 3646; x_wconf 88' lang='lat' dir='ltr'>qma</span> <span class='ocrx_word' id='word_1_607' title='bbox 1283 3577 1449 3646; x_wconf 89' lang='lat' dir='ltr'>repudiando</span> <span class='ocrx_word' id='word_1_608' title='bbox 1468 3579 1544 3646; x_wconf 91' lang='lat' dir='ltr'>quasi</span> <span class='ocrx_word' id='word_1_609' title='bbox 1560 3577 1637 3634; x_wconf 89' lang='lat' dir='ltr'>liberi</span> <span class='ocrx_word' id='word_1_610' title='bbox 1654 3581 1785 3634; x_wconf 88' lang='lat' dir='ltr'>bonorum</span> <span class='ocrx_word' id='word_1_611' title='bbox 1802 3595 1908 3648; x_wconf 88' lang='lat' dir='ltr'>posses·</span> 
     </span>
     <span class='ocr_line' id='line_1_70' title="bbox 261 3645 1908 3714; baseline 0 -14"><span class='ocrx_word' id='word_1_612' title='bbox 261 3651 271 3700; x_wconf 86' lang='lat' dir='ltr'>l</span> <span class='ocrx_word' id='word_1_613' title='bbox 299 3649 417 3702; x_wconf 90' lang='lat' dir='ltr'>obstante</span> <span class='ocrx_word' id='word_1_614' title='bbox 434 3647 458 3700; x_wconf 88' lang='lat' dir='ltr'>ei</span> <span class='ocrx_word' id='word_1_615' title='bbox 474 3651 552 3714; x_wconf 89' lang='lat' dir='ltr'>patre</span> <span class='ocrx_word' id='word_1_616' title='bbox 569 3661 626 3700; x_wconf 90' lang='lat' dir='ltr'>suo.</span> <span class='ocrx_word' id='word_1_617' title='bbox 658 3645 687 3700; x_wconf 80' lang='lat' dir='ltr'>si</span> <span class='ocrx_word' id='word_1_618' title='bbox 707 3647 777 3702; x_wconf 86' lang='lat' dir='ltr'>iilius</span> <span class='ocrx_word' id='word_1_619' title='bbox 795 3647 978 3714; x_wconf 88' lang='lat' dir='ltr'>emancipatus</span> <span class='ocrx_word' id='word_1_620' title='bbox 996 3661 1050 3698; x_wconf 87' lang='lat' dir='ltr'>non</span> <span class='ocrx_word' id='word_1_621' title='bbox 1104 3655 1113 3698; x_wconf 89' lang='grc'>1</span> <span class='ocrx_word' id='word_1_622' title='bbox 1151 3647 1251 3700; x_wconf 87' lang='lat' dir='ltr'>sionem</span> <span class='ocrx_word' id='word_1_623' title='bbox 1265 3645 1337 3700; x_wconf 87' lang='lat' dir='ltr'>hanc</span> <span class='ocrx_word' id='word_1_624' title='bbox 1350 3645 1592 3712; x_wconf 88' lang='lat' dir='ltr'>incipiunthabere</span> <span class='ocrx_word' id='word_1_625' title='bbox 1605 3647 1809 3714; x_wconf 88' lang='lat' dir='ltr'>quasilegltimi.</span> <span class='ocrx_word' id='word_1_626' title='bbox 1834 3647 1908 3702; x_wconf 84' lang='lat' dir='ltr'>Haec</span> 
     </span>
     <span class='ocr_line' id='line_1_71' title="bbox 259 3713 1908 3784; baseline -0.002 -12"><span class='ocrx_word' id='word_1_627' title='bbox 259 3715 349 3784; x_wconf 88' lang='lat' dir='ltr'>petierit</span> <span class='ocrx_word' id='word_1_628' title='bbox 377 3715 510 3768; x_wconf 90' lang='lat' dir='ltr'>bonorum</span> <span class='ocrx_word' id='word_1_629' title='bbox 539 3713 748 3782; x_wconf 91' lang='lat' dir='ltr'>possessionem,</span> <span class='ocrx_word' id='word_1_630' title='bbox 782 3713 822 3766; x_wconf 90' lang='lat' dir='ltr'>ita</span> <span class='ocrx_word' id='word_1_631' title='bbox 854 3715 958 3780; x_wconf 85' lang='lat' dir='ltr'>integra</span> <span class='ocrx_word' id='word_1_632' title='bbox 989 3717 1051 3766; x_wconf 91' lang='lat' dir='ltr'>sunt</span> <span class='ocrx_word' id='word_1_633' title='bbox 1102 3719 1189 3766; x_wconf 87' lang='lat' dir='ltr'>autem</span> <span class='ocrx_word' id='word_1_634' title='bbox 1211 3715 1341 3766; x_wconf 88' lang='lat' dir='ltr'>honorum</span> <span class='ocrx_word' id='word_1_635' title='bbox 1364 3713 1498 3780; x_wconf 89' lang='lat' dir='ltr'>possessio</span> <span class='ocrx_word' id='word_1_636' title='bbox 1521 3729 1575 3768; x_wconf 92' lang='lat' dir='ltr'>non</span> <span class='ocrx_word' id='word_1_637' title='bbox 1597 3719 1703 3766; x_wconf 89' lang='lat' dir='ltr'>tantum</span> <span class='ocrx_word' id='word_1_638' title='bbox 1730 3715 1908 3768; x_wconf 86' lang='lat' dir='ltr'>masculorum</span> 
     </span>
     <span class='ocr_line' id='line_1_72' title="bbox 260 3781 1907 3850; baseline -0.001 -12"><span class='ocrx_word' id='word_1_639' title='bbox 260 3785 333 3838; x_wconf 88' lang='lat' dir='ltr'>onnia</span> <span class='ocrx_word' id='word_1_640' title='bbox 358 3781 511 3850; x_wconf 88' lang='lat' dir='ltr'>nepotibus,</span> <span class='ocrx_word' id='word_1_641' title='bbox 541 3787 621 3850; x_wconf 89' lang='lat' dir='ltr'>atque</span> <span class='ocrx_word' id='word_1_642' title='bbox 649 3781 672 3836; x_wconf 91' lang='lat' dir='ltr'>si</span> <span class='ocrx_word' id='word_1_643' title='bbox 698 3781 770 3836; x_wconf 89' lang='lat' dir='ltr'>filius</span> <span class='ocrx_word' id='word_1_644' title='bbox 799 3799 855 3838; x_wconf 92' lang='lat' dir='ltr'>non</span> <span class='ocrx_word' id='word_1_645' title='bbox 882 3781 991 3844; x_wconf 89' lang='lat' dir='ltr'>fuisset,</span> <span class='ocrx_word' id='word_1_646' title='bbox 1020 3785 1051 3834; x_wconf 90' lang='lat' dir='ltr'>ut</span> <span class='ocrx_word' id='word_1_647' title='bbox 1103 3781 1233 3848; x_wconf 83' lang='lat' dir='ltr'>defertur,</span> <span class='ocrx_word' id='word_1_648' title='bbox 1250 3795 1342 3834; x_wconf 88' lang='lat' dir='ltr'>verum</span> <span class='ocrx_word' id='word_1_649' title='bbox 1359 3781 1439 3836; x_wconf 88' lang='lat' dir='ltr'>etiam</span> <span class='ocrx_word' id='word_1_650' title='bbox 1456 3781 1626 3846; x_wconf 88' lang='lat' dir='ltr'>feminarum,</span> <span class='ocrx_word' id='word_1_651' title='bbox 1646 3797 1697 3836; x_wconf 89' lang='lat' dir='ltr'>nec</span> <span class='ocrx_word' id='word_1_652' title='bbox 1714 3787 1818 3836; x_wconf 88' lang='lat' dir='ltr'>tantum</span> <span class='ocrx_word' id='word_1_653' title='bbox 1835 3783 1907 3850; x_wconf 85' lang='lat' dir='ltr'>iuge-</span> 
     </span>
     <span class='ocr_line' id='line_1_73' title="bbox 260 3847 1908 3920; baseline 0 -16"><span class='ocrx_word' id='word_1_654' title='bbox 260 3853 317 3920; x_wconf 88' lang='lat' dir='ltr'>qnod</span> <span class='ocrx_word' id='word_1_655' title='bbox 338 3849 405 3904; x_wconf 89' lang='lat' dir='ltr'>filius</span> <span class='ocrx_word' id='word_1_656' title='bbox 426 3849 567 3906; x_wconf 88' lang='lat' dir='ltr'>habiturus</span> <span class='ocrx_word' id='word_1_657' title='bbox 590 3853 660 3904; x_wconf 89' lang='lat' dir='ltr'>esset</span> <span class='ocrx_word' id='word_1_658' title='bbox 682 3851 768 3916; x_wconf 90' lang='lat' dir='ltr'>petita</span> <span class='ocrx_word' id='word_1_659' title='bbox 792 3849 923 3906; x_wconf 89' lang='lat' dir='ltr'>bonorum</span> <span class='ocrx_word' id='word_1_660' title='bbox 945 3863 1051 3916; x_wconf 87' lang='lat' dir='ltr'>posses·</span> <span class='ocrx_word' id='word_1_661' title='bbox 1101 3865 1228 3914; x_wconf 85' lang='lat' dir='ltr'>unorum,</span> <span class='ocrx_word' id='word_1_662' title='bbox 1254 3863 1345 3902; x_wconf 90' lang='lat' dir='ltr'>verum</span> <span class='ocrx_word' id='word_1_663' title='bbox 1369 3849 1447 3902; x_wconf 91' lang='lat' dir='ltr'>etiam</span> <span class='ocrx_word' id='word_1_664' title='bbox 1469 3847 1662 3904; x_wconf 88' lang='lat' dir='ltr'>libertinorum.</span> <span class='ocrx_word' id='word_1_665' title='bbox 1699 3851 1844 3904; x_wconf 88' lang='lat' dir='ltr'>eommunis</span> <span class='ocrx_word' id='word_1_666' title='bbox 1868 3857 1908 3904; x_wconf 88' lang='lat' dir='ltr'>est</span> 
     </span>
     <span class='ocr_line' id='line_1_74' title="bbox 260 3915 1908 3998; baseline -0.002 -24"><span class='ocrx_word' id='word_1_667' title='bbox 260 3921 327 3982; x_wconf 82' lang='lat' dir='ltr'>done,</span> <span class='ocrx_word' id='word_1_668' title='bbox 342 3919 393 3972; x_wconf 92' lang='lat' dir='ltr'>hoc</span> <span class='ocrx_word' id='word_1_669' title='bbox 410 3917 551 3986; x_wconf 89' lang='lat' dir='ltr'>nepotibus</span> <span class='ocrx_word' id='word_1_670' title='bbox 568 3931 601 3970; x_wconf 87' lang='lat' dir='ltr'>ex</span> <span class='ocrx_word' id='word_1_671' title='bbox 618 3931 651 3970; x_wconf 93' lang='lat' dir='ltr'>eo</span> <span class='ocrx_word' id='word_1_672' title='bbox 668 3917 747 3982; x_wconf 90' lang='lat' dir='ltr'>solis,</span> <span class='ocrx_word' id='word_1_673' title='bbox 772 3931 826 3970; x_wconf 90' lang='lat' dir='ltr'>non</span> <span class='ocrx_word' id='word_1_674' title='bbox 848 3917 926 3970; x_wconf 88' lang='lat' dir='ltr'>etiam</span> <span class='ocrx_word' id='word_1_675' title='bbox 943 3915 1050 3984; x_wconf 90' lang='lat' dir='ltr'>reliquis</span> <span class='ocrx_word' id='word_1_676' title='bbox 1100 3915 1193 3994; x_wconf 62' lang='lat' dir='ltr'>intur</span> <span class='ocrx_word' id='word_1_677' title='bbox 1206 3915 1335 3984; x_wconf 89' lang='lat' dir='ltr'>pluribus.</span> <span class='ocrx_word' id='word_1_678' title='bbox 1376 3931 1438 3968; x_wconf 89' lang='lat' dir='ltr'>nam</span> <span class='ocrx_word' id='word_1_679' title='bbox 1461 3921 1488 3970; x_wconf 91' lang='lat' dir='ltr'>et</span> <span class='ocrx_word' id='word_1_680' title='bbox 1508 3915 1621 3994; x_wconf 81' lang='lat' dir='ltr'>feminae</span> <span class='ocrx_word' id='word_1_681' title='bbox 1644 3923 1759 3996; x_wconf 79' lang='lat' dir='ltr'>possunt</span> <span class='ocrx_word' id='word_1_682' title='bbox 1775 3919 1820 3998; x_wconf 72' lang='lat' dir='ltr'>pol</span> <span class='ocrx_word' id='word_1_683' title='bbox 1844 3933 1908 3970; x_wconf 90' lang='lat' dir='ltr'>oon-</span> 
     </span>
     <span class='ocr_line' id='line_1_75' title="bbox 260 3981 1909 4130; baseline -0.005 -16"><span class='ocrx_word' id='word_1_684' title='bbox 260 3989 488 4114; x_wconf 36' lang='lat' dir='ltr'>suppinpppm</span> <span class='ocrx_word' id='word_1_685' title='bbox 509 4051 576 4108; x_wconf 82' lang='lat' dir='ltr'>libro</span> <span class='ocrx_word' id='word_1_686' title='bbox 600 4051 757 4122; x_wconf 80' lang='lat' dir='ltr'>iripeasimo</span> <span class='ocrx_word' id='word_1_687' title='bbox 780 4067 852 4106; x_wconf 84' lang='lat' dir='ltr'>nono</span> <span class='ocrx_word' id='word_1_688' title='bbox 878 4051 915 4106; x_wconf 86' lang='lat' dir='ltr'>od</span> <span class='ocrx_word' id='word_1_689' title='bbox 937 4051 1050 4106; x_wconf 84' lang='lat' dir='ltr'>edictam</span> <span class='ocrx_word' id='word_1_690' title='bbox 1102 3981 1909 4130; x_wconf 41' lang='lat' dir='ltr'>panppppppppsvell)aatppnnptsplplpapppppertsrpffpcbpamppplposlpppt</span> 
     </span>
     <span class='ocr_line' id='line_1_76' title="bbox 260 4117 1908 4192; baseline -0.002 -16"><span class='ocrx_word' id='word_1_691' title='bbox 260 4123 282 4178; x_wconf 85' lang='lat' dir='ltr'>Si</span> <span class='ocrx_word' id='word_1_692' title='bbox 302 4129 374 4192; x_wconf 86' lang='lat' dir='ltr'>pater</span> <span class='ocrx_word' id='word_1_693' title='bbox 397 4123 480 4174; x_wconf 90' lang='lat' dir='ltr'>filium</span> <span class='ocrx_word' id='word_1_694' title='bbox 507 4119 726 4190; x_wconf 88' lang='lat' dir='ltr'>emancipaverit,</span> <span class='ocrx_word' id='word_1_695' title='bbox 756 4125 881 4188; x_wconf 87' lang='lat' dir='ltr'>nepotem</span> <span class='ocrx_word' id='word_1_696' title='bbox 905 4119 1050 4184; x_wconf 87' lang='lat' dir='ltr'>retinuerit,</span> <span class='ocrx_word' id='word_1_697' title='bbox 1102 4119 1156 4174; x_wconf 90' lang='lat' dir='ltr'>ouh</span> <span class='ocrx_word' id='word_1_698' title='bbox 1177 4119 1246 4172; x_wconf 91' lang='lat' dir='ltr'>hanc</span> <span class='ocrx_word' id='word_1_699' title='bbox 1268 4117 1400 4174; x_wconf 90' lang='lat' dir='ltr'>bonorum</span> <span class='ocrx_word' id='word_1_700' title='bbox 1421 4119 1616 4188; x_wconf 88' lang='lat' dir='ltr'>possessionem</span> <span class='ocrx_word' id='word_1_701' title='bbox 1642 4117 1764 4186; x_wconf 88' lang='lat' dir='ltr'>accipere</span> <span class='ocrx_word' id='word_1_702' title='bbox 1785 4123 1908 4186; x_wconf 83' lang='lat' dir='ltr'>possunt,</span> 
     </span>
     <span class='ocr_line' id='line_1_77' title="bbox 260 4185 1908 4256; baseline -0.002 -12"><span class='ocrx_word' id='word_1_703' title='bbox 260 4189 338 4246; x_wconf 89' lang='lat' dir='ltr'>deinde</span> <span class='ocrx_word' id='word_1_704' title='bbox 363 4189 432 4244; x_wconf 88' lang='lat' dir='ltr'>filius</span> <span class='ocrx_word' id='word_1_705' title='bbox 462 4187 618 4242; x_wconf 84' lang='lat' dir='ltr'>decesserit:</span> <span class='ocrx_word' id='word_1_706' title='bbox 649 4193 676 4242; x_wconf 92' lang='lat' dir='ltr'>et</span> <span class='ocrx_word' id='word_1_707' title='bbox 704 4189 744 4242; x_wconf 90' lang='lat' dir='ltr'>rei</span> <span class='ocrx_word' id='word_1_708' title='bbox 770 4189 891 4256; x_wconf 88' lang='lat' dir='ltr'>aequitas</span> <span class='ocrx_word' id='word_1_709' title='bbox 917 4191 943 4240; x_wconf 93' lang='lat' dir='ltr'>et</span> <span class='ocrx_word' id='word_1_710' title='bbox 969 4201 1051 4240; x_wconf 87' lang='lat' dir='ltr'>causa</span> <span class='ocrx_word' id='word_1_711' title='bbox 1102 4191 1116 4240; x_wconf 88' lang='lat'>3</span> <span class='ocrx_word' id='word_1_712' title='bbox 1151 4203 1243 4240; x_wconf 87' lang='lat' dir='ltr'>verum</span> <span class='ocrx_word' id='word_1_713' title='bbox 1260 4185 1341 4240; x_wconf 87' lang='lat' dir='ltr'>etiarn</span> <span class='ocrx_word' id='word_1_714' title='bbox 1357 4187 1479 4240; x_wconf 88' lang='lat' dir='ltr'>feminae.</span> <span class='ocrx_word' id='word_1_715' title='bbox 1512 4187 1540 4240; x_wconf 77' lang='lat' dir='ltr'>ai</span> <span class='ocrx_word' id='word_1_716' title='bbox 1558 4187 1616 4254; x_wconf 92' lang='lat' dir='ltr'>quis</span> <span class='ocrx_word' id='word_1_717' title='bbox 1635 4187 1785 4250; x_wconf 88' lang='lat' dir='ltr'>decesserit,</span> <span class='ocrx_word' id='word_1_718' title='bbox 1805 4187 1836 4240; x_wconf 88' lang='lat' dir='ltr'>de</span> <span class='ocrx_word' id='word_1_719' title='bbox 1856 4205 1908 4254; x_wconf 90' lang='lat' dir='ltr'>quo</span> 
     </span>
     <span class='ocr_line' id='line_1_78' title="bbox 259 4253 1907 4326; baseline -0.003 -14"><span class='ocrx_word' id='word_1_720' title='bbox 259 4261 338 4324; x_wconf 87' lang='lat' dir='ltr'>edicti,</span> <span class='ocrx_word' id='word_1_721' title='bbox 365 4273 414 4326; x_wconf 93' lang='lat' dir='ltr'>quo</span> <span class='ocrx_word' id='word_1_722' title='bbox 442 4257 474 4310; x_wconf 92' lang='lat' dir='ltr'>de</span> <span class='ocrx_word' id='word_1_723' title='bbox 500 4257 630 4310; x_wconf 88' lang='lat' dir='ltr'>bonorum</span> <span class='ocrx_word' id='word_1_724' title='bbox 655 4255 825 4324; x_wconf 87' lang='lat' dir='ltr'>possessione</span> <span class='ocrx_word' id='word_1_725' title='bbox 850 4255 939 4310; x_wconf 89' lang='lat' dir='ltr'>liberis</span> <span class='ocrx_word' id='word_1_726' title='bbox 964 4253 1051 4308; x_wconf 88' lang='lat' dir='ltr'>danda</span> <span class='ocrx_word' id='word_1_727' title='bbox 1101 4255 1232 4308; x_wconf 90' lang='lat' dir='ltr'>incertum</span> <span class='ocrx_word' id='word_1_728' title='bbox 1249 4259 1302 4318; x_wconf 87' lang='lat' dir='ltr'>est,</span> <span class='ocrx_word' id='word_1_729' title='bbox 1321 4259 1412 4308; x_wconf 87' lang='lat' dir='ltr'>utrum</span> <span class='ocrx_word' id='word_1_730' title='bbox 1429 4257 1507 4324; x_wconf 89' lang='lat' dir='ltr'>pater</span> <span class='ocrx_word' id='word_1_731' title='bbox 1524 4253 1636 4308; x_wconf 86' lang='lat' dir='ltr'>familias</span> <span class='ocrx_word' id='word_1_732' title='bbox 1654 4271 1689 4308; x_wconf 90' lang='lat' dir='ltr'>an</span> <span class='ocrx_word' id='word_1_733' title='bbox 1706 4255 1776 4308; x_wconf 88' lang='lat' dir='ltr'>filins</span> <span class='ocrx_word' id='word_1_734' title='bbox 1793 4253 1907 4314; x_wconf 87' lang='lat' dir='ltr'>familias</span> 
     </span>
     <span class='ocr_line' id='line_1_79' title="bbox 260 4321 1908 4392; baseline -0.004 -12"><span class='ocrx_word' id='word_1_735' title='bbox 260 4333 363 4390; x_wconf 87' lang='lat' dir='ltr'>cavetur,</span> <span class='ocrx_word' id='word_1_736' title='bbox 386 4325 482 4388; x_wconf 87' lang='lat' dir='ltr'>efficit,</span> <span class='ocrx_word' id='word_1_737' title='bbox 505 4327 536 4378; x_wconf 90' lang='grc'>11</span> <span class='ocrx_word' id='word_1_738' title='bbox 560 4325 615 4378; x_wconf 90' lang='lat' dir='ltr'>eins</span> <span class='ocrx_word' id='word_1_739' title='bbox 639 4325 708 4378; x_wconf 89' lang='lat' dir='ltr'>ratio</span> <span class='ocrx_word' id='word_1_740' title='bbox 727 4325 860 4378; x_wconf 85' lang='lat' dir='ltr'>habeatur</span> <span class='ocrx_word' id='word_1_741' title='bbox 878 4329 903 4378; x_wconf 89' lang='lat' dir='ltr'>et</span> <span class='ocrx_word' id='word_1_742' title='bbox 921 4324 1050 4378; x_wconf 89' lang='lat' dir='ltr'>bonorum</span> <span class='ocrx_word' id='word_1_743' title='bbox 1101 4321 1147 4390; x_wconf 88' lang='lat' dir='ltr'>sit,</span> <span class='ocrx_word' id='word_1_744' title='bbox 1174 4323 1236 4392; x_wconf 90' lang='lat' dir='ltr'>quia</span> <span class='ocrx_word' id='word_1_745' title='bbox 1256 4329 1334 4392; x_wconf 89' lang='lat' dir='ltr'>pater</span> <span class='ocrx_word' id='word_1_746' title='bbox 1355 4321 1412 4378; x_wconf 90' lang='lat' dir='ltr'>eius</span> <span class='ocrx_word' id='word_1_747' title='bbox 1430 4323 1464 4376; x_wconf 92' lang='lat' dir='ltr'>ab</span> <span class='ocrx_word' id='word_1_748' title='bbox 1481 4321 1602 4376; x_wconf 91' lang='lat' dir='ltr'>hostibus</span> <span class='ocrx_word' id='word_1_749' title='bbox 1621 4327 1716 4390; x_wconf 89' lang='lat' dir='ltr'>captus</span> <span class='ocrx_word' id='word_1_750' title='bbox 1733 4321 1821 4376; x_wconf 88' lang='lat' dir='ltr'>adhuc</span> <span class='ocrx_word' id='word_1_751' title='bbox 1838 4321 1908 4374; x_wconf 85' lang='lat' dir='ltr'>vivat</span> 
     </span>
     <span class='ocr_line' id='line_1_80' title="bbox 260 4389 1907 4460; baseline -0.005 -10"><span class='ocrx_word' id='word_1_752' title='bbox 260 4393 375 4460; x_wconf 78' lang='lat' dir='ltr'>possesio</span> <span class='ocrx_word' id='word_1_753' title='bbox 392 4393 519 4446; x_wconf 89' lang='lat' dir='ltr'>intestato</span> <span class='ocrx_word' id='word_1_754' title='bbox 536 4393 620 4460; x_wconf 91' lang='lat' dir='ltr'>patris</span> <span class='ocrx_word' id='word_1_755' title='bbox 639 4393 729 4460; x_wconf 90' lang='lat' dir='ltr'>detur,</span> <span class='ocrx_word' id='word_1_756' title='bbox 751 4399 783 4446; x_wconf 93' lang='lat' dir='ltr'>ut</span> <span class='ocrx_word' id='word_1_757' title='bbox 803 4397 893 4446; x_wconf 89' lang='lat' dir='ltr'>tamen</span> <span class='ocrx_word' id='word_1_758' title='bbox 914 4391 986 4446; x_wconf 90' lang='lat' dir='ltr'>bona</span> <span class='ocrx_word' id='word_1_759' title='bbox 1007 4405 1051 4444; x_wconf 89' lang='lat' dir='ltr'>so·</span> <span class='ocrx_word' id='word_1_760' title='bbox 1101 4391 1143 4446; x_wconf 90' lang='lat' dir='ltr'>vel</span> <span class='ocrx_word' id='word_1_761' title='bbox 1160 4391 1231 4460; x_wconf 88' lang='lat' dir='ltr'>quod</span> <span class='ocrx_word' id='word_1_762' title='bbox 1249 4391 1301 4446; x_wconf 86' lang='grc'>1111</span> <span class='ocrx_word' id='word_1_763' title='bbox 1319 4405 1401 4446; x_wconf 88' lang='lat' dir='ltr'>causa</span> <span class='ocrx_word' id='word_1_764' title='bbox 1419 4389 1598 4460; x_wconf 87' lang='lat' dir='ltr'>suspendebat</span> <span class='ocrx_word' id='word_1_765' title='bbox 1614 4391 1671 4444; x_wconf 88' lang='lat' dir='ltr'>eius</span> <span class='ocrx_word' id='word_1_766' title='bbox 1689 4393 1800 4454; x_wconf 85' lang='lat' dir='ltr'>statum,</span> <span class='ocrx_word' id='word_1_767' title='bbox 1825 4391 1907 4456; x_wconf 88' lang='lat' dir='ltr'>magis</span> 
     </span>
     <span class='ocr_line' id='line_1_81' title="bbox 260 4457 1907 4528; baseline -0.001 -17"><span class='ocrx_word' id='word_1_768' title='bbox 260 4461 316 4526; x_wconf 89' lang='lat' dir='ltr'>rori,</span> <span class='ocrx_word' id='word_1_769' title='bbox 343 4477 408 4528; x_wconf 88' lang='lat' dir='ltr'>quae</span> <span class='ocrx_word' id='word_1_770' title='bbox 431 4461 582 4516; x_wconf 89' lang='lat' dir='ltr'>necessaria</span> <span class='ocrx_word' id='word_1_771' title='bbox 605 4461 684 4514; x_wconf 88' lang='lat' dir='ltr'>heres</span> <span class='ocrx_word' id='word_1_772' title='bbox 707 4459 779 4528; x_wconf 91' lang='lat' dir='ltr'>patri</span> <span class='ocrx_word' id='word_1_773' title='bbox 801 4459 900 4526; x_wconf 87' lang='lat' dir='ltr'>extitit,</span> <span class='ocrx_word' id='word_1_774' title='bbox 930 4459 1051 4514; x_wconf 86' lang='lat' dir='ltr'>conferre</span> <span class='ocrx_word' id='word_1_775' title='bbox 1101 4463 1149 4522; x_wconf 89' lang='lat' dir='ltr'>est,</span> <span class='ocrx_word' id='word_1_776' title='bbox 1168 4475 1201 4514; x_wconf 90' lang='lat' dir='ltr'>ne</span> <span class='ocrx_word' id='word_1_777' title='bbox 1217 4461 1304 4528; x_wconf 89' lang='lat' dir='ltr'>possit</span> <span class='ocrx_word' id='word_1_778' title='bbox 1320 4459 1375 4528; x_wconf 88' lang='lat' dir='ltr'>peti</span> <span class='ocrx_word' id='word_1_779' title='bbox 1391 4459 1523 4514; x_wconf 88' lang='lat' dir='ltr'>bonorum</span> <span class='ocrx_word' id='word_1_780' title='bbox 1536 4457 1593 4510; x_wconf 91' lang='lat' dir='ltr'>eius</span> <span class='ocrx_word' id='word_1_781' title='bbox 1604 4457 1748 4526; x_wconf 88' lang='lat' dir='ltr'>possessio,</span> <span class='ocrx_word' id='word_1_782' title='bbox 1766 4457 1829 4524; x_wconf 88' lang='lat' dir='ltr'>quia</span> <span class='ocrx_word' id='word_1_783' title='bbox 1840 4473 1907 4510; x_wconf 90' lang='lat' dir='ltr'>nou·</span> 
     </span>
     <span class='ocr_line' id='line_1_82' title="bbox 260 4525 1905 4596; baseline -0.002 -17"><span class='ocrx_word' id='word_1_784' title='bbox 260 4531 372 4596; x_wconf 66' lang='grc' dir='ltr'>11111111ὅ</span> <span class='ocrx_word' id='word_1_785' title='bbox 395 4543 475 4592; x_wconf 88' lang='lat' dir='ltr'>avus,</span> <span class='ocrx_word' id='word_1_786' title='bbox 500 4527 543 4594; x_wconf 88' lang='lat' dir='ltr'>qni</span> <span class='ocrx_word' id='word_1_787' title='bbox 565 4543 614 4594; x_wconf 90' lang='lat' dir='ltr'>per</span> <span class='ocrx_word' id='word_1_788' title='bbox 637 4543 699 4582; x_wconf 89' lang='lat' dir='ltr'>eum</span> <span class='ocrx_word' id='word_1_789' title='bbox 720 4527 852 4582; x_wconf 87' lang='lat' dir='ltr'>bonorum</span> <span class='ocrx_word' id='word_1_790' title='bbox 875 4525 1050 4596; x_wconf 88' lang='lat' dir='ltr'>possessionis</span> <span class='ocrx_word' id='word_1_791' title='bbox 1102 4525 1164 4580; x_wconf 92' lang='lat' dir='ltr'>dum</span> <span class='ocrx_word' id='word_1_792' title='bbox 1180 4527 1335 4582; x_wconf 88' lang='lat' dir='ltr'>intestatum</span> <span class='ocrx_word' id='word_1_793' title='bbox 1352 4543 1413 4582; x_wconf 89' lang='lat' dir='ltr'>eum</span> <span class='ocrx_word' id='word_1_794' title='bbox 1427 4541 1485 4580; x_wconf 90' lang='lat' dir='ltr'>esse</span> <span class='ocrx_word' id='word_1_795' title='bbox 1498 4531 1618 4594; x_wconf 79' lang='lat' dir='ltr'>apparet,</span> <span class='ocrx_word' id='word_1_796' title='bbox 1637 4541 1698 4578; x_wconf 91' lang='lat' dir='ltr'>oum</span> <span class='ocrx_word' id='word_1_797' title='bbox 1714 4525 1845 4578; x_wconf 87' lang='lat' dir='ltr'>incertum</span> <span class='ocrx_word' id='word_1_798' title='bbox 1863 4525 1905 4588; x_wconf 86' lang='grc'>111,</span> 
     </span>
     <span class='ocr_line' id='line_1_83' title="bbox 259 4591 1906 4664; baseline -0.001 -17"><span class='ocrx_word' id='word_1_799' title='bbox 259 4595 447 4650; x_wconf 85' lang='lat' dir='ltr'>emolumentum</span> <span class='ocrx_word' id='word_1_800' title='bbox 468 4595 649 4662; x_wconf 89' lang='lat' dir='ltr'>adquisiturns</span> <span class='ocrx_word' id='word_1_801' title='bbox 671 4599 726 4650; x_wconf 88' lang='lat' dir='ltr'>est:</span> <span class='ocrx_word' id='word_1_802' title='bbox 750 4597 802 4648; x_wconf 90' lang='lat' dir='ltr'>nisi</span> <span class='ocrx_word' id='word_1_803' title='bbox 824 4595 894 4648; x_wconf 83' lang='lat' dir='ltr'>forte</span> <span class='ocrx_word' id='word_1_804' title='bbox 915 4611 979 4650; x_wconf 88' lang='lat' dir='ltr'>arus</span> <span class='ocrx_word' id='word_1_805' title='bbox 1001 4595 1051 4648; x_wconf 91' lang='lat' dir='ltr'>iste</span> <span class='ocrx_word' id='word_1_806' title='bbox 1101 4609 1137 4648; x_wconf 89' lang='lat' dir='ltr'>an</span> <span class='ocrx_word' id='word_1_807' title='bbox 1148 4595 1242 4648; x_wconf 89' lang='lat' dir='ltr'>testari</span> <span class='ocrx_word' id='word_1_808' title='bbox 1251 4595 1346 4664; x_wconf 91' lang='lat' dir='ltr'>possit.</span> <span class='ocrx_word' id='word_1_809' title='bbox 1370 4611 1429 4648; x_wconf 88' lang='lat' dir='ltr'>curn</span> <span class='ocrx_word' id='word_1_810' title='bbox 1440 4593 1521 4662; x_wconf 88' lang='lat' dir='ltr'>igitur</span> <span class='ocrx_word' id='word_1_811' title='bbox 1531 4591 1647 4660; x_wconf 88' lang='lat' dir='ltr'>coeperit</span> <span class='ocrx_word' id='word_1_812' title='bbox 1662 4591 1729 4646; x_wconf 88' lang='lat' dir='ltr'>certi</span> <span class='ocrx_word' id='word_1_813' title='bbox 1742 4595 1827 4646; x_wconf 87' lang='lat' dir='ltr'>status</span> <span class='ocrx_word' id='word_1_814' title='bbox 1840 4607 1906 4658; x_wconf 86' lang='lat' dir='ltr'>esse,</span> 
     </span>
     <span class='ocr_line' id='line_1_84' title="bbox 259 4659 1907 4786; baseline 0 -72"><span class='ocrx_word' id='word_1_815' title='bbox 259 4663 346 4716; x_wconf 86' lang='lat' dir='ltr'>nudum</span> <span class='ocrx_word' id='word_1_816' title='bbox 363 4679 395 4716; x_wconf 83' lang='lat' dir='ltr'>ex</span> <span class='ocrx_word' id='word_1_817' title='bbox 411 4665 453 4718; x_wconf 90' lang='lat' dir='ltr'>his</span> <span class='ocrx_word' id='word_1_818' title='bbox 470 4663 587 4716; x_wconf 89' lang='lat' dir='ltr'>fructum</span> <span class='ocrx_word' id='word_1_819' title='bbox 604 4663 745 4742; x_wconf 74' lang='lat' dir='ltr'>adquirere</span> <span class='ocrx_word' id='word_1_820' title='bbox 761 4663 996 4786; x_wconf 62' lang='lat' dir='ltr'>vultdparatusque</span> <span class='ocrx_word' id='word_1_821' title='bbox 1010 4669 1050 4716; x_wconf 89' lang='lat' dir='ltr'>est</span> <span class='ocrx_word' id='word_1_822' title='bbox 1100 4667 1165 4716; x_wconf 91' lang='lat' dir='ltr'>tuno</span> <span class='ocrx_word' id='word_1_823' title='bbox 1177 4663 1280 4718; x_wconf 89' lang='lat' dir='ltr'>demum</span> <span class='ocrx_word' id='word_1_824' title='bbox 1291 4663 1458 4732; x_wconf 89' lang='lat' dir='ltr'>petendaest</span> <span class='ocrx_word' id='word_1_825' title='bbox 1468 4661 1599 4716; x_wconf 91' lang='lat' dir='ltr'>bonorum</span> <span class='ocrx_word' id='word_1_826' title='bbox 1609 4659 1757 4730; x_wconf 87' lang='lat' dir='ltr'>possessio:</span> <span class='ocrx_word' id='word_1_827' title='bbox 1775 4675 1829 4714; x_wconf 90' lang='lat' dir='ltr'>non</span> <span class='ocrx_word' id='word_1_828' title='bbox 1847 4675 1907 4714; x_wconf 88' lang='lat' dir='ltr'>cum</span> 
     </span>
     <span class='ocr_line' id='line_1_85' title="bbox 259 4729 1907 4800; baseline 0.002 -20"><span class='ocrx_word' id='word_1_829' title='bbox 259 4729 285 4782; x_wconf 89' lang='lat' dir='ltr'>de</span> <span class='ocrx_word' id='word_1_830' title='bbox 299 4735 425 4798; x_wconf 88' lang='lat' dir='ltr'>potestate</span> <span class='ocrx_word' id='word_1_831' title='bbox 443 4735 565 4800; x_wconf 87' lang='lat' dir='ltr'>nepotem</span> <span class='ocrx_word' id='word_1_832' title='bbox 582 4729 732 4796; x_wconf 83' lang='lat' dir='ltr'>demittere,</span> <span class='ocrx_word' id='word_1_833' title='bbox 755 4735 819 4786; x_wconf 88' lang='grc'>111</span> <span class='ocrx_word' id='word_1_834' title='bbox 856 4733 1050 4798; x_wconf 87' lang='lat' dir='ltr'>emancipatum</span> <span class='ocrx_word' id='word_1_835' title='bbox 1101 4735 1202 4786; x_wconf 89' lang='lat' dir='ltr'>certum</span> <span class='ocrx_word' id='word_1_836' title='bbox 1220 4747 1278 4786; x_wconf 88' lang='lat' dir='ltr'>esse</span> <span class='ocrx_word' id='word_1_837' title='bbox 1296 4733 1414 4800; x_wconf 90' lang='lat' dir='ltr'>coeperit</span> <span class='ocrx_word' id='word_1_838' title='bbox 1430 4731 1584 4784; x_wconf 89' lang='lat' dir='ltr'>intestatum</span> <span class='ocrx_word' id='word_1_839' title='bbox 1601 4743 1673 4792; x_wconf 89' lang='lat' dir='ltr'>esse,</span> <span class='ocrx_word' id='word_1_840' title='bbox 1697 4729 1746 4784; x_wconf 90' lang='lat' dir='ltr'>sed</span> <span class='ocrx_word' id='word_1_841' title='bbox 1767 4743 1827 4782; x_wconf 85' lang='lat' dir='ltr'>eun</span> <span class='ocrx_word' id='word_1_842' title='bbox 1850 4745 1907 4784; x_wconf 89' lang='lat' dir='ltr'>cer-</span> 
     </span>
     <span class='ocr_line' id='line_1_86' title="bbox 258 4795 1907 4870; baseline 0.002 -22"><span class='ocrx_word' id='word_1_843' title='bbox 258 4799 447 4854; x_wconf 85' lang='lat' dir='ltr'>enolumentum</span> <span class='ocrx_word' id='word_1_844' title='bbox 468 4813 545 4856; x_wconf 90' lang='lat' dir='ltr'>omne</span> <span class='ocrx_word' id='word_1_845' title='bbox 563 4799 695 4852; x_wconf 85' lang='lat' dir='ltr'>bonorum</span> <span class='ocrx_word' id='word_1_846' title='bbox 711 4799 889 4866; x_wconf 89' lang='lat' dir='ltr'>possessionis</span> <span class='ocrx_word' id='word_1_847' title='bbox 905 4801 1049 4868; x_wconf 88' lang='lat' dir='ltr'>perveniat.</span> <span class='ocrx_word' id='word_1_848' title='bbox 1101 4807 1116 4852; x_wconf 84' lang='grc'>1</span> <span class='ocrx_word' id='word_1_849' title='bbox 1151 4805 1209 4854; x_wconf 88' lang='lat' dir='ltr'>tum</span> <span class='ocrx_word' id='word_1_850' title='bbox 1235 4817 1293 4856; x_wconf 87' lang='lat' dir='ltr'>esse</span> <span class='ocrx_word' id='word_1_851' title='bbox 1322 4799 1440 4870; x_wconf 89' lang='lat' dir='ltr'>coeperit</span> <span class='ocrx_word' id='word_1_852' title='bbox 1466 4803 1569 4866; x_wconf 87' lang='lat' dir='ltr'>patrem</span> <span class='ocrx_word' id='word_1_853' title='bbox 1591 4795 1707 4852; x_wconf 82' lang='lat' dir='ltr'>familias</span> <span class='ocrx_word' id='word_1_854' title='bbox 1729 4811 1794 4852; x_wconf 89' lang='lat' dir='ltr'>esse.</span> <span class='ocrx_word' id='word_1_855' title='bbox 1832 4797 1907 4854; x_wconf 87' lang='lat' dir='ltr'>Haec</span> 
     </span>
     <span class='ocr_line' id='line_1_87' title="bbox 258 4865 1905 4938; baseline 0.001 -21"><span class='ocrx_word' id='word_1_856' title='bbox 258 4879 298 4918; x_wconf 85' lang='lat' dir='ltr'>ner</span> <span class='ocrx_word' id='word_1_857' title='bbox 311 4867 405 4922; x_wconf 85' lang='lat' dir='ltr'>idcirco</span> <span class='ocrx_word' id='word_1_858' title='bbox 419 4883 504 4934; x_wconf 91' lang='lat' dir='ltr'>soror,</span> <span class='ocrx_word' id='word_1_859' title='bbox 523 4883 589 4936; x_wconf 88' lang='lat' dir='ltr'>quae</span> <span class='ocrx_word' id='word_1_860' title='bbox 602 4867 673 4936; x_wconf 86' lang='lat' dir='ltr'>patri</span> <span class='ocrx_word' id='word_1_861' title='bbox 684 4867 762 4920; x_wconf 88' lang='lat' dir='ltr'>heres</span> <span class='ocrx_word' id='word_1_862' title='bbox 777 4867 873 4932; x_wconf 88' lang='lat' dir='ltr'>extitit,</span> <span class='ocrx_word' id='word_1_863' title='bbox 892 4867 961 4924; x_wconf 84' lang='lat' dir='ltr'>iuste</span> <span class='ocrx_word' id='word_1_864' title='bbox 977 4869 1050 4936; x_wconf 89' lang='lat' dir='ltr'>queri</span> <span class='ocrx_word' id='word_1_865' title='bbox 1100 4873 1189 4924; x_wconf 89' lang='lat' dir='ltr'>autem</span> <span class='ocrx_word' id='word_1_866' title='bbox 1207 4869 1338 4924; x_wconf 88' lang='lat' dir='ltr'>bonorum</span> <span class='ocrx_word' id='word_1_867' title='bbox 1354 4867 1488 4938; x_wconf 86' lang='lat' dir='ltr'>possessio</span> <span class='ocrx_word' id='word_1_868' title='bbox 1506 4881 1608 4922; x_wconf 88' lang='lat' dir='ltr'>omnem</span> <span class='ocrx_word' id='word_1_869' title='bbox 1625 4871 1716 4930; x_wconf 89' lang='lat' dir='ltr'>vocat,</span> <span class='ocrx_word' id='word_1_870' title='bbox 1740 4865 1786 4934; x_wconf 92' lang='lat' dir='ltr'>qui</span> <span class='ocrx_word' id='word_1_871' title='bbox 1808 4867 1842 4920; x_wconf 89' lang='lat' dir='ltr'>ab</span> <span class='ocrx_word' id='word_1_872' title='bbox 1865 4867 1905 4920; x_wconf 81' lang='lat' dir='ltr'>in-</span> 
     </span>
     <span class='ocr_line' id='line_1_88' title="bbox 258 4933 1906 5006; baseline 0.004 -22"><span class='ocrx_word' id='word_1_873' title='bbox 258 4935 354 5000; x_wconf 84' lang='lat' dir='ltr'>potent,</span> <span class='ocrx_word' id='word_1_874' title='bbox 372 4937 444 5002; x_wconf 88' lang='lat' dir='ltr'>qnod</span> <span class='ocrx_word' id='word_1_875' title='bbox 460 4951 491 4990; x_wconf 92' lang='lat' dir='ltr'>eo</span> <span class='ocrx_word' id='word_1_876' title='bbox 510 4935 581 4990; x_wconf 86' lang='lat' dir='ltr'>iacto</span> <span class='ocrx_word' id='word_1_877' title='bbox 599 4951 616 4988; x_wconf 89' lang='grc'>1</span> <span class='ocrx_word' id='word_1_878' title='bbox 634 4935 783 4988; x_wconf 88' lang='lat' dir='ltr'>collationis</span> <span class='ocrx_word' id='word_1_879' title='bbox 803 4935 941 4990; x_wconf 86' lang='lat' dir='ltr'>commodo</span> <span class='ocrx_word' id='word_1_880' title='bbox 959 4939 1049 4990; x_wconf 84' lang='lat' dir='ltr'>exclu-</span> <span class='ocrx_word' id='word_1_881' title='bbox 1100 4941 1197 4992; x_wconf 87' lang='lat' dir='ltr'>testato</span> <span class='ocrx_word' id='word_1_882' title='bbox 1219 4939 1309 5006; x_wconf 92' lang='lat' dir='ltr'>potuit</span> <span class='ocrx_word' id='word_1_883' title='bbox 1332 4951 1393 4992; x_wconf 88' lang='lat' dir='ltr'>esse</span> <span class='ocrx_word' id='word_1_884' title='bbox 1412 4939 1503 5000; x_wconf 88' lang='lat' dir='ltr'>heres,</span> <span class='ocrx_word' id='word_1_885' title='bbox 1526 4935 1579 4990; x_wconf 91' lang='lat' dir='ltr'>sive</span> <span class='ocrx_word' id='word_1_886' title='bbox 1601 4934 1644 4989; x_wconf 86' lang='lat' dir='ltr'>lex</span> <span class='ocrx_word' id='word_1_887' title='bbox 1667 4933 1806 4990; x_wconf 87' lang='lat' dir='ltr'>duodecim</span> <span class='ocrx_word' id='word_1_888' title='bbox 1827 4937 1906 4990; x_wconf 91' lang='lat' dir='ltr'>tabu-</span> 
     </span>
     <span class='ocr_line' id='line_1_89' title="bbox 259 4997 1908 5074; baseline 0.005 -24"><span class='ocrx_word' id='word_1_889' title='bbox 259 4997 326 5066; x_wconf 88' lang='lat' dir='ltr'>ditur,</span> <span class='ocrx_word' id='word_1_890' title='bbox 343 5017 402 5056; x_wconf 88' lang='lat' dir='ltr'>cum</span> <span class='ocrx_word' id='word_1_891' title='bbox 414 5019 463 5056; x_wconf 91' lang='lat' dir='ltr'>avo</span> <span class='ocrx_word' id='word_1_892' title='bbox 496 5001 637 5072; x_wconf 86' lang='lat' dir='ltr'>nandoque</span> <span class='ocrx_word' id='word_1_893' title='bbox 649 5003 776 5056; x_wconf 88' lang='lat' dir='ltr'>intestato</span> <span class='ocrx_word' id='word_1_894' title='bbox 792 4999 918 5056; x_wconf 77' lang='grc'>11111111</span> <span class='ocrx_word' id='word_1_895' title='bbox 931 5003 1050 5060; x_wconf 86' lang='lat' dir='ltr'>adbona</span> <span class='ocrx_word' id='word_1_896' title='bbox 1100 5005 1186 5058; x_wconf 88' lang='lat' dir='ltr'>larum</span> <span class='ocrx_word' id='word_1_897' title='bbox 1208 5021 1267 5060; x_wconf 90' lang='lat' dir='ltr'>enm</span> <span class='ocrx_word' id='word_1_898' title='bbox 1289 5005 1434 5074; x_wconf 85' lang='lat' dir='ltr'>legitimum</span> <span class='ocrx_word' id='word_1_899' title='bbox 1455 5003 1578 5056; x_wconf 89' lang='lat' dir='ltr'>heredem</span> <span class='ocrx_word' id='word_1_900' title='bbox 1599 5003 1681 5056; x_wconf 85' lang='lat' dir='ltr'>iaciat</span> <span class='ocrx_word' id='word_1_901' title='bbox 1706 5003 1761 5058; x_wconf 87' lang='lat' dir='ltr'>sire</span> <span class='ocrx_word' id='word_1_902' title='bbox 1785 5005 1839 5058; x_wconf 92' lang='lat' dir='ltr'>alia</span> <span class='ocrx_word' id='word_1_903' title='bbox 1863 5004 1908 5058; x_wconf 82' lang='lat' dir='ltr'>lex</span> 
     </span>
     <span class='ocr_line' id='line_1_90' title="bbox 259 5019 1906 5140; baseline 0.004 -21"><span class='ocrx_word' id='word_1_904' title='bbox 259 5065 305 5118; x_wconf 83' lang='lat' dir='ltr'>eius</span> <span class='ocrx_word' id='word_1_905' title='bbox 321 5067 395 5122; x_wconf 89' lang='lat' dir='ltr'>simul</span> <span class='ocrx_word' id='word_1_906' title='bbox 412 5019 515 5126; x_wconf 64' lang='lat' dir='ltr'>cumIr</span> <span class='ocrx_word' id='word_1_907' title='bbox 1100 5081 1241 5130; x_wconf 88' lang='lat' dir='ltr'>senatusve</span> <span class='ocrx_word' id='word_1_908' title='bbox 1259 5073 1418 5128; x_wconf 89' lang='lat' dir='ltr'>consultum.</span> <span class='ocrx_word' id='word_1_909' title='bbox 1454 5071 1567 5140; x_wconf 88' lang='lat' dir='ltr'>denique</span> <span class='ocrx_word' id='word_1_910' title='bbox 1583 5077 1674 5140; x_wconf 87' lang='lat' dir='ltr'>mater,</span> <span class='ocrx_word' id='word_1_911' title='bbox 1694 5087 1762 5140; x_wconf 90' lang='lat' dir='ltr'>quae</span> <span class='ocrx_word' id='word_1_912' title='bbox 1779 5089 1812 5128; x_wconf 82' lang='grc'>11</span> <span class='ocrx_word' id='word_1_913' title='bbox 1829 5089 1906 5128; x_wconf 87' lang='grc'>1111-</span> 
     </span>
     <span class='ocr_line' id='line_1_91' title="bbox 287 5131 1906 5214; baseline 0.005 -26"><span class='ocrx_word' id='word_1_914' title='bbox 287 5131 307 5214; x_wconf 42' lang='grc'>7,</span> <span class='ocrx_word' id='word_1_915' title='bbox 320 5135 498 5194; x_wconf 78' lang='lat' dir='ltr'>Pnrrrrnrvus</span> <span class='ocrx_word' id='word_1_916' title='bbox 517 5141 583 5194; x_wconf 82' lang='lat' dir='ltr'>libro</span> <span class='ocrx_word' id='word_1_917' title='bbox 605 5139 747 5194; x_wconf 84' lang='lat' dir='ltr'>uicensimo</span> <span class='ocrx_word' id='word_1_918' title='bbox 769 5155 840 5194; x_wconf 85' lang='lat' dir='ltr'>nono</span> <span class='ocrx_word' id='word_1_919' title='bbox 863 5139 1050 5210; x_wconf 78' lang='lat' dir='ltr'>quaestionum</span> <span class='ocrx_word' id='word_1_920' title='bbox 1100 5147 1143 5196; x_wconf 90' lang='lat' dir='ltr'>tus</span> <span class='ocrx_word' id='word_1_921' title='bbox 1159 5143 1280 5198; x_wconf 71' lang='lat' dir='ltr'>consono</span> <span class='ocrx_word' id='word_1_922' title='bbox 1295 5141 1367 5194; x_wconf 91' lang='lat' dir='ltr'>venit</span> <span class='ocrx_word' id='word_1_923' title='bbox 1379 5141 1552 5206; x_wconf 85' lang='lat' dir='ltr'>Tertulliano,</span> <span class='ocrx_word' id='word_1_924' title='bbox 1569 5141 1631 5196; x_wconf 88' lang='lat' dir='ltr'>item</span> <span class='ocrx_word' id='word_1_925' title='bbox 1645 5143 1690 5210; x_wconf 92' lang='lat' dir='ltr'>qui</span> <span class='ocrx_word' id='word_1_926' title='bbox 1703 5155 1736 5194; x_wconf 84' lang='lat' dir='ltr'>ex</span> <span class='ocrx_word' id='word_1_927' title='bbox 1750 5141 1906 5212; x_wconf 87' lang='lat' dir='ltr'>Orphitiano</span> 
     </span>
     <span class='ocr_line' id='line_1_92' title="bbox 259 5197 1906 5278; baseline 0.006 -24"><span class='ocrx_word' id='word_1_928' title='bbox 259 5197 350 5278; x_wconf 80' lang='lat' dir='ltr'>Scnpto</span> <span class='ocrx_word' id='word_1_929' title='bbox 367 5205 462 5260; x_wconf 90' lang='lat' dir='ltr'>herede</span> <span class='ocrx_word' id='word_1_930' title='bbox 480 5207 642 5260; x_wconf 89' lang='lat' dir='ltr'>deliberante</span> <span class='ocrx_word' id='word_1_931' title='bbox 658 5207 729 5262; x_wconf 88' lang='lat' dir='ltr'>lilius</span> <span class='ocrx_word' id='word_1_932' title='bbox 747 5207 924 5260; x_wconf 85' lang='lat' dir='ltr'>exheredatus</span> <span class='ocrx_word' id='word_1_933' title='bbox 939 5215 1050 5262; x_wconf 85' lang='lat' dir='ltr'>mortem</span> <span class='ocrx_word' id='word_1_934' title='bbox 1100 5211 1135 5264; x_wconf 89' lang='lat' dir='ltr'>ad</span> <span class='ocrx_word' id='word_1_935' title='bbox 1148 5209 1289 5278; x_wconf 89' lang='lat' dir='ltr'>legitimam</span> <span class='ocrx_word' id='word_1_936' title='bbox 1303 5209 1478 5266; x_wconf 88' lang='lat' dir='ltr'>hereditatem</span> <span class='ocrx_word' id='word_1_937' title='bbox 1493 5209 1676 5278; x_wconf 77' lang='lat' dir='ltr'>admittamur,</span> <span class='ocrx_word' id='word_1_938' title='bbox 1691 5209 1761 5266; x_wconf 89' lang='lat' dir='ltr'>hanc</span> <span class='ocrx_word' id='word_1_939' title='bbox 1775 5213 1906 5266; x_wconf 88' lang='lat' dir='ltr'>bonorum</span> 
     </span>
     <span class='ocr_line' id='line_1_93' title="bbox 259 5267 1539 5350; baseline 0.01 -31"><span class='ocrx_word' id='word_1_940' title='bbox 259 5267 306 5320; x_wconf 78' lang='lat' dir='ltr'>obst</span> <span class='ocrx_word' id='word_1_941' title='bbox 328 5275 404 5350; x_wconf 81' lang='lat' dir='ltr'>atque</span> <span class='ocrx_word' id='word_1_942' title='bbox 428 5275 466 5326; x_wconf 91' lang='lat' dir='ltr'>ita</span> <span class='ocrx_word' id='word_1_943' title='bbox 492 5275 607 5344; x_wconf 88' lang='lat' dir='ltr'>scriptus</span> <span class='ocrx_word' id='word_1_944' title='bbox 632 5275 710 5330; x_wconf 91' lang='lat' dir='ltr'>heres</span> <span class='ocrx_word' id='word_1_945' title='bbox 736 5275 842 5330; x_wconf 67' lang='lat' dir='ltr'>omisitt</span> <span class='ocrx_word' id='word_1_946' title='bbox 868 5275 1049 5332; x_wconf 89' lang='lat' dir='ltr'>hereditatem.</span> <span class='ocrx_word' id='word_1_947' title='bbox 1100 5277 1294 5346; x_wconf 87' lang='lat' dir='ltr'>possessionem</span> <span class='ocrx_word' id='word_1_948' title='bbox 1310 5281 1402 5344; x_wconf 88' lang='lat' dir='ltr'>petere</span> <span class='ocrx_word' id='word_1_949' title='bbox 1418 5283 1539 5346; x_wconf 87' lang='lat' dir='ltr'>possunt.</span> 
     </span>
     <span class='ocr_line' id='line_1_94' title="bbox 258 5339 1905 5420; baseline 0.008 -34"><span class='ocrx_word' id='word_1_950' title='bbox 258 5347 329 5402; x_wconf 86' lang='lat' dir='ltr'>nepos</span> <span class='ocrx_word' id='word_1_951' title='bbox 345 5353 378 5392; x_wconf 82' lang='lat' dir='ltr'>ex</span> <span class='ocrx_word' id='word_1_952' title='bbox 393 5341 437 5394; x_wconf 82' lang='lat' dir='ltr'>illo</span> <span class='ocrx_word' id='word_1_953' title='bbox 455 5339 510 5396; x_wconf 91' lang='lat' dir='ltr'>filio</span> <span class='ocrx_word' id='word_1_954' title='bbox 528 5347 668 5410; x_wconf 88' lang='lat' dir='ltr'>susceptus</span> <span class='ocrx_word' id='word_1_955' title='bbox 690 5359 739 5398; x_wconf 86' lang='lat' dir='ltr'>avo</span> <span class='ocrx_word' id='word_1_956' title='bbox 758 5357 823 5398; x_wconf 88' lang='lat' dir='ltr'>suus</span> <span class='ocrx_word' id='word_1_957' title='bbox 839 5343 918 5398; x_wconf 85' lang='lat' dir='ltr'>heres</span> <span class='ocrx_word' id='word_1_958' title='bbox 935 5343 987 5398; x_wconf 84' lang='lat' dir='ltr'>erit</span> <span class='ocrx_word' id='word_1_959' title='bbox 1003 5359 1049 5398; x_wconf 92' lang='lat' dir='ltr'>ne·</span> <span class='ocrx_word' id='word_1_960' title='bbox 1134 5341 1153 5402; x_wconf 88' lang='grc'><strong><em>3</em></strong></span> <span class='ocrx_word' id='word_1_961' title='bbox 1172 5345 1291 5400; x_wconf 73' lang='lat' dir='ltr'>Parrus</span> <span class='ocrx_word' id='word_1_962' title='bbox 1305 5345 1373 5400; x_wconf 83' lang='lat' dir='ltr'>libro</span> <span class='ocrx_word' id='word_1_963' title='bbox 1391 5347 1614 5420; x_wconf 71' lang='lat' dir='ltr'>quadrupertitas</span> <span class='ocrx_word' id='word_1_964' title='bbox 1633 5349 1711 5404; x_wconf 81' lang='lat' dir='ltr'>tertio</span> <span class='ocrx_word' id='word_1_965' title='bbox 1733 5347 1771 5402; x_wconf 86' lang='lat' dir='ltr'>od</span> <span class='ocrx_word' id='word_1_966' title='bbox 1790 5347 1905 5402; x_wconf 82' lang='lat' dir='ltr'>edietum</span> 
     </span>
     <span class='ocr_line' id='line_1_95' title="bbox 258 5407 1908 5488; baseline 0.006 -30"><span class='ocrx_word' id='word_1_967' title='bbox 258 5409 394 5482; x_wconf 35' lang='lat' dir='ltr'>que&#39;pater</span> <span class='ocrx_word' id='word_1_968' title='bbox 417 5407 550 5464; x_wconf 91' lang='lat' dir='ltr'>videbitur</span> <span class='ocrx_word' id='word_1_969' title='bbox 575 5411 723 5478; x_wconf 90' lang='lat' dir='ltr'>obstitisse,</span> <span class='ocrx_word' id='word_1_970' title='bbox 751 5409 827 5464; x_wconf 90' lang='lat' dir='ltr'>ouius</span> <span class='ocrx_word' id='word_1_971' title='bbox 851 5415 914 5480; x_wconf 90' lang='lat' dir='ltr'>post</span> <span class='ocrx_word' id='word_1_972' title='bbox 938 5417 1050 5466; x_wconf 88' lang='lat' dir='ltr'>mortem</span> <span class='ocrx_word' id='word_1_973' title='bbox 1101 5413 1266 5468; x_wconf 80' lang='lat' dir='ltr'>Generaliter</span> <span class='ocrx_word' id='word_1_974' title='bbox 1282 5413 1364 5482; x_wconf 89' lang='lat' dir='ltr'>igitur</span> <span class='ocrx_word' id='word_1_975' title='bbox 1380 5413 1517 5470; x_wconf 87' lang='lat' dir='ltr'>sciendum</span> <span class='ocrx_word' id='word_1_976' title='bbox 1534 5421 1586 5482; x_wconf 89' lang='lat' dir='ltr'>est,</span> <span class='ocrx_word' id='word_1_977' title='bbox 1609 5417 1845 5488; x_wconf 87' lang='lat' dir='ltr'>quotienscumque</span> <span class='ocrx_word' id='word_1_978' title='bbox 1866 5415 1908 5470; x_wconf 90' lang='lat' dir='ltr'>vel</span> 
     </span>
     <span class='ocr_line' id='line_1_96' title="bbox 258 5465 1908 5554; baseline 0.007 -30"><span class='ocrx_word' id='word_1_979' title='bbox 258 5465 360 5536; x_wconf 79' lang='lat' dir='ltr'>legiuma</span> <span class='ocrx_word' id='word_1_980' title='bbox 377 5473 495 5530; x_wconf 86' lang='lat' dir='ltr'>defertur</span> <span class='ocrx_word' id='word_1_981' title='bbox 508 5477 648 5544; x_wconf 88' lang='lat' dir='ltr'>hereditas.</span> <span class='ocrx_word' id='word_1_982' title='bbox 674 5495 723 5534; x_wconf 91' lang='lat' dir='ltr'>nec</span> <span class='ocrx_word' id='word_1_983' title='bbox 742 5479 796 5534; x_wconf 90' lang='lat' dir='ltr'>dici</span> <span class='ocrx_word' id='word_1_984' title='bbox 812 5485 901 5548; x_wconf 89' lang='lat' dir='ltr'>potest</span> <span class='ocrx_word' id='word_1_985' title='bbox 917 5479 1049 5544; x_wconf 88' lang='lat' dir='ltr'>heredem,</span> <span class='ocrx_word' id='word_1_986' title='bbox 1100 5481 1145 5536; x_wconf 83' lang='lat' dir='ltr'>lex</span> <span class='ocrx_word' id='word_1_987' title='bbox 1161 5481 1203 5536; x_wconf 85' lang='lat' dir='ltr'>rel</span> <span class='ocrx_word' id='word_1_988' title='bbox 1220 5483 1359 5536; x_wconf 86' lang='lat' dir='ltr'>senatus¹⁰</span> <span class='ocrx_word' id='word_1_989' title='bbox 1376 5483 1462 5540; x_wconf 90' lang='lat' dir='ltr'>defert</span> <span class='ocrx_word' id='word_1_990' title='bbox 1478 5485 1662 5554; x_wconf 87' lang='lat' dir='ltr'>hereditatem,</span> <span class='ocrx_word' id='word_1_991' title='bbox 1685 5501 1740 5542; x_wconf 91' lang='lat' dir='ltr'>non</span> <span class='ocrx_word' id='word_1_992' title='bbox 1761 5485 1841 5540; x_wconf 88' lang='lat' dir='ltr'>etiarn</span> <span class='ocrx_word' id='word_1_993' title='bbox 1859 5485 1908 5538; x_wconf 90' lang='lat' dir='ltr'>bo-</span> 
     </span>
    </p>
   </div>
   <div class='ocr_carea' id='block_1_8' title="bbox 515 5069 789 5140">
    <p class='ocr_par' dir='ltr' id='par_1_10' title="bbox 515 5069 789 5140">
     <span class='ocr_line' id='line_1_97' title="bbox 515 5069 789 5140; baseline -0.004 -15"><span class='ocrx_word' id='word_1_994' title='bbox 515 5083 573 5126; x_wconf 89' lang='lat' dir='ltr'>atre</span> <span class='ocrx_word' id='word_1_995' title='bbox 587 5071 674 5140; x_wconf 89' lang='lat' dir='ltr'>possit</span> <span class='ocrx_word' id='word_1_996' title='bbox 691 5069 789 5124; x_wconf 87' lang='lat' dir='ltr'>venire.</span> 
     </span>
    </p>
   </div>
   <div class='ocr_carea' id='block_1_9' title="bbox 259 5581 304 5590">
    <p class='ocr_par' dir='ltr' id='par_1_11' title="bbox 259 5581 304 5590">
     <span class='ocr_line' id='line_1_98' title="bbox 259 5581 304 5590; baseline 0.044 -2"><span class='ocrx_word' id='word_1_997' title='bbox 259 5581 304 5590; x_wconf 82' lang='lat'>-..</span> 
     </span>
    </p>
   </div>
   <div class='ocr_carea' id='block_1_10' title="bbox 511 5593 1830 5608">
    <p class='ocr_par' dir='ltr' id='par_1_12' title="bbox 511 5593 1830 5608">
     <span class='ocr_line' id='line_1_99' title="bbox 511 5593 1830 5608; baseline 0 -6"><span class='ocrx_word' id='word_1_998' title='bbox 511 5593 545 5598; x_wconf 87' lang='lat'>—·</span> <span class='ocrx_word' id='word_1_999' title='bbox 773 5595 862 5602; x_wconf 50' lang='lat' dir='ltr'>mmm-...a</span> <span class='ocrx_word' id='word_1_1000' title='bbox 1790 5603 1830 5608; x_wconf 48' lang='lat'>-..--1</span> 
     </span>
    </p>
   </div>
   <div class='ocr_carea' id='block_1_11' title="bbox 257 5637 1907 5796">
    <p class='ocr_par' dir='ltr' id='par_1_13' title="bbox 257 5637 1907 5796">
     <span class='ocr_line' id='line_1_100' title="bbox 257 5637 1907 5726; baseline 0.006 -30"><span class='ocrx_word' id='word_1_1001' title='bbox 257 5637 567 5714; x_wconf 76' lang='lat' dir='ltr'>ttlpr.=D,37,s,1pr.</span> <span class='ocrx_word' id='word_1_1002' title='bbox 647 5649 681 5712; x_wconf 75' lang='lat' dir='ltr'>(a)</span> <span class='ocrx_word' id='word_1_1003' title='bbox 698 5649 838 5702; x_wconf 79' lang='lat' dir='ltr'>midiamF</span> <span class='ocrx_word' id='word_1_1004' title='bbox 914 5653 945 5714; x_wconf 80' lang='grc'>(3)</span> <span class='ocrx_word' id='word_1_1005' title='bbox 964 5651 1050 5702; x_wconf 79' lang='grc'>111111.</span> <span class='ocrx_word' id='word_1_1006' title='bbox 1135 5653 1170 5716; x_wconf 82' lang='grc'>(8)</span> <span class='ocrx_word' id='word_1_1007' title='bbox 1189 5651 1426 5716; x_wconf 75' lang='lat' dir='ltr'>Sat.1...r;Ed.s;</span> <span class='ocrx_word' id='word_1_1008' title='bbox 1446 5655 1907 5726; x_wconf 74' lang='lat' dir='ltr'>Pap.s.-Bas.ts,r,r...s.-os.</span> 
     </span>
     <span class='ocr_line' id='line_1_101' title="bbox 259 5711 1907 5796; baseline 0.002 -28"><span class='ocrx_word' id='word_1_1009' title='bbox 259 5711 285 5768; x_wconf 71' lang='lat' dir='ltr'>tit</span> <span class='ocrx_word' id='word_1_1010' title='bbox 302 5711 371 5774; x_wconf 86' lang='lat' dir='ltr'>cf·D.</span> <span class='ocrx_word' id='word_1_1011' title='bbox 383 5713 423 5776; x_wconf 78' lang='lat'>37,</span> <span class='ocrx_word' id='word_1_1012' title='bbox 433 5723 454 5776; x_wconf 81' lang='lat' dir='ltr'>a,</span> <span class='ocrx_word' id='word_1_1013' title='bbox 464 5725 485 5778; x_wconf 83' lang='lat'>5,</span> <span class='ocrx_word' id='word_1_1014' title='bbox 493 5733 531 5780; x_wconf 87' lang='lat' dir='ltr'>pr.</span> <span class='ocrx_word' id='word_1_1015' title='bbox 601 5721 633 5776; x_wconf 78' lang='grc'>111</span> <span class='ocrx_word' id='word_1_1016' title='bbox 652 5721 789 5782; x_wconf 84' lang='lat' dir='ltr'>cogeturF</span> <span class='ocrx_word' id='word_1_1017' title='bbox 860 5719 894 5782; x_wconf 73' lang='lat' dir='ltr'>(a)</span> <span class='ocrx_word' id='word_1_1018' title='bbox 913 5719 1057 5770; x_wconf 67' lang='grc' dir='ltr'>1111111111ἱ</span> <span class='ocrx_word' id='word_1_1019' title='bbox 1106 5719 1225 5782; x_wconf 67' lang='grc'>0111115</span> <span class='ocrx_word' id='word_1_1020' title='bbox 1257 5723 1761 5796; x_wconf 64' lang='grc'>(9)1111111111111111111111111111172</span> <span class='ocrx_word' id='word_1_1021' title='bbox 1792 5727 1907 5788; x_wconf 68' lang='lat' dir='ltr'>timeon·</span> 
     </span>
    </p>
   </div>
   <div class='ocr_carea' id='block_1_12' title="bbox 258 5775 1247 5842">
    <p class='ocr_par' dir='ltr' id='par_1_14' title="bbox 258 5775 1247 5842">
     <span class='ocr_line' id='line_1_102' title="bbox 258 5775 1247 5842; baseline 0.016 -18"><span class='ocrx_word' id='word_1_1022' title='bbox 258 5775 285 5836; x_wconf 74' lang='lat' dir='ltr'>il)</span> <span class='ocrx_word' id='word_1_1023' title='bbox 300 5779 457 5842; x_wconf 77' lang='lat' dir='ltr'>potneritscr.</span> <span class='ocrx_word' id='word_1_1024' title='bbox 1074 5807 1079 5842; x_wconf 89' lang='grc'>1</span> <span class='ocrx_word' id='word_1_1025' title='bbox 1102 5785 1247 5840; x_wconf 75' lang='grc'>1111111111.</span> 
     </span>
    </p>
   </div>
   <div class='ocr_carea' id='block_1_13' title="bbox 1670 5879 1702 5934">
    <p class='ocr_par' dir='ltr' id='par_1_15' title="bbox 1670 5879 1702 5934">
     <span class='ocr_line' id='line_1_103' title="bbox 1670 5879 1702 5934; baseline -0.063 0"><span class='ocrx_word' id='word_1_1026' title='bbox 1670 5879 1702 5934; x_wconf 77' lang='lat' dir='ltr'>&#39;id</span> 
     </span>
    </p>
   </div>
   <div class='ocr_carea' id='block_1_14' title="bbox 0 0 2191 6258">
    <p class='ocr_par' dir='ltr' id='par_1_16' title="bbox 0 0 2191 6258">
     <span class='ocr_line' id='line_1_104' title="bbox 0 0 2191 6258; baseline 0 0"><span class='ocrx_word' id='word_1_1027' title='bbox 0 0 2191 6258; x_wconf 95' lang='lat' dir='ltr'> </span> 
     </span>
    </p>
   </div>
  </div>
 </body>
</html>
