4366 6258
286 369 399 422 CONS'I'.
422 373 531 420 ΤΔΝΤΑ

285 539 418 606 praebuit,
442 539 470 592 iu
488 539 582 606 quibus
599 537 676 590 multi
692 535 800 590 inerant
817 537 924 606 stipsis
941 537 1087 592 eruditissi-

284 607 333 660 mis
354 607 503 660 bominibus
524 605 663 670 incogniti,
691 603 787 672 quibus
812 607 933 660 omnibus
955 607 1087 674 perlectis,

285 673 410 742 quidquid
428 689 460 728 ex
478 673 519 726 bis
536 673 744 740 pulcherrimum
762 681 828 736 erat,
845 673 897 726 boc
915 679 1043 726 semotum
1061 673 1088 726 in

285 743 410 808 optimam
427 747 555 794 normann
562 739 780 808 compositionem
797 743 924 810 pervenit.
950 741 997 796 sed
1009 743 1088 796 ιιιιιιις

286 811 372 878 operis
390 809 539 862 conditores
554 825 607 862 ιιοιι
623 809 708 862 solum
722 823 754 862 ea
768 809 902 864 volumina
914 811 1088 876 perlegerunt,

286 893 318 928 ex
341 877 435 944 quibus
458 877 529 944 leges
546 875 651 944 positae
668 881 744 942 sunt,
767 877 814 934 sed
832 877 912 932 etiam
929 877 980 930 alia
998 879 1088 944 multa,

285 959 363 1012 quae,
387 943 451 996 nihil
473 943 513 998 rel
536 943 601 1010 utile
623 943 664 998 vel
686 961 783 1000 norum
800 945 845 998 in¹
865 945 902 998 eis
920 945 1088 1010 invenientee,

286 1011 354 1078 quod
376 1017 516 1078 exceptum
539 1013 637 1066 nostris
660 1011 768 1078 digestis
786 1013 964 1080 applicarent,
989 1015 1088 1080 optimo

290 1083 317 1132 ts
352 1081 439 1132 animo
457 1085 621 1144 respuerunt.
655 1081 708 1134 Sed
725 1083 786 1148 quia
803 1081 907 1132 divinae
925 1081 1028 1146 quidem
1046 1095 1089 1132 res

286 1147 492 1216 perfectissimae
506 1151 576 1210 sunt,
593 1147 703 1200 humani
719 1163 782 1202 vero
800 1147 865 1200 iuris
884 1147 1002 1202 condicio
1020 1163 1089 1202 sem·

287 1229 333 1282 per
353 1213 399 1266 ιιι2
420 1213 551 1266 ιιιίιιιιιιιιιι
572 1213 690 1268 decurrit
713 1219 739 1270 et
761 1213 826 1268 nihil
849 1215 933 1268 estin
951 1231 995 1282 ea,
1018 1213 1089 1282 quod

285 1291 357 1336 stare
378 1289 507 1348 perpetuo
530 1281 615 1348 possit
638 1283 745 1348 (multas
770 1283 867 1336 etenim
890 1283 988 1336 formas
1012 1283 1089 1336 edere

286 1357 381 1402 natura
398 1365 480 1402 novas
498 1351 681 1418 deproperat),
699 1367 753 1404 non
771 1351 943 1418 desperamus
961 1351 1089 1418 quaedam

287 1425 378 1486 postea
395 1417 491 1486 emergi
503 1417 615 1486 negotia,
635 1433 703 1488 quae
718 1417 806 1472 adbuc
821 1419 908 1486 legum
921 1417 1020 1486 laqueis
1035 1435 1089 1472 nou

286 1491 348 1540 sunt
363 1485 517 1540 innodabat
544 1485 567 1540 ri
585 1487 648 1554 quid
664 1489 745 1556 igitur
762 1485 815 1540 tale
833 1487 981 1552 cundperti,
999 1489 1089 1554 Augu-

285 1567 355 1608 stum
380 1555 535 1622 imploretur
559 1555 718 1618 remedium,
751 1553 813 1622 quia
842 1553 902 1606 ideo
928 1553 1089 1622 imperialem

285 1623 419 1676 t'ortuuam
436 1625 516 1678 rebus
533 1621 656 1678 humanis
674 1623 739 1676 deus
762 1621 931 1690 praeposuit,
954 1627 984 1674 ut
1004 1621 1089 1690 possit

286 1691 373 1744 omnia
395 1705 462 1758 quae
479 1691 582 1744 noviter
599 1691 756 1756 contingunt
773 1693 801 1744 et
817 1689 957 1744 emendare
974 1693 1002 1742 et
1019 1705 1089 1744 com·

286 1773 383 1826 ponere
406 1765 432 1812 et
455 1759 539 1814 modis
561 1763 589 1814 et
614 1759 711 1826 regulis
738 1757 950 1824 competentibus
975 1757 1088 1810 tradere.

286 1833 312 1880 ει
328 1827 379 1882 boc
396 1843 450 1882 non
467 1829 580 1894 primum
599 1843 615 1880 a
632 1825 709 1880 nobis
726 1825 826 1880 dictum
845 1833 893 1888 est,
911 1825 957 1880 sed
972 1825 1006 1878 ab
1020 1825 1089 1878 anti·

285 1911 337 1964 qua
355 1895 489 1948 descendit
503 1895 642 1962 prosapia:
662 1909 723 1946 cum
737 1897 764 1946 et
776 1893 834 1962 ipse
849 1893 985 1948 Iulianus⁴
1003 1893 1089 1960 legum

285 1969 312 2016 ιι
329 1963 407 2016 edicti
425 1963 545 2030 perpetui
562 1963 751 2032 suptilissimus
767 1961 889 2016 eonditor
904 1963 932 2014 in
946 1961 1001 2014 suis
1015 1961 1088 2016 libris

285 2031 335 2086 hoc
353 2031 469 2092 rettulit,
491 2035 534 2094 ut,
558 2029 581 2084 si
599 2029 662 2098 quid
679 2029 854 2098 inperfectum
871 2029 1030 2094 inveniatur,
1055 2029 1089 2082 ab

284 2097 411 2166 imperiali
429 2097 564 2152 sanctione
582 2097 633 2152 boc
647 2097 790 2166 repleatur.
818 2103 845 2152 et
862 2113 917 2152 uon
934 2097 990 2166 ipse
1007 2097 1088 2162 scius,

285 2167 332 2220 sed
358 2173 384 2220 ει
409 2167 483 2220 divus
508 2165 660 2220 Hadrianus
686 2165 715 2218 in
741 2167 933 2234 compositione
959 2167 1037 2218 edicti
1064 2169 1090 2218 et

285 2241 392 2288 senatus
410 2233 545 2298 consulto,
563 2233 710 2302 quodsum
729 2239 850 2288 secutum
868 2239 920 2300 est,
945 2235 995 2286 hoc
1013 2249 1088 2302 aper·

284 2303 384 2356 tissime
401 2301 542 2366 donnum,
565 2307 607 2366 ut,
631 2299 654 2356 si
672 2299 735 2368 quid
753 2303 780 2354 in
798 2301 885 2356 edicto
903 2301 1019 2370 positum
1036 2317 1089 2356 nou

284 2371 440 2434 inveniunt,
464 2371 515 2424 boc
537 2371 571 2422 ad
593 2369 650 2422 eius
671 2371 777 2438 regulas
796 2369 904 2436 eiusque
923 2369 1088 2424 coniecturas

284 2443 311 2494 et
327 2439 485 2494 imitationes
503 2437 588 2506 possit
605 2453 673 2490 nova
690 2437 823 2492 instruere
840 2437 995 2492 auctoritas.

320 2511 350 2560 te
384 2507 456 2560 Haec
473 2507 554 2572 igitur
571 2505 659 2560 omnia
680 2507 809 2570 scientes,
834 2511 924 2574 patres
947 2507 1089 2574 conscripti

284 2583 311 2630 et
337 2591 427 2630 omnes
454 2575 524 2630 orbis
550 2581 681 2628 terrarum
704 2575 835 2642 heminae,
861 2575 961 2644 gratias
984 2575 1089 2642 quidem

284 2643 456 2710 amplissimas
481 2643 551 2708 agite
575 2657 693 2696 summae
717 2641 858 2708 divinitati,
887 2659 955 2710 quae
977 2643 1088 2698 restris⁷

284 2713 446 2780 temporibus
476 2717 530 2764 tam
557 2711 760 2764 saluberrimum
786 2727 853 2780 opus
881 2711 1006 2764 servarit:
1037 2725 1089 2778 quc

285 2779 352 2832 enim
379 2777 522 2846 antiquitas
548 2779 627 2846 digna
654 2779 741 2832 divino
764 2795 817 2834 non
841 2783 882 2832 est
904 2779 960 2832 risa
983 2779 1089 2842 iudicio,

284 2847 334 2900 hoc
356 2847 451 2902 restris
476 2847 637 2914 temporibus
659 2845 790 2902 indultum
814 2851 862 2900 est.
898 2847 978 2902 hasce
1001 2847 1090 2914 itaque

284 2915 354 2982 leges
376 2919 403 2968 et
425 2915 534 2968 adorate
557 2919 584 2968 ιι
601 2917 741 2970 observate
758 2915 879 2970 omnibus
897 2915 1089 2984 antiquioribus

285 2983 511 3052 quiescentibrrs⁸r
539 2997 668 3052 nemoque
695 2989 810 3040 restrum
837 2983 934 3038 audeat
955 2983 996 3038 ιιι
1018 3001 1088 3040 com-

272 3067 379 3120 parare
397 3067 442 3106 eas
460 3051 592 3120 prioribus
609 3051 664 3116 ιιι,
687 3051 709 3106 si
731 3053 795 3122 quid
812 3051 953 3106 dissonam
969 3051 998 3106 in
1016 3057 1089 3106 utro-

287 3135 337 3188 que
355 3123 402 3184 est,
421 3121 567 3188 requirere,
593 3121 655 3190 quia
672 3135 750 3174 omne
767 3121 838 3190 quod
856 3121 899 3172 hic
917 3121 1031 3190 positum
1049 3125 1090 3176 est

285 3187 336 3242 hoc
359 3187 465 3242 unicum
488 3194 515 3242 et
538 3190 622 3242 solum
649 3189 783 3244 observari
808 3205 954 3244 censemus.
989 3205 1038 3244 nec
1062 3191 1089 3244 in

276 3255 380 3310 ,iudicio
399 3271 447 3310 nec
464 3259 492 3310 ia
508 3257 560 3310 elio
581 3259 736 3324 certamine,
760 3257 807 3312 ubi
829 3257 900 3326 leges
923 3259 1089 3312 necessariae

285 3329 360 3388 sunt,
383 3341 417 3378 ex
440 3325 498 3378 aliis
520 3325 606 3390 libris,
631 3325 680 3380 uisi
704 3325 739 3380 ab
762 3325 855 3380 iisdem
878 3325 1088 3382 institutionibus

285 3393 434 3460 nostrisque
456 3391 562 3458 digestis
587 3397 613 3446 ιι
636 3393 871 3448 constitutionibus
889 3409 905 3446 a
922 3393 999 3448 nobis
1017 3411 1087 3450 com-

284 3461 376 3526 positis
394 3461 434 3514 vel
451 3461 622 3528 promulgatis
641 3461 739 3530 aliquid
758 3461 798 3514 rel
815 3461 929 3514 recitare
946 3463 985 3516 vel
1001 3469 1088 3516 osten-

285 3527 347 3580 dere
371 3535 492 3592 conetur,
517 3529 566 3582 nisi
590 3535 732 3584 temerator
749 3529 811 3584 velit
827 3529 952 3584 falsitatis
969 3529 1089 3582 crimini9

285 3595 420 3650 subiectus
448 3611 501 3650 una
527 3613 587 3652 cum
612 3597 712 3664 iudice,
739 3597 785 3664 qui
810 3613 903 3652 eorum
929 3597 1086 3652 audientiam

285 3663 403 3734 patiatur
412 3667 441 3730 ¹⁰,
459 3665 550 3734 poenis
567 3665 726 3736 gravissimis
744 3667 876 3720 laborare.

1060 335 1169 418 XXVI

1617 363 1749 412 ‘cossa
1772 333 1955 416 narnien?

1139 557 1160 590 ιι
1196 543 1296 604 texero,
1313 535 1424 594 πολλῶν
1440 553 1472 586 τε
1488 531 1605 602 βιβλίων
1622 537 1668 598 καί
1680 529 1743 616 οὐδὲ
1755 531 1940 616 ἀριθμηθῆναι

1139 607 1174 672 ῥα
1192 611 1243 658 ίαιν
1260 603 1464 680 παρασχόμενος
1481 601 1597 666 πλῆθος,
1622 601 1662 656 ἀν
1684 619 1815 656 απαντων
1832 597 1954 674 διαρκιιιἸ

1139 673 1381 746 ἀναγνωσθέντων
1405 667 1545 742 ήθροίσθη
1563 667 1597 722 τά
1614 669 1737 744 παρόντα
1756 667 1857 740 βιβλία.
1892 679 1954 724 καί,

1139 747 1198 794 τοι1
1223 763 1252 814 γε
1274 743 1301 796 οἱ
1323 735 1389 814 παρ’
1415 735 1492 808 ήμών
1514 737 1579 812 πρὸς
1600 741 1680 790 τοῦτο
1702 739 1955 812 συναθροισθέντα

1139 807 1247 864 πολλοῖς
1263 809 1296 878 δή
1313 817 1358 862 καὶ
1376 811 1476 880 ἑτέροις
1493 809 1615 872 ἐνέτυχον
1633 805 1755 876 βιβλίοις,
1775 811 1804 860 όν
1819 805 1857 860 οἷς
1871 803 1955 868 οὐδὲν,

1141 873 1261 950 εόρόντες
1286 875 1434 932 σπουδαῖον
1457 871 1519 928 οὐδὲ
1544 873 1640 928 καινόν
1666 873 1739 946 παρὰ
1764 875 1798 928 τά
1818 877 1941 950 Ιπρόσθεν

1140 941 1308 1020 ήθροισμένα
1330 945 1380 1012 τήν
1405 945 1434 1006 ἐξ
1457 941 1551 996 adraim
1572 943 1682 996 εἰκότως
1699 943 1902 1012 ἀπεδοκίμασαν
1919 949 1956 998 ἐν,

1142 1019 1172 1068 ts
1206 1011 1278 1080 τηῖδε
1295 1015 1335 1080 τῷ
1354 1013 1542 1086 συγγράμματι
1559 1015 1618 1064 τών
1635 1013 1728 1082 νόμων
1745 1013 1882 1084 εἰσφοράν.
1914 1019 1941 1068 tt

1136 1081 1170 1146 dd
1193 1087 1241 1134 καί
1260 1101 1289 1132 τι
1310 1081 1341 1132 τό
1367 1081 1463 1134 λοιπὸν
1480 1075 1702 1150 οῖοφισβητηθείη
1720 1079 1818 1148 καὶμὴ
1835 1083 1941 1134 τοῖςνό.

1139 1165 1199 1216 μοις
1223 1147 1327 1200 erinon
1353 1153 1566 1222 ἐγγεγραμμένον
1593 1155 1689 1216 φανείη
1721 1147 1816 1210 (πολλὰ
1840 1147 1890 1222 γάρ
1917 1147 1942 1220 δή

1140 1221 1258 1298 πέφυκεν
1276 1219 1444 1288 καινουργεῖν
1462 1209 1479 1282 ή
1495 1215 1590 1300 perir),
1612 1211 1678 1270 ἀλλά
1695 1215 1838 1286 βασιλείαν
1854 1209 1869 1270 ό
1887 1217 1942 1272 θεὸς

1141 1281 1185 1336 δια
1201 1285 1281 1336 τοῦτο
1298 1283 1419 1348 καθήκει
1437 1285 1473 1336 εἰς
1490 1281 1662 1354 ανθρώπους,
1679 1279 1755 1336 ὅπως
1771 1279 1807 1336 ἀν
1823 1289 1879 1336 τοῖς
1894 1279 1942 1336 διο.

1139 1357 1229 1420 μένοις
1249 1347 1293 1404 iet
1313 1371 1340 1404 τι
1363 1347 1545 1404 διατάττουσα
1565 1349 1616 1418 τήν
1637 1353 1683 1420 τής
1706 1347 1885 1424 ἀνθρωπίνης
1902 1353 1942 1422 cpi·

1140 1437 1206 1472 σεως
1229 1417 1371 1492 ἀοριστίαν
1397 1415 1549 1492 ἀναπληροῖ
1569 1439 1600 1472 τε
1622 1423 1668 1472 καί
1691 1421 1780 1488 ῥητοῖς
1805 1417 1943 1492 περικλείοι

1139 1487 1231 1556 νόμοις
1247 1507 1278 1540 τε
1295 1493 1340 1540 καί
1358 1481 1371 1540 i
1406 1505 1435 1540 ιε.
1462 1493 1507 1540 καὶ
1525 1483 1572 1570 adq
1589 1483 1718 1560 ήιιέτερόν
1734 1507 1764 1558 γε
1781 1489 1862 1540 τοῦτο
1880 1485 1941 1558 λέγοι

1140 1575 1190 1622 μεν
1207 1555 1292 1622 μόνον
1300 1557 1318 1618 ¹²,
1343 1551 1399 1606 ἅλ’
1419 1553 1469 1624 ήδη
1487 1561 1532 1608 καῖ
1549 1573 1563 1608 ο
1581 1555 1695 1610 πάντων
1712 1557 1770 1608 ταῖν
1787 1559 1818 1606 ἑν
1835 1557 1942 1622 νσμοθέ.

1139 1639 1199 1674 ταις
1216 1615 1435 1690 εόδοκιμηκότων
1453 1623 1610 1706 σογώτατος
1625 1619 1766 1678 Ἰουλιανὸς
1787 1617 1853 1676 αὐτὸ
1871 1625 1943 1678 τοῦτο

1141 1697 1268 1760 φαίνεται
1291 1687 1377 1762 λε’γιον
1399 1697 1444 1744 καὶ
1466 1711 1516 1756 την
1540 1695 1568 1742 ἐκ
1594 1693 1640 1758 τῆς
1665 1687 1803 1758 βασιλείας
1826 1693 1871 1744 ἐπὶ
1893 1697 1944 1746 ταῖς

1139 1753 1338 1840 ἀναφυομέναις
1362 1757 1505 1824 ζητήσεσιν
1527 1757 1732 1826 ἐπικαλούμενος
1748 1753 1944 1826 ἀναπλήοωσιν,

1140 1831 1185 1878 καί
1203 1843 1269 1896 προς
1285 1847 1314 1898 γε
1331 1823 1468 1898 Ἀδριανός
1486 1821 1500 1880 ό
1517 1829 1563 1912 τής
1580 1821 1704 1894 εόσεβοιῖς
1721 1825 1830 1894 λήξεως,
1853 1807 1899 1878 δτι
1915 1827 1956 1882 τό

1141 1893 1289 1964 asapiencia
1306 1895 1467 1966 πραιτόρων
1484 1913 1536 1948 κατ
1571 1897 1629 1948 ἔτας
1650 1897 1765 1948 ἕκαστον
1785 1895 1943 1962 νομοθεταό·

1139 1981 1209 2046 μενα
1232 1965 1261 2014 ἐν
1284 1965 1380 2034 βραχεῖ
1400 1967 1455 2014 τινί
1478 1963 1574 2034 συνῆγε
1597 1961 1710 2032 βιβλίῳ,
1735 1961 1785 2014 τόν
1807 1963 1944 2036 κράτιστοι

1147 2029 1284 2082 ιουλιανὸν
1307 2029 1374 2104 πρὸς
1394 2033 1476 2082 τοῦτο
1497 2029 1668 2102 παραλαβών
1694 2029 1762 2082 κατὰ
1787 2029 1838 2082 τόν
1863 2029 1941 2100 λόγον,

1140 2093 1173 2150 δν
1196 2101 1226 2150 ἐν
1249 2101 1332 2164 κοινῷ
1355 2095 1497 2164 διεξῆλθεν
1521 2101 1566 2152 itii
1583 2101 1629 2164 τῆς
1646 2101 1782 2170 πρεσβυτέ
1799 2113 1828 2150 ας
1844 2091 1943 2164 Ῥώμης,

1142 2161 1207 2218 adei
1226 2163 1355 2232 δήτοῦτο
1373 2173 1464 2236 φησίν,
1490 2161 1525 2218 eis
1548 2167 1575 2216 εἴ
1594 2185 1622 2218 τι
1640 2163 1713 2238 παρὰ
1728 2163 1761 2218 τό
1778 2117 1943 2236 διατεταγμέ-

1140 2253 1190 2284 νον
1207 2229 1378 2302 inanimatae,
1397 2233 1533 2308 nepesinis
1551 2237 1626 2286 ἐστιν
1643 2233 1703 2290 rods
1720 2237 1750 2286 ίν
1764 2229 1856 2308 ἀρχαῖς
1871 2233 1944 2284 τοῦτο

1141 2303 1291 2374 πειρᾶσθαι
1316 2299 1430 2374 διαιρεῖν
1448 2307 1493 2352 καί
1512 2305 1547 2356 de
1566 2301 1677 2354 απεάειν
1694 2299 1761 2354 κατά
1778 2299 1830 2368 τήν
1846 2303 1875 2352 ἐκ
1892 2301 1944 2352 ταῖν

1141 2365 1191 2434 ήδη
1209 2367 1430 2440 διατεταγμένων
1446 2323 1619 2422 ἀκολουθίαν.

1178 2443 1208 2490 ta
1248 2439 1336 2490 Ταῦτα
1353 2443 1447 2490 τοίνυν
1464 2433 1582 2492 ἅπαντες
1599 2439 1697 2506 (φαμὲν
1719 2433 1749 2490 δὲ
1771 2431 1837 2506 ipris
1857 2437 1906 2488 τε3
1928 2427 1944 2488 ai

1141 2503 1241 2578 μεγάλη
1263 2503 1346 2572 βουλή
1367 2511 1412 2556 καί
1433 2499 1448 2558 ό
1471 2503 1563 2560 λοιπός
1585 2501 1655 2556 ἅπας
1671 2505 1717 2572 τῆς
1733 2499 1861 2578 ἡμετέρας
1877 2501 1944 2560 πολι

1141 2581 1213 2626 τείας
1238 2569 1395 2646 ἅνθρωπος)
1421 2573 1602 2644 γινώσκοντες
1625 2573 1704 2646 χάριν
1725 2575 1777 2642 μέν
1800 2567 1945 2644 ὁμολογεῖτε

1143 2643 1202 2708 θεῷ
1220 2643 1261 2708 aqi
1278 2645 1333 2694 τοῖς
1349 2635 1485 2714 ὑμετέροις
1502 2641 1607 2714 χρόνοις
1622 2635 1731 2712 ἀγαθόν
1752 2641 1884 2694 τοσοῦτον
1906 2661 1945 2710 qm·

1142 2707 1266 2772 λάξαντι,
1290 2711 1394 2788 χρῆσθε
1418 2709 1448 2764 δὲ
1470 2715 1524 2762 τοῖς
1542 2705 1676 2782 ἡμετέροις
1692 2707 1803 2776 νόμοις,
1817 2709 1878 2762 τών
1898 2713 1945 2760 τοῖς

1142 2775 1227 2830 πάλαι
1257 2783 1374 2846 βιβλίοις
1405 2781 1629 2860 ένγεγραμμένων
1655 2779 1830 2852 προσέχοντες
1854 2773 1945 2840 οὐδενί,

1142 2839 1204 2896 uite
1225 2841 1445 2910 ἀντεξετάζοντες
1467 2845 1536 2898 αυτά
1560 2845 1626 2918 πρὸς
1647 2845 1746 2898 τὰνῦν
1763 2851 1885 2914 κείμενα,
1909 2841 1946 2896 ded

1142 2911 1173 2966 τὸ
1196 2907 1247 2966 κάν
1270 2915 1293 2964 εί
1317 2911 1407 2982 δοκοίη
1430 2911 1493 2966 τινά
1514 2933 1573 2968 πως
1594 2911 1714 2982 ἀλλήλοις
1730 2911 1767 2982 μή
1784 2913 1945 2998 συμφθέγγο

1142 2983 1224 3046 σθαι,
1245 2977 1302 3034 ἀλλ’
1327 2983 1377 3034 οὖν
1397 2979 1430 3034 τό
1472 2985 1501 3034 έν
1519 2981 1653 3056 πρότερον
1671 2975 1732 3048 ήμῖν
1751 2975 1787 3036 aie
1803 2979 1946 3034 αλυσιτελές

1141 3045 1287 3122 ἀπαρέσαι,
1310 3049 1342 3104 τό
1360 3053 1410 3104 νῦν
1428 3047 1475 3102 det
1496 3053 1578 3104 τοῦτο
1596 3047 1672 3112 δόξαι
1689 3055 1806 3122 κρατεῖν.
1840 3049 1945 3122 καὶγὰρ

1141 3113 1344 3192 ἀπαγορεόομεν
1361 3121 1472 3172 ἐκείνοις
1488 3117 1520 3172 τό
1538 3117 1635 3172 λοιπὸν
1656 3119 1789 3190 χρῆσθαι,
1812 3119 1899 3172 ταῦτα
1922 3115 1946 3168 tt

1141 3183 1175 3254 δὴ
1192 3193 1237 3238 καὶ
1253 3187 1325 3256 μόνα
1343 3185 1542 3240 πολιτεύεσθαί
1557 3205 1588 3240 τε
1605 3189 1651 3238 καί
1672 3207 1687 3240 n
1706 3191 1781 3238 ατεῖν
1803 3187 1945 3258 σογχωροιῖ·

1140 3259 1191 3324 μέν
1213 3275 1244 3308 τε
1265 3261 1311 3308 καὶ
1331 3257 1514 3324 θεαπίζομεν·
1538 3249 1574 3308 ώς
1597 3249 1613 3310 δ
1634 3275 1664 3328 γε
1686 3255 1830 3328 επιχειραῖν
1847 3257 1877 3306 rin
1893 3255 1945 3308 ταῖν

1141 3325 1299 3394 ἔμπροσθεν
1316 3321 1443 3394 βιβλίων,
1464 3319 1520 3376 ἀλλ’
1544 3321 1592 3376 ada
1610 3325 1639 3376 ἐκ
1655 3321 1762 3376 τούτων
1779 3319 1812 3388 δὴ
1828 3325 1887 3376 τών
1904 3319 1945 3376 dio

1140 3391 1257 3460 βιβλίων
1278 3391 1373 3460 μόνων
1394 3397 1440 3446 καί
1462 3393 1521 3446 ταῖν
1543 3389 1693 3454 διατάξεων
1711 3391 1771 3444 ταῖν
1787 3387 1854 3460 παρ’
1875 3385 1945 3460 ήμών

1141 3461 1347 3530 συντιθεμένων
1365 3455 1382 3528 ἢ
1397 3465 1564 3532 γενόμεναι,
1587 3461 1709 3532 χρῆσθαί
1729 3479 1804 3512 τισιν
1827 3455 1945 3526 νόμοιςή

1140 3525 1250 3580 τούτους
1266 3531 1296 3580 έν
1311 3525 1493 3594 δικαστηοίοις
1505 3523 1703 3602 ἀναγινώσκειν
1718 3523 1741 3594 ἦ,
1757 3529 1784 3580 ei'
1793 3547 1824 3600 ys
1839 3523 1944 3594 δικάζοι,

1139 3595 1248 3650 τούτων
1263 3591 1313 3650 ὑπ’
1333 3589 1410 3664 aient
1427 3577 1610 3664 δεικνυμένων
1625 3589 1780 3662 ἀνέχεσθαι,
1799 3595 1944 3668 παραποιή-

1141 3681 1209 3718 aecus
1225 3665 1314 3730 inopes
1331 3665 1408 3718 ἔσται
1425 3669 1472 3718 καὶ
1488 3661 1629 3734 δημοσίων
1651 3661 1826 3732 ἀδικημάτων
1847 3665 1944 3736 κριθείς

1140 3731 1175 3786 τὰ
1199 3733 1245 3800 τῆς
1267 3733 1373 3800 ποινήν,
1405 3733 1429 3784 εί
1451 3739 1497 3784 καὶ
1519 3731 1556 3802 μή
1578 3731 1714 3806 λέγοιμεν,
1742 3727 1800 3786 ἀλλ’
1829 3727 1944 3786 αὐτόθεν

1139 3797 1276 3876 πρόδηλον
1295 3795 1331 3856 uis
1347 3795 1539 3868 ἀποστήσεται.

1618 3919 1658 3924 ...ω
1880 3915 1938 3924 -.-.-

288 3975 318 4038 tl)
335 3973 364 4024 iu
377 3973 405 4038 S,
421 3993 465 4024 om.
480 3973 505 4024 F
587 3977 618 4038 (i)
637 3973 665 4024 in
680 3975 708 4038 S,
724 3993 768 4026 om.
783 3975 808 4024 F
885 3977 918 4036 [tt
936 3973 1054 4024 innovata
1068 3973 1094 4024 F
1142 3979 1171 4040 (1)
1190 3977 1278 4026 nataae
1293 3975 1414 4042 Kraeqer,
1433 3931 1479 4024 κάι
1493 3989 1549 4024 τοις
1563 3975 1590 4024 F
1637 3977 1671 4038 (t)
1688 3991 1782 4040 μονών
1796 3973 1822 4024 F
1869 3975 1900 4038 (t)
1917 3987 1942 4024 τι

287 4045 321 4108 ιι)
338 4043 371 4092 D.
383 4045 405 4106 1,
415 4051 435 4106 a,
445 4053 468 4096 ιι
551 4045 584 4108 (t)
602 4043 735 4094 definitivii
745 4045 770 4094 F
847 4045 882 4106 (6)
900 4041 1041 4092 inveniatur
1050 4041 1090 4092 ΡΞ

287 4115 319 4176 (t)
338 4111 413 4162 vetris
427 4111 453 4162 F
545 4111 579 4176 (8)
596 4111 766 4176 quiseen'tibus
779 4111 804 4162 F
897 4111 930 4174 (9)
950 4109 1052 4162 eruntne
1069 4111 1092 4162 F

287 4183 333 4246 (tul
352 4179 396 4246 qui
405 4179 439 4230 eis
448 4179 481 4244 (ei
490 4179 519 4246 S)
529 4181 682 4232 audentiam
691 4179 885 4230 aceemmodabit
894 4177 931 4230 F²
941 4179 963 4228 S

287 4307 331 4314 μ...-

287 4383 418 4440 doniaaus
441 4381 517 4436 noda
537 4381 732 4450 suppeditavit,
753 4383 935 4452 plurimorum
962 4381 1089 4436 librorum

287 4467 336 4532 nee
351 4449 435 4522 facile
452 4449 677 4504 numerariorum
695 4451 801 4520 copiam
816 4451 893 4504 οοιιίι
906 4449 1106 4520 mppeaitens„

288 4519 384 4592 qmbus
406 4518 527 4572 amnibus
548 4515 717 4586 sufficienter
740 4517 846 4572 relectis
868 4515 935 4572 baec
957 4517 1089 4572 saturnina

287 4587 433 4660 composita
455 4591 524 4640 sunt.
557 4601 623 4640 sane
644 4601 713 4654 qaas
739 4585 777 4640 ad
797 4585 849 4642 doc
870 4587 1089 4658 conpreqaeimas

287 4657 365 4712 etiam
388 4657 416 4710 ia
440 4657 507 4708 alias
524 4655 675 4726 eompirres
692 4653 776 4708 libros
793 4655 958 4722 inciderunt,
981 4655 1009 4708 iu
1032 4655 1089 4724 qui-

288 4725 336 4778 bus
361 4739 420 4780 enm
446 4723 568 4778 idoneum
595 4721 663 4776 ntia
688 4723 848 4778 inuenissent
874 4727 900 4778 et
925 4725 1003 4778 iunia
1029 4729 1091 4776 arete

288 4793 397 4846 reilana
414 4807 522 4856 rroarem,
544 4807 582 4846 ea
603 4793 638 4846 iis
659 4791 688 4846 in
705 4789 756 4844 bae
773 4799 894 4846 suestram
912 4791 1088 4846 conditariam

290 4865 320 4914 18
355 4861 441 4930 tapam
455 4861 597 4932 quiequam
609 4861 727 4914 inserere
739 4861 833 4912 merita
844 4861 994 4912 nolanum.
1015 4857 1091 4924 Quod

287 4929 312 4982 si
329 4945 382 4998 qua
400 4927 426 4980 in
437 4933 576 4996 posteram
589 4927 720 4986 dubitatio
734 4927 835 4980 emittat
849 4945 936 4998 neque
951 4945 983 4982 aa
998 4929 1026 4980 ιἰι
1041 4925 1090 4980 das

288 4995 360 5068 leqes
376 4995 462 5050 reiata
479 4995 630 5050 irteeaiatur
647 4993 741 5062 (multa
758 4995 827 5048 enim
850 5011 921 5050 nova
938 4995 1090 5066 producere

287 5065 355 5116 solet
379 5065 501 5128 natura),
528 5063 729 5134 imperatoriam
755 5067 918 5132 potestatem
942 5067 1089 5134 propterea

289 5131 456 5186 denserier
478 5127 596 5184 barrinas
616 5131 765 5194 constituit,
788 5135 819 5182 at
842 5131 1000 5200 abicumque
1022 5149 1038 5184 a
1059 5145 1091 5182 as

288 5199 324 5252 sii
339 5199 399 5254 deci
415 5213 463 5254 aas
479 5205 593 5252 reatarae
609 5197 743 5254 damonae
761 5197 989 5268 imperfectionem
1007 5217 1024 5254 a
1040 5201 1090 5254 im-

284 5269 362 5336 pleat
383 5271 409 5320 et
426 5267 505 5320 certis
522 5263 625 5334 lapibus
642 5273 668 5322 et
684 5267 787 5338 repetis
804 5283 861 5320 eam
881 5267 1007 5320 ιἰιοίιιιίαί.
1042 5283 1092 5320 nea

289 5349 338 5386 nos
359 5335 409 5390 itae
429 5335 514 5406 primi
535 5335 660 5400 dicimus,
683 5335 732 5388 sed
754 5335 811 5404 qrse
828 5335 953 5390 Iulianus
974 5335 1090 5390 amnium

290 5417 393 5466 cornia,
422 5403 471 5474 qui
489 5405 604 5474 propter
629 5405 697 5458 irrrr's
715 5401 890 5472 prudentiam
914 5403 1091 5468 celebrantur,

290 5467 452 5530 riarirsimus
464 5469 513 5524 λοι
525 5471 658 5524 inuenitur
668 5471 773 5524 dimise
782 5473 807 5524 et
817 5473 1010 5538 quaestionum,
1022 5485 1091 5542 qaae

290 5551 373 5590 nouae
389 5539 524 5602 accidunt,
537 5537 702 5592 ,solutionem
719 5539 754 5594 ab
770 5539 945 5608 imperatoria
958 5543 1091 5608 potestate

290 5605 455 5674 expetivisse.
486 5611 513 5658 ct
524 5611 669 5676 praeterea
706 5607 748 5662 iae
765 5607 908 5662 κανονίαι
923 5605 1090 5674 Hadrianus,

291 5687 351 5724 eam
369 5677 525 5742 praetorum
549 5689 656 5728 annuas
678 5623 750 5746 iper
770 5677 799 5730 in
811 5691 900 5744 pareo
918 5675 1005 5730 libella
1022 5691 1090 5732 eom-

287 5743 402 5818 ppueret
414 5737 523 5794 iuliano
536 5743 646 5866 ιμιιριιι
659 5743 717 5800 uero
732 5743 770 5798 ad
783 5743 813 5798 id
824 5743 975 5816 adsumpta,
988 5743 1015 5800 in
1031 5761 1089 5800 ora-

290 5815 369 5874 naim,
384 5821 465 5878 qnam
473 5807 585 5882 patinea
617 5811 692 5868 abuit
705 5815 733 5870 in
748 5823 836 5868 aerae
852 5809 945 5880 Rama,
962 5813 992 5870 id
1004 5813 1089 5886 ι’μεαιι

1142 4045 1188 4096 dei.
1202 4043 1317 4096 Hercle
1389 4047 1420 4106 (ι)
1439 4039 1471 4092 τὸ
1487 4037 1517 4092 δὲ
1530 4041 1581 4092 νῦν
1595 4043 1705 4094 Heredes

1140 4383 1226 4448 diruit,
1248 4385 1275 4438 si
1296 4381 1364 4452 qaid
1382 4385 1531 4452 emerperet
1542 4391 1656 4454 praeter
1673 4383 1831 4448 constitute,
1854 4397 1941 4438 etnam

1140 4467 1222 4520 apere
1244 4451 1339 4506 dedam
1361 4451 1552 4522 mapistratns,
1577 4455 1607 4504 ut
1630 4451 1659 4504 id
1675 4451 1817 4520 definirent
1833 4457 1859 4504 et
1876 4451 1941 4504 ordi·

1139 4523 1236 4572 nerant
1253 4519 1398 4576 secuudum
1415 4519 1615 4574 similitudinem
1631 4519 1684 4572 iarn
1700 4519 1911 4574 constitutorum.

1175 4591 1206 4642 tu
1241 4587 1318 4642 Haec
1344 4587 1429 4658 iqitnr
1454 4603 1545 4640 omnes
1568 4615 1602 4626 -—
1625 4603 1672 4642 uos
1694 4589 1809 4654 scilieet,
1838 4595 1941 4642 serratas

1140 4657 1315 4726 amplissime,
1342 4659 1368 4710 et
1392 4655 1494 4726 reliqui
1515 4669 1605 4708 omues
1628 4661 1737 4710 υοςιταε
1758 4657 1800 4710 rei
1817 4655 1941 4728 publicae

1140 4719 1259 4778 domines
1276 4755 1309 4762 -
1327 4739 1386 4780 eum
1405 4723 1578 4792 intelieqatis,
1601 4725 1707 4792 pretias
1729 4725 1802 4794 aqite
1826 4723 1875 4778 deo
1898 4717 1941 4794 qai

1140 4793 1234 4846 eastris
1259 4791 1422 4864 temporibus
1448 4789 1519 4846 iane
1543 4791 1702 4860 felicitatem
1730 4793 1889 4858 resecuerit,
1919 4789 1941 4846 et

1139 4859 1247 4912 utimini
1261 4861 1362 4914 nostris
1379 4857 1483 4928 lapibus
1496 4857 1687 4930 pastieabetttes
1704 4861 1808 4924 omitia,
1831 4875 1901 4930 quae
1917 4861 1940 4912 in

1140 4928 1258 4996 antiquis
1273 4927 1349 4982 tibris
1362 4929 1466 4996 scripta
1480 4931 1551 4990 sunt,
1569 4943 1618 4980 nee
1637 4931 1823 4996 eornparantes
1839 4943 1871 4980 ea
1886 4939 1941 4980 οιιιι

1135 4997 1333 5066 praesentibus,
1344 5001 1494 5066 propterea
1510 4993 1592 5064 quad,
1605 4995 1632 5046 si
1643 4993 1719 5062 farte
1731 4993 1862 5064 quaedam
1877 4995 1941 5048 inter

1140 5077 1168 5116 se
1190 5077 1244 5116 aaa
1266 5065 1408 5116 eortaenire
1423 5061 1571 5126 videantur,
1599 5061 1628 5116 id
1653 5061 1726 5132 qnod
1748 5067 1828 5116 antea
1850 5061 1941 5128 faite

1141 5129 1216 5184 rtobis
1233 5131 1263 5182 nt
1280 5131 1374 5184 inatile
1396 5131 1522 5184 reiectum
1544 5131 1581 5184 sit
1603 5133 1629 5182 et
1650 5129 1724 5200 quod
1743 5145 1816 5184 ιιιιιιο
1839 5129 1941 5208 ίιγιιαε,

1141 5197 1170 5254 id
1187 5199 1270 5252 risum
1288 5197 1385 5252 valera
1420 5203 1540 5252 vetamus
1562 5201 1650 5250 eutem
1671 5197 1698 5250 in
1715 5195 1839 5266 futurum
1857 5197 1890 5252 a's
1906 5201 1940 5248 atr

1141 5271 1167 5320 et
1190 5265 1239 5320 itas
1259 5265 1331 5320 setas
1352 5267 1458 5320 vasari
1479 5269 1505 5318 et
1526 5265 1616 5320 aalma
1632 5267 1814 5334 permittimus
1837 5269 1863 5318 et
1885 5281 1941 5320 sarr·

1141 5335 1240 5398 cimus,
1268 5335 1299 5386 ui
1324 5335 1374 5404 qui
1397 5349 1435 5388 eu
1458 5333 1597 5404 prioribus
1620 5333 1695 5388 libra
1718 5349 1804 5404 aeque
1825 5347 1862 5388 ια·
1882 5333 1932 5386 ςσί’

1141 5401 1245 5458 dnobus
1261 5397 1303 5454 itis
1319 5405 1346 5454 et
1362 5401 1596 5458 eonstimtionibas
1613 5419 1630 5454 α
1653 5401 1729 5454 ποιοῖς
1749 5401 1866 5456 collectis
1884 5401 1938 5482 fae·

1141 5473 1207 5524 tisoe
1229 5469 1271 5524 nti
1292 5471 1460 5542 temptauerit
1482 5469 1585 5540 ieptbns
1608 5467 1744 5540 aliquibus
1766 5467 1809 5524 eei
1829 5473 1857 5524 in
1878 5465 1941 5524 rudi·

1141 5539 1191 5594 ciis
1211 5553 1257 5592 aas
1278 5539 1395 5594 recitare
1415 5537 1470 5604 eei,
1492 5553 1551 5592 eam
1574 5537 1727 5602 iniecerit,
1748 5553 1796 5590 aas
1815 5537 1865 5592 sab
1887 5539 1940 5620 ipse

1140 5607 1266 5678 preferri
1280 5607 1425 5672 sustinere,
1447 5605 1518 5676 fabi
1537 5619 1600 5660 reus
1616 5605 1653 5660 sit
1668 5609 1695 5660 et
1707 5605 1814 5676 publici
1829 5605 1941 5662 erimarus

1142 5675 1311 5738 damnatum,
1334 5674 1387 5730 etsi
1406 5673 1437 5728 id
1459 5691 1477 5728 a
1499 5673 1575 5728 nobas
1597 5689 1652 5728 nan
1667 5673 1756 5746 suerit
1772 5677 1940 5732 enuntiatam,

1138 5753 1229 5886 μασι
1244 5761 1360 5818 poenam
1382 5743 1533 5800 sibetuna
1555 5759 1614 5798 cum
1632 5757 1671 5800 en
1688 5743 1747 5816 ι’μια
1764 5759 1795 5800 re
1811 5745 1845 5800 sit
1863 5743 1939 5800 marri·

1156 5821 1249 5870 etiarn.
