4366 6258
282 351 420 420 XXXVI
443 359 462 418 2
872 321 873 324 Ἴ
1079 343 1144 422 att
1484 367 1623 430 ausano
1645 371 1721 418 orus
1741 367 1938 418 metrorus

316 535 431 598 3Iaru
446 537 516 592 libro
533 539 627 606 quicto
644 535 855 608 disputationum
888 553 951 592 nam
971 553 1033 592 cum
1053 539 1089 592 ad
1139 537 1234 592 inerat.
1268 541 1296 592 et
1316 537 1400 606 magis
1422 543 1464 592 est
1485 535 1521 590 ad
1543 535 1667 594 heredem
1689 535 1809 604 legatarii
1825 535 1936 592 transire.

282 605 405 660 heredem
421 619 476 658 non
492 605 684 670 transferatur,
706 605 807 662 frustra
824 611 876 670 est,
898 605 927 660 si
942 611 1005 658 ante
1028 607 1089 674 quir
1141 611 1156 658 6
1190 603 1326 658 Interdum
1350 603 1434 658 aditio
1456 603 1561 660 heredis
1583 603 1677 672 legatis
1698 619 1799 658 moram
1817 603 1892 670 iacit,
1913 615 1937 660 ut

283 673 351 726 dem
369 673 425 728 eins
443 673 537 726 cedere
555 671 656 724 dixerit.
1139 677 1207 742 puta
1228 673 1251 726 si
1271 673 1343 726 forte
1364 685 1440 728 servo
1460 671 1621 732 manumisso
1638 671 1681 724 rel
1697 671 1722 724 ci
1739 673 1784 724 cni
1801 687 1890 726 servus
1906 673 1936 726 lc·

316 739 433 796 dinam
446 739 516 796 libro
532 757 603 794 acuo
626 739 726 796 decimo
749 741 786 796 od
802 739 933 796 Sabinum
971 739 999 794 Si
1020 745 1090 796 ‘cum
1139 745 1218 808 gatus
1235 745 1277 796 est
1293 745 1321 796 θι
1337 738 1416 796 idec²
1439 741 1533 796 ιιιιιι3
1556 739 1687 808 aliquidl
1719 743 1793 792 atum
1814 739 1863 794 sit:
1885 755 1936 796 nam

283 809 367 862 ‘heres
389 807 525 862 morietur'
548 809 663 874 legetur,
692 807 874 864 condicionale
895 809 1011 876 legatum
1034 813 1089 864 est:
1141 823 1216 862 serre
1232 807 1313 876 legati
1329 807 1416 862 relicti
1433 813 1497 864 ante
1514 807 1614 862 aditam
1630 807 1694 862 here
1714 807 1805 860 'tatem
1821 809 1876 862 dies
1892 825 1935 864 non

284 877 395 944 denique
410 875 469 928 viro
487 875 585 928 herede
602 875 744 932 defunctus
760 877 785 928 le
820 875 906 928 tarius
919 877 954 928 ad
965 877 1091 930 heredem
1141 875 1220 930 cedit.

284 959 336 996 non
349 943 484 996 transfert.
513 943 614 996 sivero
633 945 776 1012 ‘cumipse
803 943 936 1010 egesarius
953 943 1089 998 morietur'
1175 937 1293 1000 stara
1310 943 1379 1000 libro
1400 943 1523 998 rhammo
1541 949 1640 1012 quarto
1662 943 1700 996 od
1715 941 1844 998 Setinum
1877 943 1935 1000 Nan

283 1011 384 1132 leg5etur
401 1009 434 1072 ei,
453 1015 555 1062 certum
572 1015 614 1064 est
625 1009 741 1080 legatum
752 1009 787 1062 ad
800 1009 925 1064 heredem
937 1011 1089 1068 transmitti.
1142 1027 1203 1064 cum
1225 1009 1335 1066 libertas
1356 1025 1411 1064 uon
1433 1011 1508 1080 prius
1531 1015 1666 1078 competat
1685 1025 1765 1078 quam
1782 1009 1855 1062 adita
1871 1009 1935 1064 here·

354 1075 435 1130 Ioum
449 1075 518 1130 libro
536 1077 658 1132 vicesimo
676 1077 713 1132 ad
729 1075 858 1132 Sabinum
898 1075 927 1130 Si
943 1083 1005 1144 post
1022 1077 1092 1132 diem
1142 1077 1236 1144 ditate,
1259 1077 1449 1144 aequissimum
1469 1077 1555 1132 visum
1575 1083 1617 1132 est
1637 1093 1687 1132 nec
1703 1077 1784 1146 legati
1801 1075 1869 1132 diem
1885 1085 1936 1134 autc

284 1143 363 1212 legati
391 1143 528 1196 cedentem
556 1143 698 1212 legatarius
723 1143 879 1206 decesserit,
906 1143 942 1198 ad
966 1145 1092 1200 heredem
1142 1145 1248 1198 cedere:
1272 1145 1392 1214 alioquin
1411 1145 1506 1200 inutile
1522 1145 1597 1198 fieret
1613 1145 1745 1212 legatum,
1766 1147 1790 1198 si
1814 1143 1868 1198 dies
1889 1147 1935 1202 eius

286 1217 296 1264 1
334 1227 411 1264 suum
427 1211 556 1264 transfert
578 1213 702 1282 legatum.
740 1211 834 1280 Itaque
856 1211 879 1264 si
900 1227 998 1280 purum
1018 1213 1090 1280 lega-
1142 1213 1267 1266 cessisset
1283 1217 1426 1280 antequam
1443 1213 1553 1266 libertas
1571 1219 1740 1280 competeret.
1766 1211 1838 1280 quod
1855 1213 1935 1280 evenit,

284 1285 340 1330 tum
362 1279 410 1342 sit,
434 1293 468 1330 ex
485 1279 528 1332 die
544 1281 636 1334 mortis
654 1279 709 1334 dies
728 1277 784 1332 eius
803 1277 886 1330 cedit:
909 1279 1012 1334 sivero
1029 1285 1092 1348 post
1142 1281 1166 1336 si
1187 1295 1263 1336 servo
1286 1295 1354 1350 pure
1373 1279 1476 1348 legetur
1501 1285 1528 1334 et
1550 1279 1617 1334 liber
1638 1295 1697 1336 esse
1719 1279 1770 1334 sub
1793 1279 1935 1338 condicione

284 1345 352 1398 diem
370 1345 422 1398 sint
439 1345 527 1414 legata
544 1349 651 1410 relicta,
676 1343 753 1398 simili
773 1345 853 1400 modo
876 1351 956 1414 atque
973 1347 1001 1400 in
1036 1347 1091 1400 uris
1141 1347 1266 1402 iubeatur
1283 1353 1310 1402 et
1326 1347 1445 1416 pendens
1463 1347 1584 1402 condicio
1601 1347 1752 1402 inveniatur
1772 1351 1798 1402 et
1814 1351 1876 1414 post
1891 1347 1935 1402 adi·

284 1413 339 1468 dies
357 1411 439 1480 cedit,
457 1413 510 1468 uisi
526 1413 596 1468 forte
612 1415 640 1468 id
657 1411 708 1466 fuit
725 1411 854 1480 legatum,
872 1411 944 1482 qued
962 1413 998 1468 ad
1014 1363 1091 1468 here·
1142 1417 1216 1468 tami
1232 1415 1414 1470 hereditatem.

284 1483 344 1534 dem
360 1495 415 1534 non
431 1483 540 1536 transit:
558 1499 621 1536 nam
638 1479 716 1534 huius
734 1481 789 1534 dies
807 1497 863 1534 non
879 1487 942 1534 aute
960 1481 1043 1546 cedit,
1060 1487 1092 1534 ut
1176 1477 1195 1540 9
1219 1483 1298 1536 Icum
1323 1483 1392 1538 libro
1418 1483 1560 1536 vicensimo
1577 1485 1669 1552 primo
1692 1481 1730 1536 ccl
1751 1481 1880 1536 Sottcom
1916 1483 1935 1542 Si

283 1553 349 1618 puta
372 1549 396 1600 si
418 1565 483 1604 usus
505 1549 609 1604 fructus
626 1549 663 1602 sit
678 1553 741 1616 post
757 1563 857 1600 annum
873 1549 996 1622 relictus:
1019 1549 1092 1602 hanc
1142 1549 1273 1606 habitatio
1292 1549 1346 1604 filio
1364 1549 1479 1604 familias
1497 1549 1539 1604 vel
1555 1565 1631 1606 servo
1648 1551 1737 1618 legata
1753 1549 1796 1614 sit,
1814 1555 1878 1618 puto
1894 1567 1935 1610 acc

284 1621 298 1670 t
335 1615 402 1670 enim
426 1619 584 1672 sententiam
605 1615 756 1684 probamus.
800 1615 853 1670 Sed
878 1617 902 1670 si
925 1617 975 1672 sub
998 1615 1091 1670 condi·
1142 1617 1247 1686 adquiri
1267 1617 1374 1672 dominc
1397 1617 1440 1672 rel
1460 1617 1533 1686 patri
1553 1617 1684 1684 legatum,
1712 1619 1735 1672 si
1762 1623 1824 1670 ante
1851 1617 1935 1676 aditam

284 1683 359 1740 cicne
386 1685 420 1738 sit
441 1687 558 1752 legatum
580 1683 713 1748 relictum,
743 1699 798 1738 non
824 1683 899 1752 prius
927 1683 983 1738 dies
1010 1683 1092 1752 legati
1142 1685 1316 1738 hereditatem
1340 1685 1411 1738 filius
1439 1685 1480 1740 rel
1503 1699 1594 1740 servus
1618 1685 1776 1740 decesserit:
1805 1699 1866 1738 nam
1889 1701 1935 1744 clm

284 1753 354 1806 cedit
371 1769 451 1822 quam
469 1751 589 1808 candido
607 1751 689 1804 fuerit
704 1751 827 1818 impleta,
844 1767 878 1806 ne
896 1751 1001 1820 quidem
1018 1753 1042 1804 ri
1059 1767 1092 1806 ea
1161 1767 1273 1808 ersonae
1291 1753 1449 1818 cohaereat,
1472 1759 1545 1808 recte
1565 1753 1741 1808 diciturante
1757 1753 1857 1806 aditam
1874 1753 1934 1808 herc-

284 1825 297 1874 3
334 1821 369 1876 sit
386 1821 519 1888 condicio,
541 1833 610 1888 quae
626 1819 654 1870 in
671 1823 804 1888 potestate
821 1819 858 1874 sit
872 1819 1002 1888 legatarii.
1040 1819 1092 1874 Sed
1162 1821 1251 1876 ‘tatem
1269 1821 1339 1876 diem
1355 1837 1410 1876 non
1427 1819 1529 1876 cedere.

283 1889 361 1942 sica
385 1889 506 1942 condicio
527 1885 591 1954 fuit,
619 1903 697 1954 quam
720 1893 829 1954 praetor
851 1889 975 1954 remittit,
1001 1887 1092 1942 statim
1156 1885 1543 1946 x10,littratt'trooiccsimo
1561 1891 1639 1944 tertio
1661 1887 1844 1944 adriaticum
1884 1889 1935 1946 Con

283 1963 298 2010 4
334 1957 389 2010 dies
413 1957 496 2012 cedit:
520 1953 645 2024 Idemque
663 1961 690 2008 et
705 1955 735 2008 in
750 1955 909 2026 impossibili
926 1953 1091 2020 condicione,
1142 1957 1171 2010 in
1187 1971 1272 2010 annos
1291 1957 1408 2024 singulos
1425 1957 1554 2026 legatur⁵‚
1577 1973 1632 2012 non
1651 1973 1735 2010 unum
1751 1957 1866 2026 legatum
1883 1973 1934 2028 esse,

284 2029 297 2078 5
334 2025 396 2092 quia
413 2041 462 2092 pro
479 2039 548 2092 puro
566 2023 618 2076 hoc
635 2021 750 2092 legatum
763 2025 887 2080 hahetur.
914 2023 981 2078 Item
998 2023 1022 2080 si
1039 2039 1092 2092 qua
1143 2023 1191 2080 sed
1225 2023 1286 2080 lura
1303 2029 1409 2080 constat

284 2093 402 2146 condicio
421 2093 463 2158 sit,
482 2107 551 2160 quae
567 2107 616 2160 per
631 2089 789 2160 legatarium
806 2107 860 2146 non
873 2095 928 2148 stat
941 2091 1092 2162 quominus
1179 2041 1225 2150 if
1240 2093 1384 2146 Iuctatus
1405 2093 1473 2148 libro
1497 2093 1633 2164 triqcsc‘cuo
1656 2095 1768 2164 septimo
1787 2093 1933 2164 detractorum

282 2161 438 2230 implectur,
463 2161 510 2214 sed
532 2165 581 2212 aut
600 2175 649 2228 per
669 2159 793 2216 heredem
814 2167 862 2216 aut
882 2175 931 2230 per
953 2161 1010 2216 eius
1030 2175 1092 2242 per·
1144 2163 1204 2228 (ιιθι
1220 2161 1317 2226 refert,
1340 2161 1437 2230 singuli
1459 2161 1533 2226 aurei
1549 2161 1577 2214 in
1594 2177 1679 2218 annos
1696 2161 1814 2230 singtdos
1830 2161 1935 2230 legentur

283 2245 384 2296 sonam,
401 2229 431 2284 in
449 2229 523 2284 cuius
540 2243 654 2296 persona
671 2229 759 2286 iussus
775 2235 817 2284 cst
827 2227 1092 2298 parerecondicroni,
1144 2245 1179 2284 an
1195 2227 1224 2284 in
1238 2245 1338 2284 annum
1349 2231 1464 2300 primum
1476 2229 1548 2284 mille
1562 2231 1644 2296 aurei,
1663 2231 1691 2284 in
1704 2229 1849 2284 secuudum
1863 2231 1935 2298 homo,

283 2299 338 2352 dies
360 2297 441 2366 legati
461 2297 544 2364 cedit,
567 2299 691 2366 quoniam
708 2313 759 2420 pm
781 2299 891 2368 impleta
911 2298 1039 2353 habetur:
1061 2303 1093 2352 ut
1143 2299 1295 2354 intertium
1312 2299 1482 2364 frumentum)

283 2371 348 2434 puta
370 2367 393 2420 si
413 2365 503 2420 iussus
524 2367 574 2420 sim
595 2365 687 2420 heredi
726 2383 800 2422 ecem
822 2367 886 2422 dere
908 2371 935 2422 et
954 2365 999 2420 ille
1020 2365 1092 2422 acci-
1181 2363 1218 2424 12
1247 2365 1402 2422 Utrmuus¹
1418 2365 1486 2422 libro
1512 2367 1735 2422 vicesimotertio
1763 2367 1800 2420 od
1821 2365 1934 2422 Sotium

283 2449 346 2504 perc
362 2433 439 2488 nolit.
476 2431 522 2488 sed
540 2439 567 2488 et
584 2433 607 2488 si
623 2433 663 2488 ita
680 2433 744 2488 mihi
760 2435 876 2502 legatum
894 2437 940 2500 sit,
965 2435 989 2488 si
1005 2433 1093 2490 Seiam
1143 2451 1193 2490 nec
1211 2437 1292 2490 semel
1309 2435 1379 2490 diem
1396 2435 1454 2490 eius
1472 2433 1575 2500 cedere,
1592 2433 1640 2488 red
1656 2449 1705 2502 per
1723 2433 1839 2504 singulos
1857 2449 1934 2492 annos.

283 2519 392 2556 uxorem
410 2503 526 2566 duxero,
550 2517 599 2556 nec
617 2517 648 2554 ea
666 2503 729 2556 velit
745 2504 860 2568 nubere,
884 2503 1025 2558 dicendum
1043 2503 1094 2558 erit
1147 2509 1158 2560 l
1194 2503 1247 2560 set
1269 2509 1361 2558 utrum
1384 2503 1460 2558 initio
1484 2503 1613 2572 cuiusque
1634 2503 1697 2556 anui
1725 2519 1760 2556 an
1787 2519 1848 2558 vcro
1874 2503 1934 2560 finib

283 2571 351 2626 diem
376 2569 458 2638 legati
479 2569 584 2634 cedere,
616 2569 687 2638 quod
710 2587 759 2638 per
786 2587 828 2626 me
850 2587 904 2626 ιιοιι
925 2575 991 2636 stat,
1021 2575 1092 2640 quo¹
1143 2587 1214 2626 anno
1232 2571 1323 2638 cedat,
1346 2571 1511 2642 quaestionis
1527 2571 1587 2626 fuit.
1622 2575 1650 2626 et
1665 2571 1776 2626 Labeo6
1793 2571 1905 2626 Sabinus
1919 2581 1935 2628 ct

282 2641 369 2692 minus
391 2653 501 2708 paream
524 2637 687 2704 ccnfficioni,
711 2639 759 2692 sed
781 2655 830 2708 per
848 2639 930 2694 elium
947 2643 1014 2704 stat,
1039 2655 1092 2708 quo
1144 2641 1238 2696 Celsus
1261 2647 1289 2694 ct
1305 2641 1413 2694 Cassius
1436 2645 1464 2694 et
1482 2641 1601 2696 luliarms
1624 2639 1653 2694 in
1676 2641 1811 2706 omnibus,
1835 2641 1935 2710 quaeis

284 2713 299 2762 6
333 2707 420 2760 minus
443 2705 585 2776 impleatur
608 2707 738 2762 condicio.
773 2707 859 2762 Isdem
882 2713 972 2762 autem
989 2707 1092 2774 diebus,
1143 2725 1228 2764 annos
1240 2707 1357 2776 singulos
1370 2707 1564 2776 relinquuntur,
1581 2709 1634 2764 hoc
1650 2709 1837 2776 probaverunt,
1856 2713 1885 2762 ut
1899 2709 1953 2766 ini»

281 2775 310 2830 id
325 2779 365 2830 est
377 2775 460 2830 isdem
475 2773 648 2844 pensionibus
662 2775 753 2830 heredi
770 2775 951 2898 praestabitur
967 2773 1092 2844 legatum,
1145 2781 1159 2830 2
1193 2775 1231 2832 tio
1250 2777 1378 2846 cuiusque
1396 2777 1460 2830 anni
1475 2777 1556 2830 huius
1572 2777 1653 2844 legati
1670 2775 1727 2832 dies
1745 2777 1859 2832 cederet.
1886 2775 1935 2830 Iade
1952 2833 1953 2852 ,

284 2851 297 2896 t
335 2845 432 2914 quibus
448 2843 576 2914 legatario
594 2843 645 2914 ipsi
662 2851 770 2914 praesta
790 2851 859 2908 atur.
894 2845 935 2912 si,
957 2859 1019 2900 cum
1036 2843 1092 2900 dies
1143 2843 1263 2902 Inlianus
1280 2845 1326 2912 ait,
1343 2845 1396 2900 hoc
1412 2845 1528 2914 legatum
1543 2845 1651 2900 siservo
1665 2845 1838 2914 relinquatur,
1858 2845 1952 2914 deinde¹

282 2913 364 2980 legati
388 2911 482 2968 cedere
504 2911 645 2982 inciperet,
669 2913 749 2968 alieni
766 2913 825 2982 quis
842 2913 908 2968 iuris
924 2917 978 2980 est,
1003 2912 1094 2968 deberi
1143 2919 1206 2984 post
1241 2913 1337 2968 dmum
1352 2913 1395 2968 rel
1412 2913 1524 2968 alterum
1542 2929 1641 2968 annum
1663 2913 1697 2968 sit
1718 2913 1797 2980 liber,
1820 2913 1870 2968 sihi
1890 2929 1953 2974 emi

282 2983 324 3036 his
341 2983 472 3050 legatum,
495 2997 607 3050 quorum
624 2981 676 3036 iuri
692 2981 744 3036 fuit
761 2983 906 3038 subiectus.
941 2987 968 3036 et
986 2981 1047 3036 ideo
1070 2983 1094 3038 si
1145 2989 1160 3036 3
1231 2983 1344 3052 quirere.
1379 2983 1447 3036 Item
1464 2983 1558 3038 Celsus
1574 2983 1682 3048 scribit,
1702 2983 1774 3052 quod
1792 2987 1818 3038 et
1833 2983 1953 3052 Iulianus}

282 3067 381 3120 purum
403 3051 520 3120 legatum
542 3049 624 3106 fuerit
646 3057 674 3106 et
693 3055 756 3120 post
773 3049 843 3106 diem
859 3049 939 3122 legati
956 3049 1094 3110 cedentem
1144 3053 1255 3120 probat,
1272 3051 1352 3106 huius
1369 3051 1450 3120 legati
1467 3051 1536 3106 diem
1554 3067 1587 3106 ex
1605 3049 1647 3106 die
1664 3053 1755 3106 mortis
1773 3051 1881 3118 cedere,
1897 3069 1954 3106 nor

282 3121 349 3174 liber
372 3121 461 3174 iactus
485 3125 541 3186 est,
566 3119 637 3190 apud
661 3121 797 3176 dominum
813 3121 930 3188 legatum
946 3119 1092 3188 relinquet:
1145 3135 1178 3174 cx
1196 3137 1248 3190 quo
1266 3121 1339 3176 adita
1356 3125 1398 3174 est
1414 3119 1562 3186 hereditas,
1584 3127 1612 3174 et
1634 3119 1658 3174 si
1679 3119 1749 3176 iorte
1771 3127 1833 3190 post
1856 3121 1953 3174 multos

283 3187 331 3244 sed
347 3189 371 3244 si
387 3205 453 3244 usus
470 3187 574 3244 fructus
593 3189 674 3244 fuerit
689 3189 807 3258 legatus,
824 3187 887 3244 licet
903 3193 1093 3258 postmortem
1145 3205 1230 3244 annos
1245 3189 1358 3244 adeatur
1369 3187 1512 3256 hereditas,
1530 3187 1647 3244 omnium
1659 3191 1807 3244 annorum⁷
1823 3189 1933 3258 legatario

283 3257 434 3322 testatoris,
457 3263 521 3312 ante
543 3257 643 3312 aditam
665 3263 756 3312 tamen
776 3255 949 3312 hereditatem
969 3259 1011 3314 sui
1027 3257 1092 3312 iuris
1144 3263 1161 3312 ι
1196 3259 1295 3314 deberi.
1336 3257 1390 3312 Sed
1412 3263 1439 3312 et
1461 3257 1485 3314 si
1508 3259 1651 3326 quotannis
1674 3259 1709 3312 sit
1730 3259 1860 3328 legatum,
1889 3257 1934 3310 mili
1951 3265 1954 3300 1'

283 3325 424 3392 efficiatur,
442 3325 495 3382 sibi
510 3325 627 3396 legatum
644 3325 769 3396 adquirit.
896 3359 897 3362 =
1106 3329 1108 3332 '
1144 3325 1248 3382 adeun
1270 3327 1351 3382 etiam
1373 3327 1401 3382 in
1424 3327 1477 3382 hcc
1499 3325 1603 3382 initium
1628 3327 1758 3396 cuiusque
1786 3326 1849 3380 anni
1875 3343 1953 3396 spec

319 3391 336 3452 6
360 3395 480 3450 Pactus
501 3397 569 3452 libro
593 3397 670 3450 tertio
697 3397 735 3450 ad
756 3393 885 3450 Sabinum
926 3395 1004 3464 Quod
1026 3409 1093 3464 pure
1144 3395 1269 3460 tandum,
1292 3397 1344 3452 nisi
1365 3395 1436 3450 iorte
1457 3395 1562 3450 cudens
1580 3397 1616 3450 sit
1631 3395 1754 3450 voluntas
1771 3395 1905 3450 testatoris
1919 3395 1957 3464 ‘uss

284 3463 377 3518 datum
402 3469 444 3520 est
468 3465 492 3520 si
517 3465 567 3520 sub
592 3463 747 3520 corfficicne
770 3463 916 3530 adimatur,
944 3463 1020 3534 quasi
1041 3463 1092 3520 sub
1144 3481 1248 3520 annuas
1265 3465 1407 3534 penelones
1424 3463 1483 3520 ideo
1502 3463 1650 3530 dividentis,
1668 3463 1793 3534 quoniam
1810 3479 1864 3518 non
1880 3463 1933 3532 lega·
1950 3513 1953 3518 ,,

290 3539 298 3586 l
336 3531 494 3588 condicione
516 3533 631 3600 legatum
653 3533 775 3586 hahetur.
832 3535 869 3586 At
885 3533 909 3584 si
925 3533 1093 3588 extrinsecus
1144 3535 1213 3588 taric
1232 3533 1397 3598 consrdtum,
1421 3533 1468 3590 sed
1492 3533 1584 3588 heredi
1605 3539 1776 3604 prospectum
1799 3533 1894 3598 voluit,
1913 3545 1952 3598 m}

263 3661 265 3664 ,
286 3601 465 3668 suspendatur
482 3601 507 3656 le
524 3607 610 3666 atum,
635 3617 689 3656 non
706 3615 740 3654 ex
755 3601 765 3652 i
785 3615 814 3654 sc
832 3605 1005 3656 testamento:
1030 3601 1095 3654 licet
1145 3607 1159 3652 ι
1194 3607 1353 3670 urgueretur
1370 3601 1405 3654 ad
1422 3601 1589 3656 solutionem.
1616 3601 1645 3656 si
1658 3601 1686 3656 in
1699 3601 1890 3656 habitationem
1902 3599 1952 3654 ali·

285 3673 346 3722 ente
375 3667 486 3748 decedat
507 3617 671 3736 iegatarium
687 3667 738 3748 'ad
764 3615 888 3722 Heredem
915 3667 1094 3748 transmisisse
1145 3671 1209 3738 quid
1223 3669 1267 3748 ¹uel
1283 3669 1312 3724 in
1329 3669 1516 3748 disciplinam⁸
1531 3669 1633 3738 legetur
1650 3669 1809 3724 sic‘aunaa’
1822 3669 1864 3748 vel
1878 3673 1953 3748 ‘quq-11

285 3735 401 3806 legatum
419 3737 544 3792 drcrmus:
566 3737 648 3792 veluti
672 3753 694 3792 sr
715 3751 771 3790 rem
794 3735 911 3790 dotalem
926 3743 1038 3792 maritus
1055 3737 1093 3792 le·
1146 3737 1263 3802 ‘tanms',
1291 3737 1388 3808 quihus
1415 3739 1510 3794 diebus
1530 3739 1623 3808 pensio
1647 3739 1758 3792 debetur
1781 3739 1934 3792 hah1tatrons
1950 3767 1952 3774 ι

285 3805 387 3874 gaverit
407 3811 499 3862 extero
522 3811 551 3860 et
571 3807 648 3860 uxori
666 3805 783 3874 aliquam
799 3821 847 3874 pro
866 3805 948 3860 dotali
965 3821 995 3860 re
1012 3819 1093 3874 pecu·
1145 3805 1187 3860 vel
1203 3821 1304 3862 merces
1322 3805 1521 3874 disciplinarum
1531 3811 1549 3872 ⁹,
1567 3807 1652 3862 isdem
1668 3805 1827 3876 intellegitur
1838 3807 1934 3876 legatm

285 3875 370 3942 niam,
398 3873 494 3928 deinde
521 3873 683 3930 deliberante
707 3887 792 3928 uxore
814 3873 847 3928 de
869 3874 999 3928 electione
1022 3873 1093 3930 dotis
1146 3879 1161 3928 6
1196 3873 1329 3942 relictum,
1352 3875 1507 3928 coniectura
1527 3875 1671 3930 voluntatis
1689 3875 1770 3930 facta.
1805 3875 1953 3944 Novissimg‘

286 3943 429 4000 decesserit
451 3943 594 4012 legatarius
618 3949 697 4012 atque
720 3943 837 4012 legatum
858 3941 967 4012 elegerit
990 3943 1093 4008 mulier,
1145 3943 1307 4012 Pomponius
1329 3943 1422 3998 scribit
1444 3943 1511 3996 nihil
1532 3943 1674 4010 interesse,
1697 3949 1788 4000 utrum
1811 3943 1845 3998 ‘in
1868 3955 1953 4012 annor}

285 4013 320 4068 ad
341 4013 466 4066 heredem
488 4015 602 4068 transire
622 4013 738 4080 legatum
761 4009 860 4066 dictum
881 4017 930 4066 est.
966 4009 1046 4080 idque
1067 4017 1095 4066 et
1146 4009 1281 4078 ‘singulos'
1299 4013 1341 4066 rel
1358 4011 1518 4082 ‘quotannis’
1536 4027 1572 4066 aa
1589 4013 1626 4066 ‘in
1643 4013 1759 4082 singulos
1777 4015 1887 4068 menses'
1908 4007 1953 4064 rel

284 4081 404 4136 Iulianus
422 4081 572 4162 respondit:
595 4081 678 4150 magis
694 4081 765 4136 enim
782 4095 856 4134 mora
873 4097 954 4150 quam
971 4079 1093 4136 condicio
1146 4085 1219 4150 ‘quot
1235 4081 1380 4136 mensibus'
1403 4097 1438 4134 an
1461 4081 1497 4134 ‘in
1519 4081 1638 4150 singulos
1658 4081 1725 4138 dies’
1748 4081 1791 4136 rel
1807 4087 1880 4150 ‘quot
1896 4081 1954 4148 die}

286 4153 301 4204 2
334 4151 422 4218 legato
444 4149 543 4204 inrecta
565 4149 677 4204 videtur.
717 4147 819 4204 Eorum
841 4147 1001 4218 legatorum,
1025 4163 1095 4216 quae
1145 4147 1244 4204 ‘hus’¹⁰
1259 4147 1371 4218 legetur.
1397 4149 1455 4218 ipse
1472 4165 1577 4218 quoque
1593 4149 1656 4204 huic
1673 4149 1821 4204 sententiae
1838 4149 1956 4224 accedat

285 4219 314 4272 in
330 4217 458 4272 codicillis
482 4217 575 4272 relicta
599 4225 674 4286 sunt,
703 4217 813 4288 perinde
841 4215 897 4272 dies
920 4217 991 4272 cedit
1013 4223 1095 4284 atque
1145 4217 1257 4286 proinde
1278 4225 1306 4270 et
1327 4217 1350 4272 si
1374 4215 1473 4272 ‘annui’
1495 4219 1617 4286 legentur
1637 4223 1680 4272 tot
1700 4219 1789 4282 aurei,
1812 4217 1881 4272 idern
1901 4219 1935 4270 ent

286 4291 444 4342 testamento
461 4285 623 4342 relictorum.
1147 4291 1160 4338 t
1198 4285 1347 4342 dicendum.
1382 4285 1412 4340 Si
1434 4285 1508 4340 θιι111
1528 4287 1607 4342 homo
1624 4285 1782 4354 generaliter
1799 4285 1834 4342 sit
1849 4285 1934 4356 legator

321 4351 508 4412 laceratos
528 4355 596 4410 libro
617 4357 740 4410 vicesimo
761 4355 800 4408 cd
815 4353 944 4410 Sabinam
983 4353 1094 4408 Heredis
1146 4359 1173 4410 et
1190 4361 1333 4424 antequam
1349 4353 1478 4420 vindicet,
1500 4355 1656 4420 decesserit,
1679 4355 1715 4408 ad
1735 4355 1858 4410 heredem
1875 4363 1935 4410 sum
1951 4359 1956 4422 ξἔ

287 4423 368 4478 aditio
391 4439 492 4478 moram
513 4423 594 4492 legati
616 4423 721 4492 quidem
737 4423 861 4504 petitioni
876 4423 957 4488 iacit,
980 4423 1095 4480 cessioni
1147 4429 1161 4476 8
1196 4423 1311 4492 legatum
1328 4423 1465 4478 transfert.
1494 4423 1523 4478 si
1536 4423 1607 4478 Titio
1625 4423 1661 4478 sit
1677 4423 1716 4478 sic
1733 4423 1849 4492 legatum
1866 4429 1954 4492 ‘queat

290 4499 300 4546 1
338 4491 391 4546 diei
406 4501 462 4546 non
479 4489 552 4546 facit.
586 4489 701 4546 Proinde
724 4505 779 4546 sue
799 4491 1022 4560 pureinstitutus
1038 4497 1094 4546 tar-
1147 4489 1231 4546 ‘Seius
1254 4491 1371 4560 elegerit'
1393 4497 1421 4546 et
1442 4491 1518 4546 Seius
1540 4495 1603 4560 post
1623 4491 1779 4546 electionem
1802 4489 1956 4560 decesseritlj

287 4561 346 4616 dius
369 4561 448 4614 adeat
468 4559 522 4614 sive
540 4559 590 4614 sub
608 4559 762 4614 condicione
779 4575 829 4630 per
846 4559 1029 4614 condicionem
1045 4559 1094 4612 im·
1145 4560 1220 4614 locus
1238 4567 1280 4614 est
1295 4559 1467 4614 dedicationi
1483 4561 1565 4614 semel
1581 4557 1738 4626 adquisitae.

287 4633 303 4684 ι
337 4627 471 4696 pediatur,
493 4627 636 4696 legatarius
654 4643 762 4682 securus
781 4633 829 4684 est.
865 4627 919 4684 Sed
940 4633 968 4684 ct
988 4627 1012 4682 si
1028 4643 1094 4682 ιιοιι-
1182 4623 1220 4684 13
1245 4627 1417 4682 Postremus
1437 4627 1506 4682 libro
1528 4633 1608 4682 scuto
1628 4627 1668 4682 od
1688 4625 1817 4682 Sabinam
1851 4625 1955 4702 Huius·{

287 4699 350 4750 dum
372 4701 451 4750 natus
475 4695 510 4750 sit
531 4695 609 4750 heres
630 4693 768 4762 institutus
789 4703 837 4750 aut
854 4695 926 4764 apud
941 4697 1034 4750 hostes
1052 4695 1094 4762 sit,
1145 4695 1218 4750 modi
1233 4695 1362 4764 legatum:
1382 4695 1445 4750 ‘sire
1461 4695 1527 4750 illud
1543 4693 1644 4750 iactum
1661 4695 1742 4750 fuerit
1759 4695 1813 4750 sire
1829 4711 1884 4750 non
1894 4695 1935 4748 lut·
1952 4703 1955 4764 ᾗ

287 4765 407 4822 similiter
423 4765 551 4834 legatario
572 4777 627 4818 non
643 4765 764 4830 nocebit,
788 4781 819 4820 eo
842 4765 914 4832 quod
936 4765 992 4818 dies
1015 4764 1096 4832 legati
1146 4765 1198 4828 uit,
1215 4763 1254 4816 illi
1271 4765 1306 4818 do
1322 4765 1399 4832 legc',
1418 4763 1452 4818 ad
1469 4763 1593 4816 heredem
1605 4763 1776 4830 contremit,
1794 4763 1845 4818 nisi
1856 4757 1935 4818 alter¹¹

289 4839 302 4888 3
338 4833 426 4888 cessit.
461 4831 527 4886 lnde
549 4831 659 4886 dicimus
680 4833 751 4886 etsi
773 4833 955 4888 asuhstitutc
978 4830 1095 4900 legatum
1146 4847 1225 4888 casus
1247 4831 1307 4886 vivo
1329 4831 1457 4900 legatario
1481 4831 1625 4898 exstiterit,
1650 4833 1776 4900 quoniam
1799 4847 1891 4896 causa,
1914 4829 1956 4914 ιι(

288 4903 322 4956 sit
344 4903 476 4966 relictum,
507 4899 633 4968 quamdiu
654 4899 791 4956 institutus
815 4899 945 4956 deliberat
967 4899 1094 4956 defuncto
1146 4915 1200 4968 qua
1220 4899 1364 4966 debeatur,
1385 4899 1546 4968 praecedere
1563 4915 1667 4968 semper
1684 4897 1770 4954 debet.
1805 4915 1868 4966 uec,
1890 4909 1955 4968 quat

287 4969 414 5038 legatario
433 4985 487 5022 noa
505 4967 625 5032 nocebit,
649 4969 672 5020 si
688 4975 784 5038 postea
800 4969 877 5024 heres
895 4969 1035 5024 institutus
1051 4983 1094 5022 re·
1147 4973 1249 5022 certum
1266 4973 1308 5024 est
1325 4969 1483 5022 alterutrum
1492 4967 1620 5032 futurum,
1638 4967 1788 5024 omnimodo
1800 4967 1935 5022 debebitur:
1952 4967 1956 5018 1

288 5037 420 5108 pudiavit:
438 5051 501 5092 nam
515 5035 550 5090 ad
559 5035 684 5090 heredem
695 5051 774 5092 suum
783 5037 920 5092 uanstultt
930 5035 1093 5106 petitionem.
1146 5053 1208 5090 nam
1229 5035 1285 5092 tale
1307 5034 1425 5104 legatum
1447 5041 1516 5090 ‘cum
1539 5035 1680 5098 morietur,
1701 5035 1779 5090 heres
1802 5035 1872 5090 dato'
1894 5015 1956 5090 cer-²

288 5113 304 5158 4
338 5105 505 5160 Tantundem
521 5109 550 5158 et
566 5105 590 5158 si
607 5103 640 5158 ab
657 5105 802 5174 impuberis
819 5105 963 5160 substituto
977 5105 1094 5174 legetur:
1145 5111 1203 5158 tum
1225 5111 1266 5158 est
1289 5101 1408 5158 debitum
1428 5103 1461 5158 iri
1483 5109 1510 5158 et
1529 5109 1620 5158 tamen
1640 5103 1677 5158 ad
1692 5103 1817 5158 heredem
1833 5065 1958 5202 legauit}

289 5179 303 5226 5
338 5189 400 5228 nam
417 5173 452 5226 ad
469 5173 593 5226 heredem
611 5189 688 5250 suum
704 5172 821 5240 legatum
837 5171 973 5228 transfert.
1010 5173 1094 5226 Trac-
1146 5189 1200 5226 non
1216 5173 1323 5236 transit,
1340 5171 1438 5228 sirico
1455 5171 1554 5226 herede
1570 5171 1690 5226 decedat.
1952 5181 1959 5266 3³

288 5239 340 5294 tari
356 5245 445 5296 maren
461 5245 564 5308 potest,
587 5239 611 5294 si
626 5241 756 5308 impuberi
774 5239 935 5296 substitutus
953 5239 1095 5296 damnatus
1182 5239 1221 5296 14
1244 5239 1390 5296 Uarianos
1408 5239 1477 5296 libro
1498 5241 1621 5296 thammo
1642 5245 1743 5308 quarto
1765 5239 1803 5294 ud
1823 5239 1935 5296 Sotium

288 5309 334 5374 sit,
359 5307 381 5362 si
401 5309 473 5362 intra
494 5307 662 5376 pubertatem
677 5305 748 5362 iilius
767 5309 924 5372 decesserit,
948 5305 1008 5362 Seio
1031 5323 1094 5362 cen·
1145 5307 1175 5362 si
1191 5323 1257 5362 usus
1273 5305 1379 5362 fructus
1396 5311 1444 5362 aut
1456 5305 1555 5374 decem,
1573 5313 1664 5362 utrum
1675 5307 1819 5376 legatarius
1832 5305 1935 5362 voluerit

289 5383 345 5428 tum
362 5377 438 5440 dare,
464 5391 499 5430 an
515 5377 572 5430 viro
591 5375 693 5446 pupillo
711 5375 854 5430 defunctus
870 5375 948 5430 Seius
966 5375 1001 5430 ad
1018 5377 1094 5430 herc·
1145 5375 1199 5430 sint
1213 5377 1310 5446 legate,
1327 5381 1469 5446 auumque
1483 5375 1693 5446 ¹spectandum1³
1710 5381 1859 5430 etmortem
1870 5379 1936 5430 testa·

289 5443 348 5498 dem
362 5443 516 5512 'hausisset
535 5445 611 5512 quasi
626 5461 661 5500 ea
677 5443 798 5500 condicio
812 5443 852 5500 sit
866 5459 1002 5512 expressa,
1026 5459 1095 5514 quae
1145 5443 1281 5500 toris‘et¹⁴
1290 5443 1435 5500 adiionem
1445 5443 1609 5512 hereditatis,
1621 5443 1936 5514 mormmpropterdecea
1957 5453 1959 5516 j

1775 5551 1937 5566 —---.-.ae

290 5617 318 5680 (ι)
336 5615 438 5680 quonF
519 5617 550 5680 (i)
569 5615 624 5668 ideo
637 5615 682 5668 del.
695 5611 732 5664 1⁴⁷²
817 5615 851 5678 (3)
869 5611 916 5680 vel,
929 5613 1095 5666 sieuiserrus
1146 5613 1335 5682 disciplinarum
1350 5617 1376 5666 F
1481 5617 1526 5682 (ιι)
1544 5619 1629 5668 utrium
1643 5617 1680 5668 ‘iu
1694 5607 1959 5684 ennossingnlos'at}

290 5683 384 5750 legatus
398 5687 442 5748 est,
455 5683 535 5734 eidem
549 5701 618 5736 servo
635 5683 749 5736 Ouiocim
850 5683 882 5748 (ι)
899 5683 1063 5750 posteeditam
1073 5683 1099 5734 F
1147 5683 1305 5750 ‘quotannis’‚
1323 5683 1359 5734 ‘in
1376 5683 1488 5750 singulos
1505 5685 1605 5738 menses',
1624 5701 1657 5738 an
1675 5689 1744 5752 ‘quot
1760 5687 1898 5752 mensibus,
1913 5685 1937 5734 ‘ir
1955 5683 1958 5692 “

291 5755 322 5818 le)
340 5753 437 5818 legetur
452 5753 490 5802 F²
592 5757 622 5812 (ιι
644 5755 668 5802 et
681 5755 727 5804 ius
743 5753 799 5804 dett.
901 5753 933 5816 (t)
950 5751 1032 5818 legata
1046 5755 1093 5804 ior.
1146 5751 1603 5820 siuqrnlmdies'an·quotdiebus’scr.
1652 5763 1692 5816 tut
1711 5757 1790 5822 quiF
1835 5759 1878 5824 (ιιι
1896 5759 1937 5804 uter

291 5827 323 5890 (ι)
341 5821 494 5874 habitatione
503 5821 599 5880 alicuid
608 5821 646 5874 vel
656 5821 681 5872 in
691 5819 858 5886 discipliuai'
924 5829 958 5886 tel
975 5819 1095 5878 craece
1146 5823 1239 5876 iasF²
1309 5823 1350 5886 (ιι)
1370 5823 1559 5890 exspectandum
1571 5827 1684 5878 Cicirrius
1750 5833 1792 5890 (ιι)
1811 5825 1917 5878 otomi'
