<?xml version="1.0" encoding="UTF-8"?>
<!DOCTYPE html PUBLIC "-//W3C//DTD XHTML 1.0 Transitional//EN"
    "http://www.w3.org/TR/xhtml1/DTD/xhtml1-transitional.dtd">
<html xmlns="http://www.w3.org/1999/xhtml" xml:lang="en" lang="en">
 <head>
  <title>
</title>
<meta http-equiv="Content-Type" content="text/html;charset=utf-8" />
  <meta name='ocr-system' content='tesseract 3.04.00' />
  <meta name='ocr-capabilities' content='ocr_page ocr_carea ocr_par ocr_line ocrx_word'/>
</head>
<body>
  <div class='ocr_page' id='page_1' title='image "./corpusiuriscivi00schogoog_0873.png"; bbox 0 0 4366 6258; ppageno 0'>
   <div class='ocr_carea' id='block_1_1' title="bbox 283 345 1942 424">
    <p class='ocr_par' dir='ltr' id='par_1_1' title="bbox 283 345 1942 424">
     <span class='ocr_line' id='line_1_1' title="bbox 283 345 1942 424; baseline -0.002 -6"><span class='ocrx_word' id='word_1_1' title='bbox 283 345 453 418; x_wconf 84' lang='lat' dir='ltr'>XXXXVI</span> <span class='ocrx_word' id='word_1_2' title='bbox 475 351 495 420; x_wconf 83' lang='lat'><em>8</em></span> <span class='ocrx_word' id='word_1_3' title='bbox 1083 347 1148 424; x_wconf 73' lang='grc'>762</span> <span class='ocrx_word' id='word_1_4' title='bbox 1598 369 1712 418; x_wconf 77' lang='lat' dir='ltr'>aaran</span> <span class='ocrx_word' id='word_1_5' title='bbox 1731 367 1800 418; x_wconf 84' lang='lat' dir='ltr'>anu</span> <span class='ocrx_word' id='word_1_6' title='bbox 1820 367 1942 414; x_wconf 78' lang='lat' dir='ltr'>aarum</span> 
     </span>
    </p>
   </div>
   <div class='ocr_carea' id='block_1_2' title="bbox 240 535 1943 5536">
    <p class='ocr_par' dir='ltr' id='par_1_2' title="bbox 284 535 1943 808">
     <span class='ocr_line' id='line_1_2' title="bbox 321 535 1941 608; baseline 0.001 -14"><span class='ocrx_word' id='word_1_7' title='bbox 321 539 357 600; x_wconf 88' lang='lat'>10</span> <span class='ocrx_word' id='word_1_8' title='bbox 375 539 456 594; x_wconf 78' lang='lat' dir='ltr'>lucu</span> <span class='ocrx_word' id='word_1_9' title='bbox 470 541 539 596; x_wconf 84' lang='lat' dir='ltr'>libro</span> <span class='ocrx_word' id='word_1_10' title='bbox 556 541 736 608; x_wconf 79' lang='lat' dir='ltr'>octapcnsimo</span> <span class='ocrx_word' id='word_1_11' title='bbox 754 539 792 596; x_wconf 86' lang='lat' dir='ltr'>ud</span> <span class='ocrx_word' id='word_1_12' title='bbox 806 541 922 594; x_wconf 79' lang='lat' dir='ltr'>edictum</span> <span class='ocrx_word' id='word_1_13' title='bbox 956 539 1092 596; x_wconf 79' lang='lat' dir='ltr'>Interdum</span> <span class='ocrx_word' id='word_1_14' title='bbox 1179 535 1215 598; x_wconf 90' lang='lat'>18</span> <span class='ocrx_word' id='word_1_15' title='bbox 1233 537 1404 594; x_wconf 72' lang='lat' dir='ltr'>Postremus</span> <span class='ocrx_word' id='word_1_16' title='bbox 1424 539 1492 596; x_wconf 83' lang='lat' dir='ltr'>libro</span> <span class='ocrx_word' id='word_1_17' title='bbox 1510 541 1651 596; x_wconf 80' lang='lat' dir='ltr'>uicensimo</span> <span class='ocrx_word' id='word_1_18' title='bbox 1668 545 1746 598; x_wconf 84' lang='lat' dir='ltr'>rcxto</span> <span class='ocrx_word' id='word_1_19' title='bbox 1763 541 1801 596; x_wconf 82' lang='lat' dir='ltr'>cul</span> <span class='ocrx_word' id='word_1_20' title='bbox 1817 539 1941 598; x_wconf 83' lang='lat' dir='ltr'>Sabinum</span> 
     </span>
     <span class='ocr_line' id='line_1_3' title="bbox 285 607 1941 678; baseline 0 -14"><span class='ocrx_word' id='word_1_21' title='bbox 285 625 317 664; x_wconf 85' lang='lat' dir='ltr'>ex</span> <span class='ocrx_word' id='word_1_22' title='bbox 335 607 509 664; x_wconf 79' lang='lat' dir='ltr'>conuentione</span> <span class='ocrx_word' id='word_1_23' title='bbox 527 607 662 676; x_wconf 76' lang='lat' dir='ltr'><strong>stipulatio</strong></span> <span class='ocrx_word' id='word_1_24' title='bbox 680 613 768 664; x_wconf 89' lang='lat' dir='ltr'>ratam</span> <span class='ocrx_word' id='word_1_25' title='bbox 784 625 839 664; x_wconf 91' lang='lat' dir='ltr'>rem</span> <span class='ocrx_word' id='word_1_26' title='bbox 860 607 993 678; x_wconf 86' lang='lat' dir='ltr'>interponi</span> <span class='ocrx_word' id='word_1_27' title='bbox 1016 609 1090 674; x_wconf 89' lang='lat' dir='ltr'>solet,</span> <span class='ocrx_word' id='word_1_28' title='bbox 1142 607 1170 662; x_wconf 84' lang='lat' dir='ltr'>Si</span> <span class='ocrx_word' id='word_1_29' title='bbox 1193 613 1353 676; x_wconf 90' lang='lat' dir='ltr'>procurator</span> <span class='ocrx_word' id='word_1_30' title='bbox 1374 611 1460 662; x_wconf 89' lang='lat' dir='ltr'>ratam</span> <span class='ocrx_word' id='word_1_31' title='bbox 1481 625 1538 664; x_wconf 90' lang='lat' dir='ltr'>rem</span> <span class='ocrx_word' id='word_1_32' title='bbox 1559 607 1693 664; x_wconf 90' lang='lat' dir='ltr'>dominum</span> <span class='ocrx_word' id='word_1_33' title='bbox 1714 609 1869 664; x_wconf 85' lang='lat' dir='ltr'>heredemre</span> <span class='ocrx_word' id='word_1_34' title='bbox 1891 607 1941 664; x_wconf 86' lang='lat' dir='ltr'>eius</span> 
     </span>
     <span class='ocr_line' id='line_1_4' title="bbox 286 675 1941 746; baseline 0 -16"><span class='ocrx_word' id='word_1_35' title='bbox 286 679 397 744; x_wconf 88' lang='lat' dir='ltr'>utputa</span> <span class='ocrx_word' id='word_1_36' title='bbox 414 675 438 730; x_wconf 91' lang='lat' dir='ltr'>si</span> <span class='ocrx_word' id='word_1_37' title='bbox 455 675 517 746; x_wconf 88' lang='lat' dir='ltr'>quid</span> <span class='ocrx_word' id='word_1_38' title='bbox 536 681 694 744; x_wconf 87' lang='lat' dir='ltr'>procurator</span> <span class='ocrx_word' id='word_1_39' title='bbox 712 683 760 732; x_wconf 92' lang='lat' dir='ltr'>aut</span> <span class='ocrx_word' id='word_1_40' title='bbox 777 675 874 730; x_wconf 80' lang='lat' dir='ltr'>vendat</span> <span class='ocrx_word' id='word_1_41' title='bbox 892 683 939 730; x_wconf 91' lang='lat' dir='ltr'>aut</span> <span class='ocrx_word' id='word_1_42' title='bbox 956 677 1026 732; x_wconf 88' lang='lat' dir='ltr'>locet</span> <span class='ocrx_word' id='word_1_43' title='bbox 1045 685 1092 732; x_wconf 91' lang='lat' dir='ltr'>aut</span> <span class='ocrx_word' id='word_1_44' title='bbox 1141 677 1293 730; x_wconf 89' lang='lat' dir='ltr'>habiturum</span> <span class='ocrx_word' id='word_1_45' title='bbox 1316 675 1417 730; x_wconf 85' lang='lat' dir='ltr'>caverit</span> <span class='ocrx_word' id='word_1_46' title='bbox 1439 681 1467 730; x_wconf 90' lang='lat' dir='ltr'>et</span> <span class='ocrx_word' id='word_1_47' title='bbox 1490 691 1558 730; x_wconf 91' lang='lat' dir='ltr'>unus</span> <span class='ocrx_word' id='word_1_48' title='bbox 1579 691 1611 730; x_wconf 84' lang='lat' dir='ltr'>ex</span> <span class='ocrx_word' id='word_1_49' title='bbox 1628 677 1770 732; x_wconf 88' lang='lat' dir='ltr'>heredibus</span> <span class='ocrx_word' id='word_1_50' title='bbox 1789 675 1887 732; x_wconf 90' lang='lat' dir='ltr'>domini</span> <span class='ocrx_word' id='word_1_51' title='bbox 1902 691 1941 730; x_wconf 90' lang='lat' dir='ltr'>ra·</span> 
     </span>
     <span class='ocr_line' id='line_1_5' title="bbox 284 743 1943 808; baseline 0.001 -12"><span class='ocrx_word' id='word_1_52' title='bbox 284 743 306 796; x_wconf 89' lang='lat' dir='ltr'>ai</span> <span class='ocrx_word' id='word_1_53' title='bbox 324 743 349 796; x_wconf 89' lang='lat' dir='ltr'>ei</span> <span class='ocrx_word' id='word_1_54' title='bbox 366 745 486 796; x_wconf 80' lang='lat' dir='ltr'>solvatur</span> <span class='ocrx_word' id='word_1_55' title='bbox 1141 749 1197 796; x_wconf 89' lang='lat' dir='ltr'>tum</span> <span class='ocrx_word' id='word_1_56' title='bbox 1212 743 1317 808; x_wconf 90' lang='lat' dir='ltr'>habeat,</span> <span class='ocrx_word' id='word_1_57' title='bbox 1332 745 1400 796; x_wconf 89' lang='lat' dir='ltr'>alter</span> <span class='ocrx_word' id='word_1_58' title='bbox 1415 759 1468 796; x_wconf 91' lang='lat' dir='ltr'>non</span> <span class='ocrx_word' id='word_1_59' title='bbox 1484 743 1590 808; x_wconf 90' lang='lat' dir='ltr'>habeat,</span> <span class='ocrx_word' id='word_1_60' title='bbox 1602 745 1659 798; x_wconf 89' lang='lat' dir='ltr'>sine</span> <span class='ocrx_word' id='word_1_61' title='bbox 1673 745 1754 798; x_wconf 90' lang='lat' dir='ltr'>dubio</span> <span class='ocrx_word' id='word_1_62' title='bbox 1770 745 1943 798; x_wconf 74' lang='lat' dir='ltr'>committetur</span> 
     </span>
    </p>

    <p class='ocr_par' dir='ltr' id='par_1_3' title="bbox 284 807 1941 1012">
     <span class='ocr_line' id='line_1_6' title="bbox 321 807 1941 880; baseline -0.001 -16"><span class='ocrx_word' id='word_1_63' title='bbox 321 807 355 864; x_wconf 90' lang='grc'>11</span> <span class='ocrx_word' id='word_1_64' title='bbox 376 809 631 864; x_wconf 78' lang='lat' dir='ltr'>Haemosuumnus</span> <span class='ocrx_word' id='word_1_65' title='bbox 647 811 714 866; x_wconf 88' lang='lat' dir='ltr'>libro</span> <span class='ocrx_word' id='word_1_66' title='bbox 732 817 810 866; x_wconf 76' lang='lat' dir='ltr'>scorto</span> <span class='ocrx_word' id='word_1_67' title='bbox 830 811 898 862; x_wconf 84' lang='lat' dir='ltr'>iuris</span> <span class='ocrx_word' id='word_1_68' title='bbox 914 811 1106 880; x_wconf 78' lang='lat' dir='ltr'>epitomarum</span> <span class='ocrx_word' id='word_1_69' title='bbox 1141 811 1278 876; x_wconf 82' lang='lat' dir='ltr'>stipulatio</span> <span class='ocrx_word' id='word_1_70' title='bbox 1296 811 1345 878; x_wconf 85' lang='lat' dir='ltr'>pro</span> <span class='ocrx_word' id='word_1_71' title='bbox 1364 823 1395 862; x_wconf 89' lang='lat' dir='ltr'>ea</span> <span class='ocrx_word' id='word_1_72' title='bbox 1412 815 1500 880; x_wconf 91' lang='lat' dir='ltr'>parte,</span> <span class='ocrx_word' id='word_1_73' title='bbox 1524 827 1573 878; x_wconf 91' lang='lat' dir='ltr'>pro</span> <span class='ocrx_word' id='word_1_74' title='bbox 1592 827 1644 878; x_wconf 87' lang='lat' dir='ltr'>qua</span> <span class='ocrx_word' id='word_1_75' title='bbox 1661 817 1748 864; x_wconf 89' lang='lat' dir='ltr'>ratum</span> <span class='ocrx_word' id='word_1_76' title='bbox 1766 829 1819 864; x_wconf 91' lang='lat' dir='ltr'>nou</span> <span class='ocrx_word' id='word_1_77' title='bbox 1836 811 1941 862; x_wconf 86' lang='lat' dir='ltr'>habebi-</span> 
     </span>
     <span class='ocr_line' id='line_1_7' title="bbox 284 877 1941 946; baseline 0 -16"><span class='ocrx_word' id='word_1_78' title='bbox 284 877 324 930; x_wconf 86' lang='lat' dir='ltr'>rel</span> <span class='ocrx_word' id='word_1_79' title='bbox 350 877 497 944; x_wconf 75' lang='lat' dir='ltr'>paciscitur</span> <span class='ocrx_word' id='word_1_80' title='bbox 524 877 565 932; x_wconf 88' lang='lat' dir='ltr'>rel</span> <span class='ocrx_word' id='word_1_81' title='bbox 591 877 726 946; x_wconf 77' lang='lat' dir='ltr'>quodlibet</span> <span class='ocrx_word' id='word_1_82' title='bbox 749 877 822 932; x_wconf 89' lang='lat' dir='ltr'>aliud</span> <span class='ocrx_word' id='word_1_83' title='bbox 845 877 950 932; x_wconf 89' lang='lat' dir='ltr'>nomina</span> <span class='ocrx_word' id='word_1_84' title='bbox 973 877 1090 932; x_wconf 87' lang='lat' dir='ltr'>absentis</span> <span class='ocrx_word' id='word_1_85' title='bbox 1140 883 1192 940; x_wconf 92' lang='lat' dir='ltr'>tur,</span> <span class='ocrx_word' id='word_1_86' title='bbox 1211 877 1274 944; x_wconf 89' lang='lat' dir='ltr'>quia</span> <span class='ocrx_word' id='word_1_87' title='bbox 1288 879 1315 930; x_wconf 90' lang='lat' dir='ltr'>iu</span> <span class='ocrx_word' id='word_1_88' title='bbox 1328 877 1356 928; x_wconf 88' lang='lat' dir='ltr'>id</span> <span class='ocrx_word' id='word_1_89' title='bbox 1372 877 1551 940; x_wconf 82' lang='lat' dir='ltr'>committitur,</span> <span class='ocrx_word' id='word_1_90' title='bbox 1571 877 1641 946; x_wconf 90' lang='lat' dir='ltr'>quod</span> <span class='ocrx_word' id='word_1_91' title='bbox 1655 877 1820 946; x_wconf 87' lang='lat' dir='ltr'>stipulatoris</span> <span class='ocrx_word' id='word_1_92' title='bbox 1834 877 1941 932; x_wconf 86' lang='lat' dir='ltr'>intersit.</span> 
     </span>
     <span class='ocr_line' id='line_1_8' title="bbox 284 943 1941 1012; baseline -0.002 -14"><span class='ocrx_word' id='word_1_93' title='bbox 284 943 365 1012; x_wconf 89' lang='lat' dir='ltr'>gerit:</span> <span class='ocrx_word' id='word_1_94' title='bbox 1140 949 1251 998; x_wconf 92' lang='lat' dir='ltr'>namet</span> <span class='ocrx_word' id='word_1_95' title='bbox 1274 945 1296 998; x_wconf 92' lang='grc' dir='ltr'>ιι</span> <span class='ocrx_word' id='word_1_96' title='bbox 1317 943 1374 1012; x_wconf 90' lang='lat' dir='ltr'>ipse</span> <span class='ocrx_word' id='word_1_97' title='bbox 1397 945 1518 1000; x_wconf 90' lang='lat' dir='ltr'>dominus</span> <span class='ocrx_word' id='word_1_98' title='bbox 1540 961 1590 1012; x_wconf 91' lang='lat' dir='ltr'>pro</span> <span class='ocrx_word' id='word_1_99' title='bbox 1613 951 1690 1012; x_wconf 89' lang='lat' dir='ltr'>parte</span> <span class='ocrx_word' id='word_1_100' title='bbox 1711 949 1799 998; x_wconf 90' lang='lat' dir='ltr'>ratum</span> <span class='ocrx_word' id='word_1_101' title='bbox 1815 943 1941 1010; x_wconf 82' lang='lat' dir='ltr'>habuerit,</span> 
     </span>
    </p>

    <p class='ocr_par' dir='ltr' id='par_1_4' title="bbox 284 1007 1942 1936">
     <span class='ocr_line' id='line_1_9' title="bbox 321 1007 1941 1084; baseline -0.001 -18"><span class='ocrx_word' id='word_1_102' title='bbox 321 1007 359 1066; x_wconf 77' lang='lat'>12</span> <span class='ocrx_word' id='word_1_103' title='bbox 383 1009 527 1066; x_wconf 72' lang='lat' dir='ltr'>Uarianos</span> <span class='ocrx_word' id='word_1_104' title='bbox 548 1009 615 1066; x_wconf 70' lang='lat' dir='ltr'>latro</span> <span class='ocrx_word' id='word_1_105' title='bbox 633 1015 814 1084; x_wconf 76' lang='lat' dir='ltr'>octapcusimo</span> <span class='ocrx_word' id='word_1_106' title='bbox 837 1011 873 1066; x_wconf 82' lang='lat' dir='ltr'>acl</span> <span class='ocrx_word' id='word_1_107' title='bbox 890 1011 1003 1066; x_wconf 82' lang='lat' dir='ltr'>edictum</span> <span class='ocrx_word' id='word_1_108' title='bbox 1037 1029 1090 1080; x_wconf 90' lang='lat' dir='ltr'>quo</span> <span class='ocrx_word' id='word_1_109' title='bbox 1139 1027 1188 1078; x_wconf 90' lang='lat' dir='ltr'>pro</span> <span class='ocrx_word' id='word_1_110' title='bbox 1207 1015 1282 1078; x_wconf 91' lang='lat' dir='ltr'>parte</span> <span class='ocrx_word' id='word_1_111' title='bbox 1301 1027 1354 1064; x_wconf 89' lang='lat' dir='ltr'>nou</span> <span class='ocrx_word' id='word_1_112' title='bbox 1372 1013 1508 1074; x_wconf 87' lang='lat' dir='ltr'>hahuerit,</span> <span class='ocrx_word' id='word_1_113' title='bbox 1533 1027 1587 1064; x_wconf 88' lang='lat' dir='ltr'>non</span> <span class='ocrx_word' id='word_1_114' title='bbox 1610 1013 1680 1064; x_wconf 88' lang='lat' dir='ltr'>ultra</span> <span class='ocrx_word' id='word_1_115' title='bbox 1704 1027 1782 1078; x_wconf 87' lang='lat' dir='ltr'>quam</span> <span class='ocrx_word' id='word_1_116' title='bbox 1800 1013 1827 1064; x_wconf 89' lang='lat' dir='ltr'>in</span> <span class='ocrx_word' id='word_1_117' title='bbox 1845 1017 1941 1078; x_wconf 86' lang='lat' dir='ltr'>partem</span> 
     </span>
     <span class='ocr_line' id='line_1_10' title="bbox 285 1077 1941 1146; baseline -0.001 -14"><span class='ocrx_word' id='word_1_118' title='bbox 285 1077 353 1132; x_wconf 88' lang='lat' dir='ltr'>euim</span> <span class='ocrx_word' id='word_1_119' title='bbox 366 1079 465 1132; x_wconf 89' lang='lat' dir='ltr'>tutiore</span> <span class='ocrx_word' id='word_1_120' title='bbox 479 1079 539 1132; x_wconf 86' lang='lat' dir='ltr'>loeo</span> <span class='ocrx_word' id='word_1_121' title='bbox 554 1079 597 1142; x_wconf 91' lang='lat' dir='ltr'>sit,</span> <span class='ocrx_word' id='word_1_122' title='bbox 615 1079 660 1146; x_wconf 91' lang='lat' dir='ltr'>qui</span> <span class='ocrx_word' id='word_1_123' title='bbox 678 1079 813 1132; x_wconf 82' lang='lat' dir='ltr'>contrahit</span> <span class='ocrx_word' id='word_1_124' title='bbox 831 1079 863 1132; x_wconf 90' lang='lat' dir='ltr'>de</span> <span class='ocrx_word' id='word_1_125' title='bbox 881 1083 940 1132; x_wconf 90' lang='lat' dir='ltr'>rato</span> <span class='ocrx_word' id='word_1_126' title='bbox 958 1079 1025 1132; x_wconf 89' lang='lat' dir='ltr'>solet</span> <span class='ocrx_word' id='word_1_127' title='bbox 1043 1081 1090 1132; x_wconf 92' lang='lat' dir='ltr'>sti·</span> <span class='ocrx_word' id='word_1_128' title='bbox 1141 1079 1317 1132; x_wconf 84' lang='lat' dir='ltr'>committetur</span> <span class='ocrx_word' id='word_1_129' title='bbox 1335 1079 1485 1146; x_wconf 83' lang='lat' dir='ltr'>stipulatio,</span> <span class='ocrx_word' id='word_1_130' title='bbox 1504 1079 1565 1144; x_wconf 90' lang='lat' dir='ltr'>quia</span> <span class='ocrx_word' id='word_1_131' title='bbox 1582 1079 1610 1130; x_wconf 88' lang='lat' dir='ltr'>in</span> <span class='ocrx_word' id='word_1_132' title='bbox 1627 1079 1654 1130; x_wconf 94' lang='lat' dir='ltr'>id</span> <span class='ocrx_word' id='word_1_133' title='bbox 1672 1079 1857 1144; x_wconf 86' lang='lat' dir='ltr'>committitur,</span> <span class='ocrx_word' id='word_1_134' title='bbox 1876 1081 1941 1144; x_wconf 86' lang='lat' dir='ltr'>quod</span> 
     </span>
     <span class='ocr_line' id='line_1_11' title="bbox 287 1143 1942 1214; baseline 0 -18"><span class='ocrx_word' id='word_1_135' title='bbox 287 1151 298 1196; x_wconf 88' lang='lat' dir='ltr'>t</span> <span class='ocrx_word' id='word_1_136' title='bbox 334 1145 429 1212; x_wconf 84' lang='lat' dir='ltr'>palari.</span> <span class='ocrx_word' id='word_1_137' title='bbox 464 1145 531 1198; x_wconf 91' lang='lat' dir='ltr'>Rem</span> <span class='ocrx_word' id='word_1_138' title='bbox 552 1145 662 1198; x_wconf 89' lang='lat' dir='ltr'>haberi¹</span> <span class='ocrx_word' id='word_1_139' title='bbox 684 1151 771 1198; x_wconf 89' lang='lat' dir='ltr'>ratam</span> <span class='ocrx_word' id='word_1_140' title='bbox 788 1145 840 1198; x_wconf 90' lang='lat' dir='ltr'>hoc</span> <span class='ocrx_word' id='word_1_141' title='bbox 858 1151 899 1200; x_wconf 89' lang='lat' dir='ltr'>est</span> <span class='ocrx_word' id='word_1_142' title='bbox 917 1146 1090 1214; x_wconf 89' lang='lat' dir='ltr'>comprobare</span> <span class='ocrx_word' id='word_1_143' title='bbox 1139 1143 1243 1198; x_wconf 87' lang='lat' dir='ltr'>intersit</span> <span class='ocrx_word' id='word_1_144' title='bbox 1258 1145 1368 1212; x_wconf 87' lang='lat' dir='ltr'>agentis.</span> <span class='ocrx_word' id='word_1_145' title='bbox 1397 1143 1494 1198; x_wconf 90' lang='lat' dir='ltr'>etideo</span> <span class='ocrx_word' id='word_1_146' title='bbox 1509 1143 1614 1210; x_wconf 89' lang='lat' dir='ltr'>saepius</span> <span class='ocrx_word' id='word_1_147' title='bbox 1630 1159 1663 1198; x_wconf 80' lang='lat' dir='ltr'>ex</span> <span class='ocrx_word' id='word_1_148' title='bbox 1677 1159 1708 1196; x_wconf 88' lang='lat' dir='ltr'>ea</span> <span class='ocrx_word' id='word_1_149' title='bbox 1721 1143 1891 1210; x_wconf 85' lang='lat' dir='ltr'>stipulatione</span> <span class='ocrx_word' id='word_1_150' title='bbox 1904 1147 1942 1210; x_wconf 84' lang='lat' dir='ltr'>agi</span> 
     </span>
     <span class='ocr_line' id='line_1_12' title="bbox 285 1211 1941 1280; baseline 0 -16"><span class='ocrx_word' id='word_1_151' title='bbox 285 1211 498 1280; x_wconf 82' lang='lat' dir='ltr'>adgnoscensque</span> <span class='ocrx_word' id='word_1_152' title='bbox 522 1213 592 1280; x_wconf 91' lang='lat' dir='ltr'>quod</span> <span class='ocrx_word' id='word_1_153' title='bbox 615 1219 705 1266; x_wconf 90' lang='lat' dir='ltr'>actum</span> <span class='ocrx_word' id='word_1_154' title='bbox 727 1217 767 1264; x_wconf 86' lang='lat' dir='ltr'>ast</span> <span class='ocrx_word' id='word_1_155' title='bbox 788 1227 804 1264; x_wconf 94' lang='lat' dir='ltr'>a</span> <span class='ocrx_word' id='word_1_156' title='bbox 823 1211 890 1266; x_wconf 84' lang='lat' dir='ltr'>falso</span> <span class='ocrx_word' id='word_1_157' title='bbox 908 1217 1089 1280; x_wconf 88' lang='lat' dir='ltr'>procuratore.</span> <span class='ocrx_word' id='word_1_158' title='bbox 1138 1214 1236 1280; x_wconf 87' lang='lat' dir='ltr'>potest,</span> <span class='ocrx_word' id='word_1_159' title='bbox 1254 1217 1334 1280; x_wconf 87' lang='lat' dir='ltr'>prout</span> <span class='ocrx_word' id='word_1_160' title='bbox 1351 1213 1455 1266; x_wconf 88' lang='lat' dir='ltr'>intersit</span> <span class='ocrx_word' id='word_1_161' title='bbox 1473 1211 1581 1278; x_wconf 87' lang='lat' dir='ltr'>agentis,</span> <span class='ocrx_word' id='word_1_162' title='bbox 1601 1211 1671 1278; x_wconf 90' lang='lat' dir='ltr'>quod</span> <span class='ocrx_word' id='word_1_163' title='bbox 1685 1211 1778 1276; x_wconf 86' lang='lat' dir='ltr'>litigat,</span> <span class='ocrx_word' id='word_1_164' title='bbox 1798 1211 1869 1278; x_wconf 92' lang='lat' dir='ltr'>quod</span> <span class='ocrx_word' id='word_1_165' title='bbox 1884 1225 1941 1264; x_wconf 90' lang='lat' dir='ltr'>con·</span> 
     </span>
     <span class='ocr_line' id='line_1_13' title="bbox 286 1277 1942 1348; baseline 0.001 -16"><span class='ocrx_word' id='word_1_166' title='bbox 286 1283 300 1332; x_wconf 81' lang='lat'><strong>2</strong></span> <span class='ocrx_word' id='word_1_167' title='bbox 335 1279 471 1332; x_wconf 69' lang='grc' dir='ltr'>Ιιιι-ιιιιι2</span> <span class='ocrx_word' id='word_1_168' title='bbox 498 1279 536 1332; x_wconf 85' lang='grc' dir='ltr'>ιιι</span> <span class='ocrx_word' id='word_1_169' title='bbox 557 1279 696 1344; x_wconf 87' lang='lat' dir='ltr'>interesse,</span> <span class='ocrx_word' id='word_1_170' title='bbox 725 1279 831 1348; x_wconf 86' lang='lat' dir='ltr'>quando</span> <span class='ocrx_word' id='word_1_171' title='bbox 859 1279 980 1332; x_wconf 77' lang='lat' dir='ltr'>donnaus</span> <span class='ocrx_word' id='word_1_172' title='bbox 1006 1285 1090 1332; x_wconf 89' lang='lat' dir='ltr'>ratam</span> <span class='ocrx_word' id='word_1_173' title='bbox 1140 1279 1227 1340; x_wconf 89' lang='lat' dir='ltr'>sumit,</span> <span class='ocrx_word' id='word_1_174' title='bbox 1246 1279 1316 1346; x_wconf 91' lang='lat' dir='ltr'>quud</span> <span class='ocrx_word' id='word_1_175' title='bbox 1334 1279 1455 1342; x_wconf 86' lang='lat' dir='ltr'>advocat,</span> <span class='ocrx_word' id='word_1_176' title='bbox 1479 1277 1551 1346; x_wconf 86' lang='lat' dir='ltr'>quod</span> <span class='ocrx_word' id='word_1_177' title='bbox 1568 1279 1708 1330; x_wconf 89' lang='lat' dir='ltr'>damnatus</span> <span class='ocrx_word' id='word_1_178' title='bbox 1727 1277 1812 1342; x_wconf 89' lang='lat' dir='ltr'>solvit,</span> <span class='ocrx_word' id='word_1_179' title='bbox 1835 1279 1902 1332; x_wconf 91' lang='lat' dir='ltr'>sicut</span> <span class='ocrx_word' id='word_1_180' title='bbox 1918 1279 1942 1334; x_wconf 88' lang='lat' dir='ltr'>iu</span> 
     </span>
     <span class='ocr_line' id='line_1_14' title="bbox 284 1343 1942 1414; baseline -0.002 -14"><span class='ocrx_word' id='word_1_181' title='bbox 284 1347 383 1400; x_wconf 90' lang='lat' dir='ltr'>habere</span> <span class='ocrx_word' id='word_1_182' title='bbox 406 1345 513 1400; x_wconf 89' lang='lat' dir='ltr'>deberet</span> <span class='ocrx_word' id='word_1_183' title='bbox 535 1347 692 1400; x_wconf 90' lang='lat' dir='ltr'>solutionem</span> <span class='ocrx_word' id='word_1_184' title='bbox 715 1345 742 1396; x_wconf 89' lang='lat' dir='ltr'>in</span> <span class='ocrx_word' id='word_1_185' title='bbox 764 1351 965 1414; x_wconf 89' lang='lat' dir='ltr'>procuratorem</span> <span class='ocrx_word' id='word_1_186' title='bbox 982 1345 1089 1412; x_wconf 88' lang='lat' dir='ltr'>iactam,</span> <span class='ocrx_word' id='word_1_187' title='bbox 1140 1345 1311 1414; x_wconf 86' lang='lat' dir='ltr'>stipulatione</span> <span class='ocrx_word' id='word_1_188' title='bbox 1330 1345 1419 1398; x_wconf 88' lang='lat' dir='ltr'>damni</span> <span class='ocrx_word' id='word_1_189' title='bbox 1437 1345 1527 1396; x_wconf 86' lang='lat' dir='ltr'>infecti</span> <span class='ocrx_word' id='word_1_190' title='bbox 1546 1345 1784 1412; x_wconf 88' lang='lat' dir='ltr'>acciderepotest,</span> <span class='ocrx_word' id='word_1_191' title='bbox 1807 1351 1836 1398; x_wconf 91' lang='lat' dir='ltr'>ut</span> <span class='ocrx_word' id='word_1_192' title='bbox 1861 1343 1942 1410; x_wconf 88' lang='lat' dir='ltr'>isqui</span> 
     </span>
     <span class='ocr_line' id='line_1_15' title="bbox 286 1411 1942 1480; baseline -0.002 -14"><span class='ocrx_word' id='word_1_193' title='bbox 286 1415 338 1466; x_wconf 71' lang='lat' dir='ltr'>an3</span> <span class='ocrx_word' id='word_1_194' title='bbox 355 1419 419 1466; x_wconf 93' lang='lat' dir='ltr'>tunc</span> <span class='ocrx_word' id='word_1_195' title='bbox 437 1413 555 1476; x_wconf 82' lang='lat' dir='ltr'>dentum,</span> <span class='ocrx_word' id='word_1_196' title='bbox 581 1429 640 1468; x_wconf 92' lang='lat' dir='ltr'>cum</span> <span class='ocrx_word' id='word_1_197' title='bbox 658 1413 773 1480; x_wconf 88' lang='lat' dir='ltr'>primum</span> <span class='ocrx_word' id='word_1_198' title='bbox 791 1413 888 1466; x_wconf 89' lang='lat' dir='ltr'>certior</span> <span class='ocrx_word' id='word_1_199' title='bbox 905 1411 993 1466; x_wconf 91' lang='lat' dir='ltr'>factus</span> <span class='ocrx_word' id='word_1_200' title='bbox 1011 1417 1088 1466; x_wconf 86' lang='lat' dir='ltr'>esset.</span> <span class='ocrx_word' id='word_1_201' title='bbox 1140 1411 1283 1480; x_wconf 88' lang='lat' dir='ltr'>stipulatus</span> <span class='ocrx_word' id='word_1_202' title='bbox 1301 1411 1335 1466; x_wconf 90' lang='lat' dir='ltr'>sit</span> <span class='ocrx_word' id='word_1_203' title='bbox 1354 1411 1466 1466; x_wconf 86' lang='lat' dir='ltr'>subinde</span> <span class='ocrx_word' id='word_1_204' title='bbox 1484 1417 1558 1480; x_wconf 85' lang='lat' dir='ltr'>agat:</span> <span class='ocrx_word' id='word_1_205' title='bbox 1582 1415 1658 1464; x_wconf 88' lang='lat' dir='ltr'>caret</span> <span class='ocrx_word' id='word_1_206' title='bbox 1680 1411 1749 1462; x_wconf 89' lang='lat' dir='ltr'>enim</span> <span class='ocrx_word' id='word_1_207' title='bbox 1772 1411 1803 1464; x_wconf 88' lang='lat' dir='ltr'>‘si</span> <span class='ocrx_word' id='word_1_208' title='bbox 1826 1411 1888 1478; x_wconf 92' lang='lat' dir='ltr'>quid</span> <span class='ocrx_word' id='word_1_209' title='bbox 1910 1411 1942 1464; x_wconf 92' lang='lat' dir='ltr'>ibi</span> 
     </span>
     <span class='ocr_line' id='line_1_16' title="bbox 285 1477 1941 1546; baseline -0.002 -14"><span class='ocrx_word' id='word_1_210' title='bbox 285 1481 336 1534; x_wconf 90' lang='lat' dir='ltr'>hoc</span> <span class='ocrx_word' id='word_1_211' title='bbox 353 1485 442 1534; x_wconf 90' lang='lat' dir='ltr'>autem</span> <span class='ocrx_word' id='word_1_212' title='bbox 459 1483 489 1530; x_wconf 77' lang='grc' dir='ltr'>ἐν</span> <span class='ocrx_word' id='word_1_213' title='bbox 505 1479 615 1532; x_wconf 56' lang='grc' dir='ltr'>πλάται</span> <span class='ocrx_word' id='word_1_214' title='bbox 639 1477 822 1546; x_wconf 89' lang='lat' dir='ltr'>accipiendum</span> <span class='ocrx_word' id='word_1_215' title='bbox 844 1483 871 1534; x_wconf 92' lang='lat' dir='ltr'>et</span> <span class='ocrx_word' id='word_1_216' title='bbox 894 1495 954 1532; x_wconf 91' lang='lat' dir='ltr'>cum</span> <span class='ocrx_word' id='word_1_217' title='bbox 976 1479 1090 1546; x_wconf 89' lang='lat' dir='ltr'>quodam</span> <span class='ocrx_word' id='word_1_218' title='bbox 1141 1483 1208 1531; x_wconf 85' lang='lat' dir='ltr'>‘ruet</span> <span class='ocrx_word' id='word_1_219' title='bbox 1222 1479 1357 1532; x_wconf 90' lang='lat' dir='ltr'>scindetur</span> <span class='ocrx_word' id='word_1_220' title='bbox 1370 1477 1485 1532; x_wconf 86' lang='lat' dir='ltr'>fodietur</span> <span class='ocrx_word' id='word_1_221' title='bbox 1499 1477 1698 1530; x_wconf 87' lang='lat' dir='ltr'>aedificabitur&#39;.</span> <span class='ocrx_word' id='word_1_222' title='bbox 1726 1477 1795 1546; x_wconf 87' lang='lat' dir='ltr'>finge</span> <span class='ocrx_word' id='word_1_223' title='bbox 1807 1493 1868 1546; x_wconf 87' lang='lat' dir='ltr'>ergo</span> <span class='ocrx_word' id='word_1_224' title='bbox 1884 1477 1941 1530; x_wconf 86' lang='lat' dir='ltr'>sub·</span> 
     </span>
     <span class='ocr_line' id='line_1_17' title="bbox 286 1543 1942 1664; baseline 0 -64"><span class='ocrx_word' id='word_1_225' title='bbox 286 1547 371 1614; x_wconf 89' lang='lat' dir='ltr'>spatio</span> <span class='ocrx_word' id='word_1_226' title='bbox 398 1547 525 1614; x_wconf 83' lang='lat' dir='ltr'>temporis</span> <span class='ocrx_word' id='word_1_227' title='bbox 552 1561 601 1600; x_wconf 91' lang='lat' dir='ltr'>nec</span> <span class='ocrx_word' id='word_1_228' title='bbox 629 1545 736 1598; x_wconf 87' lang='lat' dir='ltr'>minimo</span> <span class='ocrx_word' id='word_1_229' title='bbox 759 1561 809 1598; x_wconf 89' lang='lat' dir='ltr'>uec</span> <span class='ocrx_word' id='word_1_230' title='bbox 833 1547 946 1600; x_wconf 83' lang='lat' dir='ltr'>maximo</span> <span class='ocrx_word' id='word_1_231' title='bbox 970 1553 996 1608; x_wconf 87' lang='lat' dir='ltr'>et</span> <span class='ocrx_word' id='word_1_232' title='bbox 1019 1545 1090 1614; x_wconf 84' lang='lat' dir='ltr'>quod</span> <span class='ocrx_word' id='word_1_233' title='bbox 1139 1545 1201 1598; x_wconf 88' lang='lat' dir='ltr'>inde</span> <span class='ocrx_word' id='word_1_234' title='bbox 1223 1545 1346 1598; x_wconf 88' lang='lat' dir='ltr'>damnum</span> <span class='ocrx_word' id='word_1_235' title='bbox 1370 1545 1440 1598; x_wconf 85' lang='lat' dir='ltr'>dari:</span> <span class='ocrx_word' id='word_1_236' title='bbox 1469 1561 1524 1598; x_wconf 92' lang='lat' dir='ltr'>non</span> <span class='ocrx_word' id='word_1_237' title='bbox 1547 1545 1597 1598; x_wconf 89' lang='lat' dir='ltr'>erit</span> <span class='ocrx_word' id='word_1_238' title='bbox 1619 1543 1740 1608; x_wconf 90' lang='lat' dir='ltr'>dubium,</span> <span class='ocrx_word' id='word_1_239' title='bbox 1765 1545 1847 1612; x_wconf 73' lang='lat' dir='ltr'>quin‘i</span> <span class='ocrx_word' id='word_1_240' title='bbox 1871 1559 1942 1664; x_wconf 54' lang='lat' dir='ltr'>affere</span> 
     </span>
     <span class='ocr_line' id='line_1_18' title="bbox 286 1609 1941 1682; baseline 0 -16"><span class='ocrx_word' id='word_1_241' title='bbox 286 1615 368 1680; x_wconf 85' lang='lat' dir='ltr'>magis</span> <span class='ocrx_word' id='word_1_242' title='bbox 397 1613 533 1666; x_wconf 89' lang='lat' dir='ltr'>intellectu</span> <span class='ocrx_word' id='word_1_243' title='bbox 558 1611 672 1682; x_wconf 86' lang='lat' dir='ltr'>percipi,</span> <span class='ocrx_word' id='word_1_244' title='bbox 703 1627 783 1680; x_wconf 90' lang='lat' dir='ltr'>quam</span> <span class='ocrx_word' id='word_1_245' title='bbox 806 1613 956 1666; x_wconf 85' lang='lat' dir='ltr'>elocutione</span> <span class='ocrx_word' id='word_1_246' title='bbox 979 1611 1091 1682; x_wconf 84' lang='lat' dir='ltr'>exprimi</span> <span class='ocrx_word' id='word_1_247' title='bbox 1139 1611 1238 1678; x_wconf 84' lang='lat' dir='ltr'>possit:</span> <span class='ocrx_word' id='word_1_248' title='bbox 1257 1627 1318 1666; x_wconf 89' lang='lat' dir='ltr'>narn</span> <span class='ocrx_word' id='word_1_249' title='bbox 1336 1611 1359 1664; x_wconf 90' lang='grc' dir='ltr'>ιι</span> <span class='ocrx_word' id='word_1_250' title='bbox 1377 1615 1434 1666; x_wconf 91' lang='grc' dir='ltr'>ιιιι</span> <span class='ocrx_word' id='word_1_251' title='bbox 1451 1609 1547 1664; x_wconf 88' lang='lat' dir='ltr'>damno</span> <span class='ocrx_word' id='word_1_252' title='bbox 1565 1615 1718 1678; x_wconf 89' lang='lat' dir='ltr'>computato</span> <span class='ocrx_word' id='word_1_253' title='bbox 1735 1617 1800 1666; x_wconf 88' lang='lat' dir='ltr'>tunc</span> <span class='ocrx_word' id='word_1_254' title='bbox 1817 1621 1883 1678; x_wconf 82' lang='lat' dir='ltr'>age&#39;u</span> <span class='ocrx_word' id='word_1_255' title='bbox 1902 1627 1941 1666; x_wconf 89' lang='lat' dir='ltr'>um</span> 
     </span>
     <span class='ocr_line' id='line_1_19' title="bbox 285 1679 1941 1748; baseline -0.001 -14"><span class='ocrx_word' id='word_1_256' title='bbox 285 1681 378 1748; x_wconf 88' lang='lat' dir='ltr'>possit.</span> <span class='ocrx_word' id='word_1_257' title='bbox 407 1681 468 1748; x_wconf 91' lang='lat' dir='ltr'>quid</span> <span class='ocrx_word' id='word_1_258' title='bbox 485 1695 553 1748; x_wconf 88' lang='lat' dir='ltr'>ergo,</span> <span class='ocrx_word' id='word_1_259' title='bbox 572 1681 603 1744; x_wconf 91' lang='lat' dir='ltr'>si,</span> <span class='ocrx_word' id='word_1_260' title='bbox 622 1679 693 1746; x_wconf 88' lang='lat' dir='ltr'>quod</span> <span class='ocrx_word' id='word_1_261' title='bbox 710 1679 795 1748; x_wconf 90' lang='lat' dir='ltr'>primo</span> <span class='ocrx_word' id='word_1_262' title='bbox 813 1685 900 1732; x_wconf 89' lang='lat' dir='ltr'>ratum</span> <span class='ocrx_word' id='word_1_263' title='bbox 917 1695 971 1734; x_wconf 90' lang='lat' dir='ltr'>non</span> <span class='ocrx_word' id='word_1_264' title='bbox 988 1679 1089 1744; x_wconf 84' lang='lat' dir='ltr'>hahuit,</span> <span class='ocrx_word' id='word_1_265' title='bbox 1141 1685 1194 1742; x_wconf 87' lang='lat' dir='ltr'>est,</span> <span class='ocrx_word' id='word_1_266' title='bbox 1213 1679 1404 1746; x_wconf 88' lang='lat' dir='ltr'>propemodum</span> <span class='ocrx_word' id='word_1_267' title='bbox 1421 1693 1475 1732; x_wconf 90' lang='lat' dir='ltr'>non</span> <span class='ocrx_word' id='word_1_268' title='bbox 1493 1683 1554 1732; x_wconf 90' lang='lat' dir='ltr'>ante</span> <span class='ocrx_word' id='word_1_269' title='bbox 1572 1683 1645 1744; x_wconf 86' lang='lat' dir='ltr'>aget,</span> <span class='ocrx_word' id='word_1_270' title='bbox 1666 1693 1744 1746; x_wconf 82' lang='grc' dir='ltr'>ιιιιιι</span> <span class='ocrx_word' id='word_1_271' title='bbox 1763 1679 1817 1732; x_wconf 92' lang='lat' dir='ltr'>dies</span> <span class='ocrx_word' id='word_1_272' title='bbox 1835 1679 1941 1746; x_wconf 89' lang='lat' dir='ltr'>stipula·</span> 
     </span>
     <span class='ocr_line' id='line_1_20' title="bbox 286 1745 1941 1816; baseline -0.002 -14"><span class='ocrx_word' id='word_1_273' title='bbox 286 1753 378 1816; x_wconf 88' lang='lat' dir='ltr'>postea</span> <span class='ocrx_word' id='word_1_274' title='bbox 395 1747 504 1800; x_wconf 89' lang='lat' dir='ltr'>habebit</span> <span class='ocrx_word' id='word_1_275' title='bbox 520 1747 626 1800; x_wconf 82' lang='lat' dir='ltr'>ratum?</span> <span class='ocrx_word' id='word_1_276' title='bbox 645 1747 726 1802; x_wconf 89' lang='lat' dir='ltr'>nihilo</span> <span class='ocrx_word' id='word_1_277' title='bbox 743 1747 827 1814; x_wconf 83' lang='lat' dir='ltr'>magis</span> <span class='ocrx_word' id='word_1_278' title='bbox 844 1747 973 1816; x_wconf 89' lang='lat' dir='ltr'>proficere</span> <span class='ocrx_word' id='word_1_279' title='bbox 990 1747 1024 1800; x_wconf 90' lang='lat' dir='ltr'>ad</span> <span class='ocrx_word' id='word_1_280' title='bbox 1042 1747 1089 1798; x_wconf 92' lang='lat' dir='ltr'>im·</span> <span class='ocrx_word' id='word_1_281' title='bbox 1139 1745 1219 1800; x_wconf 88' lang='lat' dir='ltr'>tionis</span> <span class='ocrx_word' id='word_1_282' title='bbox 1236 1747 1412 1814; x_wconf 88' lang='lat' dir='ltr'>praeterierit,</span> <span class='ocrx_word' id='word_1_283' title='bbox 1430 1747 1500 1798; x_wconf 89' lang='lat' dir='ltr'>intra</span> <span class='ocrx_word' id='word_1_284' title='bbox 1519 1761 1595 1814; x_wconf 89' lang='lat' dir='ltr'>quem</span> <span class='ocrx_word' id='word_1_285' title='bbox 1613 1745 1636 1798; x_wconf 90' lang='lat' dir='ltr'>si</span> <span class='ocrx_word' id='word_1_286' title='bbox 1653 1745 1777 1798; x_wconf 88' lang='lat' dir='ltr'>damnum</span> <span class='ocrx_word' id='word_1_287' title='bbox 1796 1747 1886 1798; x_wconf 89' lang='lat' dir='ltr'>datum</span> <span class='ocrx_word' id='word_1_288' title='bbox 1903 1747 1941 1812; x_wconf 90' lang='lat' dir='ltr'>sit,</span> 
     </span>
     <span class='ocr_line' id='line_1_21' title="bbox 285 1813 1882 1936; baseline -0.002 -66"><span class='ocrx_word' id='word_1_289' title='bbox 285 1813 440 1936; x_wconf 49' lang='lat' dir='ltr'>{odiendam</span> <span class='ocrx_word' id='word_1_290' title='bbox 458 1813 589 1868; x_wconf 88' lang='lat' dir='ltr'>actionem</span> <span class='ocrx_word' id='word_1_291' title='bbox 607 1829 682 1868; x_wconf 89' lang='lat' dir='ltr'>suam</span> <span class='ocrx_word' id='word_1_292' title='bbox 701 1819 727 1868; x_wconf 89' lang='lat' dir='ltr'>et</span> <span class='ocrx_word' id='word_1_293' title='bbox 745 1813 780 1868; x_wconf 94' lang='lat' dir='ltr'>ob</span> <span class='ocrx_word' id='word_1_294' title='bbox 797 1813 832 1880; x_wconf 89' lang='lat' dir='ltr'>id,</span> <span class='ocrx_word' id='word_1_295' title='bbox 851 1813 922 1882; x_wconf 89' lang='lat' dir='ltr'>quod</span> <span class='ocrx_word' id='word_1_296' title='bbox 937 1815 1022 1884; x_wconf 90' lang='lat' dir='ltr'>primo</span> <span class='ocrx_word' id='word_1_297' title='bbox 1037 1831 1090 1866; x_wconf 90' lang='lat' dir='ltr'>non</span> <span class='ocrx_word' id='word_1_298' title='bbox 1140 1813 1310 1936; x_wconf 81' lang='lat' dir='ltr'>sliqulatione</span> <span class='ocrx_word' id='word_1_299' title='bbox 1320 1815 1341 1846; x_wconf 86' lang='lat'>¹⁰</span> <span class='ocrx_word' id='word_1_300' title='bbox 1359 1819 1466 1866; x_wconf 86' lang='lat' dir='ltr'>cautum</span> <span class='ocrx_word' id='word_1_301' title='bbox 1485 1813 1548 1866; x_wconf 86' lang='lat' dir='ltr'>erit:</span> <span class='ocrx_word' id='word_1_302' title='bbox 1567 1813 1637 1934; x_wconf 75' lang='lat' dir='ltr'>quod</span> <span class='ocrx_word' id='word_1_303' title='bbox 1655 1829 1744 1868; x_wconf 90' lang='lat' dir='ltr'>verum</span> <span class='ocrx_word' id='word_1_304' title='bbox 1763 1831 1815 1868; x_wconf 92' lang='lat' dir='ltr'>nou</span> <span class='ocrx_word' id='word_1_305' title='bbox 1835 1819 1882 1868; x_wconf 88' lang='lat' dir='ltr'>est.</span> 
     </span>
    </p>

    <p class='ocr_par' dir='ltr' id='par_1_5' title="bbox 285 1879 1942 2220">
     <span class='ocr_line' id='line_1_22' title="bbox 304 1879 1941 1950; baseline -0.001 -14"><span class='ocrx_word' id='word_1_306' title='bbox 304 1881 378 1936; x_wconf 88' lang='lat' dir='ltr'>abuit</span> <span class='ocrx_word' id='word_1_307' title='bbox 394 1887 495 1948; x_wconf 92' lang='lat' dir='ltr'>ratum,</span> <span class='ocrx_word' id='word_1_308' title='bbox 514 1881 644 1936; x_wconf 88' lang='lat' dir='ltr'>actionem</span> <span class='ocrx_word' id='word_1_309' title='bbox 662 1879 763 1934; x_wconf 81' lang='lat' dir='ltr'>salvam</span> <span class='ocrx_word' id='word_1_310' title='bbox 780 1881 879 1936; x_wconf 90' lang='lat' dir='ltr'>habere</span> <span class='ocrx_word' id='word_1_311' title='bbox 898 1881 943 1936; x_wconf 88' lang='lat' dir='ltr'>cit.</span> <span class='ocrx_word' id='word_1_312' title='bbox 978 1881 1094 1950; x_wconf 88' lang='lat' dir='ltr'>ideoque</span> <span class='ocrx_word' id='word_1_313' title='bbox 1196 1879 1444 1936; x_wconf 69' lang='lat' dir='ltr'>euroaustrum</span> <span class='ocrx_word' id='word_1_314' title='bbox 1469 1883 1545 1934; x_wconf 81' lang='lat' dir='ltr'>tertio</span> <span class='ocrx_word' id='word_1_315' title='bbox 1586 1881 1671 1934; x_wconf 25' lang='lat' dir='ltr'>,ectmo</span> <span class='ocrx_word' id='word_1_316' title='bbox 1694 1883 1730 1934; x_wconf 79' lang='lat' dir='ltr'>acl</span> <span class='ocrx_word' id='word_1_317' title='bbox 1747 1879 1875 1936; x_wconf 82' lang='lat' dir='ltr'>Sabinum</span> <span class='ocrx_word' id='word_1_318' title='bbox 1914 1879 1941 1936; x_wconf 89' lang='lat' dir='ltr'>In</span> 
     </span>
     <span class='ocr_line' id='line_1_23' title="bbox 285 1947 1938 2018; baseline -0.001 -15"><span class='ocrx_word' id='word_1_319' title='bbox 285 1951 321 2012; x_wconf 90' lang='lat' dir='ltr'>si,</span> <span class='ocrx_word' id='word_1_320' title='bbox 343 1949 414 2018; x_wconf 88' lang='lat' dir='ltr'>quod</span> <span class='ocrx_word' id='word_1_321' title='bbox 436 1949 605 2018; x_wconf 87' lang='lat' dir='ltr'>procuratori</span> <span class='ocrx_word' id='word_1_322' title='bbox 627 1947 717 2002; x_wconf 86' lang='lat' dir='ltr'>fuerat</span> <span class='ocrx_word' id='word_1_323' title='bbox 739 1951 867 2014; x_wconf 88' lang='lat' dir='ltr'>solutum,</span> <span class='ocrx_word' id='word_1_324' title='bbox 896 1949 1022 2014; x_wconf 81' lang='lat' dir='ltr'>exegerit,</span> <span class='ocrx_word' id='word_1_325' title='bbox 1049 1949 1091 2016; x_wconf 91' lang='lat' dir='ltr'>agi</span> <span class='ocrx_word' id='word_1_326' title='bbox 1141 1949 1323 2016; x_wconf 86' lang='lat' dir='ltr'>stipulatione,</span> <span class='ocrx_word' id='word_1_327' title='bbox 1348 1963 1400 2016; x_wconf 90' lang='lat' dir='ltr'>qua</span> <span class='ocrx_word' id='word_1_328' title='bbox 1420 1953 1576 2016; x_wconf 89' lang='lat' dir='ltr'>procurator</span> <span class='ocrx_word' id='word_1_329' title='bbox 1595 1955 1670 2002; x_wconf 84' lang='lat' dir='ltr'>caret</span> <span class='ocrx_word' id='word_1_330' title='bbox 1687 1953 1773 2002; x_wconf 90' lang='lat' dir='ltr'>ratam</span> <span class='ocrx_word' id='word_1_331' title='bbox 1789 1963 1846 2002; x_wconf 90' lang='lat' dir='ltr'>rem</span> <span class='ocrx_word' id='word_1_332' title='bbox 1863 1947 1938 2002; x_wconf 90' lang='lat' dir='ltr'>domi·</span> 
     </span>
     <span class='ocr_line' id='line_1_24' title="bbox 305 2015 1941 2086; baseline -0.001 -16"><span class='ocrx_word' id='word_1_333' title='bbox 305 2017 413 2070; x_wconf 69' lang='grc' dir='ltr'>ιιιιιιι</span> <span class='ocrx_word' id='word_1_334' title='bbox 440 2033 472 2070; x_wconf 81' lang='grc' dir='ltr'>ιι</span> <span class='ocrx_word' id='word_1_335' title='bbox 503 2031 535 2070; x_wconf 89' lang='lat' dir='ltr'>ea</span> <span class='ocrx_word' id='word_1_336' title='bbox 562 2015 733 2084; x_wconf 87' lang='lat' dir='ltr'>stipulatione</span> <span class='ocrx_word' id='word_1_337' title='bbox 760 2017 870 2086; x_wconf 90' lang='lat' dir='ltr'>poterit,</span> <span class='ocrx_word' id='word_1_338' title='bbox 900 2031 932 2070; x_wconf 89' lang='lat' dir='ltr'>ac</span> <span class='ocrx_word' id='word_1_339' title='bbox 946 2017 981 2070; x_wconf 88' lang='lat' dir='ltr'>si</span> <span class='ocrx_word' id='word_1_340' title='bbox 1003 2021 1091 2070; x_wconf 86' lang='lat' dir='ltr'>ratum</span> <span class='ocrx_word' id='word_1_341' title='bbox 1141 2031 1203 2068; x_wconf 90' lang='lat' dir='ltr'>num</span> <span class='ocrx_word' id='word_1_342' title='bbox 1221 2017 1383 2080; x_wconf 89' lang='lat' dir='ltr'>habiturum,</span> <span class='ocrx_word' id='word_1_343' title='bbox 1405 2017 1432 2070; x_wconf 93' lang='lat' dir='ltr'>id</span> <span class='ocrx_word' id='word_1_344' title='bbox 1450 2017 1607 2080; x_wconf 87' lang='lat' dir='ltr'>continetur,</span> <span class='ocrx_word' id='word_1_345' title='bbox 1626 2017 1698 2086; x_wconf 91' lang='lat' dir='ltr'>quod</span> <span class='ocrx_word' id='word_1_346' title='bbox 1714 2017 1818 2072; x_wconf 90' lang='lat' dir='ltr'>intersit</span> <span class='ocrx_word' id='word_1_347' title='bbox 1837 2017 1941 2084; x_wconf 87' lang='lat' dir='ltr'>stipula-</span> 
     </span>
     <span class='ocr_line' id='line_1_25' title="bbox 285 2035 1942 2152; baseline 0.001 -16"><span class='ocrx_word' id='word_1_348' title='bbox 285 2035 382 2140; x_wconf 66' lang='lat' dir='ltr'>bahere</span> <span class='ocrx_word' id='word_1_349' title='bbox 406 2099 433 2138; x_wconf 92' lang='grc' dir='ltr'>ιι</span> <span class='ocrx_word' id='word_1_350' title='bbox 458 2087 552 2152; x_wconf 92' lang='lat' dir='ltr'>postea</span> <span class='ocrx_word' id='word_1_351' title='bbox 575 2099 630 2138; x_wconf 92' lang='lat' dir='ltr'>non</span> <span class='ocrx_word' id='word_1_352' title='bbox 653 2081 771 2138; x_wconf 87' lang='lat' dir='ltr'>dixisset.</span> <span class='ocrx_word' id='word_1_353' title='bbox 806 2083 853 2138; x_wconf 89' lang='lat' dir='ltr'>sed</span> <span class='ocrx_word' id='word_1_354' title='bbox 880 2099 927 2152; x_wconf 90' lang='lat' dir='ltr'>ego</span> <span class='ocrx_word' id='word_1_355' title='bbox 974 2088 1020 2140; x_wconf 92' lang='lat' dir='ltr'>uto</span> <span class='ocrx_word' id='word_1_356' title='bbox 1046 2099 1090 2136; x_wconf 87' lang='lat' dir='ltr'>ex·</span> <span class='ocrx_word' id='word_1_357' title='bbox 1139 2083 1214 2138; x_wconf 88' lang='lat' dir='ltr'>toris.</span> <span class='ocrx_word' id='word_1_358' title='bbox 1249 2083 1371 2152; x_wconf 87' lang='lat' dir='ltr'>idemque</span> <span class='ocrx_word' id='word_1_359' title='bbox 1397 2083 1463 2138; x_wconf 90' lang='lat' dir='ltr'>iuris</span> <span class='ocrx_word' id='word_1_360' title='bbox 1491 2085 1534 2138; x_wconf 92' lang='lat' dir='ltr'>est</span> <span class='ocrx_word' id='word_1_361' title='bbox 1559 2083 1588 2138; x_wconf 92' lang='lat' dir='ltr'>in</span> <span class='ocrx_word' id='word_1_362' title='bbox 1616 2085 1741 2140; x_wconf 88' lang='lat' dir='ltr'>clausulis</span> <span class='ocrx_word' id='word_1_363' title='bbox 1770 2083 1890 2138; x_wconf 88' lang='lat' dir='ltr'>omnibus</span> <span class='ocrx_word' id='word_1_364' title='bbox 1913 2083 1942 2140; x_wconf 86' lang='grc' dir='ltr'>ιι</span> 
     </span>
     <span class='ocr_line' id='line_1_26' title="bbox 286 2101 1299 2220; baseline -0.003 -14"><span class='ocrx_word' id='word_1_365' title='bbox 286 2157 300 2206; x_wconf 87' lang='grc'><strong>3</strong></span> <span class='ocrx_word' id='word_1_366' title='bbox 335 2151 483 2220; x_wconf 89' lang='lat' dir='ltr'>ceptionem</span> <span class='ocrx_word' id='word_1_367' title='bbox 500 2149 553 2206; x_wconf 91' lang='lat' dir='ltr'>doli</span> <span class='ocrx_word' id='word_1_368' title='bbox 570 2149 633 2206; x_wconf 87' lang='lat' dir='ltr'>mali</span> <span class='ocrx_word' id='word_1_369' title='bbox 650 2151 738 2206; x_wconf 89' lang='lat' dir='ltr'>locum</span> <span class='ocrx_word' id='word_1_370' title='bbox 756 2151 915 2206; x_wconf 90' lang='lat' dir='ltr'>habituram.</span> <span class='ocrx_word' id='word_1_371' title='bbox 950 2101 1010 2206; x_wconf 53' lang='lat' dir='ltr'>dire</span> <span class='ocrx_word' id='word_1_372' title='bbox 1032 2149 1090 2220; x_wconf 89' lang='lat' dir='ltr'>quis</span> <span class='ocrx_word' id='word_1_373' title='bbox 1141 2151 1202 2206; x_wconf 89' lang='lat' dir='ltr'>dolo</span> <span class='ocrx_word' id='word_1_374' title='bbox 1219 2151 1299 2214; x_wconf 90' lang='lat' dir='ltr'>malo,</span> 
     </span>
    </p>

    <p class='ocr_par' dir='ltr' id='par_1_6' title="bbox 285 2215 1942 2570">
     <span class='ocr_line' id='line_1_27' title="bbox 285 2215 1942 2290; baseline 0 -18"><span class='ocrx_word' id='word_1_375' title='bbox 285 2223 359 2290; x_wconf 89' lang='lat' dir='ltr'>petat</span> <span class='ocrx_word' id='word_1_376' title='bbox 386 2221 439 2274; x_wconf 87' lang='lat' dir='ltr'>sire</span> <span class='ocrx_word' id='word_1_377' title='bbox 467 2219 809 2286; x_wconf 59' lang='lat' dir='ltr'>compensationc‘utatur,</span> <span class='ocrx_word' id='word_1_378' title='bbox 839 2221 1010 2274; x_wconf 87' lang='lat' dir='ltr'>committitur</span> <span class='ocrx_word' id='word_1_379' title='bbox 1036 2223 1089 2272; x_wconf 85' lang='lat' dir='ltr'>sta-</span> <span class='ocrx_word' id='word_1_380' title='bbox 1175 2215 1214 2276; x_wconf 82' lang='lat'>20</span> <span class='ocrx_word' id='word_1_381' title='bbox 1238 2217 1383 2272; x_wconf 76' lang='lat' dir='ltr'>Uuernrus</span> <span class='ocrx_word' id='word_1_382' title='bbox 1398 2217 1465 2272; x_wconf 81' lang='lat' dir='ltr'>libro</span> <span class='ocrx_word' id='word_1_383' title='bbox 1475 2217 1569 2288; x_wconf 79' lang='lat' dir='ltr'>probro</span> <span class='ocrx_word' id='word_1_384' title='bbox 1584 2219 1793 2288; x_wconf 78' lang='lat' dir='ltr'>disputationum</span> <span class='ocrx_word' id='word_1_385' title='bbox 1826 2217 1888 2272; x_wconf 86' lang='lat' dir='ltr'>Non</span> <span class='ocrx_word' id='word_1_386' title='bbox 1903 2233 1942 2272; x_wconf 83' lang='grc' dir='ltr'>ιι-</span> 
     </span>
     <span class='ocr_line' id='line_1_28' title="bbox 286 2285 1942 2356; baseline -0.001 -16"><span class='ocrx_word' id='word_1_387' title='bbox 286 2287 333 2340; x_wconf 90' lang='lat' dir='ltr'>tim</span> <span class='ocrx_word' id='word_1_388' title='bbox 356 2293 441 2340; x_wconf 86' lang='lat' dir='ltr'>ratam</span> <span class='ocrx_word' id='word_1_389' title='bbox 459 2301 514 2340; x_wconf 89' lang='lat' dir='ltr'>rem</span> <span class='ocrx_word' id='word_1_390' title='bbox 532 2287 666 2340; x_wconf 90' lang='lat' dir='ltr'>dominum</span> <span class='ocrx_word' id='word_1_391' title='bbox 684 2287 837 2340; x_wconf 85' lang='lat' dir='ltr'>habiturum</span> <span class='ocrx_word' id='word_1_392' title='bbox 855 2287 1006 2356; x_wconf 88' lang='lat' dir='ltr'>stipulatio:</span> <span class='ocrx_word' id='word_1_393' title='bbox 1030 2303 1091 2340; x_wconf 89' lang='lat' dir='ltr'>nam</span> <span class='ocrx_word' id='word_1_394' title='bbox 1139 2287 1194 2340; x_wconf 88' lang='lat' dir='ltr'>lum</span> <span class='ocrx_word' id='word_1_395' title='bbox 1217 2285 1244 2338; x_wconf 89' lang='lat' dir='ltr'>in</span> <span class='ocrx_word' id='word_1_396' title='bbox 1262 2287 1425 2350; x_wconf 87' lang='lat' dir='ltr'>actionibus,</span> <span class='ocrx_word' id='word_1_397' title='bbox 1449 2301 1515 2354; x_wconf 89' lang='lat' dir='ltr'>quas</span> <span class='ocrx_word' id='word_1_398' title='bbox 1533 2291 1692 2356; x_wconf 90' lang='lat' dir='ltr'>procurator</span> <span class='ocrx_word' id='word_1_399' title='bbox 1709 2285 1833 2350; x_wconf 90' lang='lat' dir='ltr'>intendit,</span> <span class='ocrx_word' id='word_1_400' title='bbox 1856 2301 1942 2340; x_wconf 87' lang='lat' dir='ltr'>rerum</span> 
     </span>
     <span class='ocr_line' id='line_1_29' title="bbox 287 2353 1941 2422; baseline -0.001 -14"><span class='ocrx_word' id='word_1_401' title='bbox 287 2355 528 2422; x_wconf 75' lang='grc' dir='ltr'>ιιιιιιιιιιιιιιιιθ</span> <span class='ocrx_word' id='word_1_402' title='bbox 551 2355 610 2422; x_wconf 87' lang='lat' dir='ltr'>quis</span> <span class='ocrx_word' id='word_1_403' title='bbox 633 2355 744 2410; x_wconf 88' lang='lat' dir='ltr'>eundem</span> <span class='ocrx_word' id='word_1_404' title='bbox 768 2359 857 2408; x_wconf 88' lang='lat' dir='ltr'>actum</span> <span class='ocrx_word' id='word_1_405' title='bbox 878 2359 1018 2420; x_wconf 89' lang='lat' dir='ltr'>retractet,</span> <span class='ocrx_word' id='word_1_406' title='bbox 1046 2353 1090 2422; x_wconf 90' lang='lat' dir='ltr'>qui</span> <span class='ocrx_word' id='word_1_407' title='bbox 1140 2353 1167 2406; x_wconf 90' lang='lat' dir='ltr'>in</span> <span class='ocrx_word' id='word_1_408' title='bbox 1186 2353 1400 2422; x_wconf 87' lang='lat' dir='ltr'>stipulationibus</span> <span class='ocrx_word' id='word_1_409' title='bbox 1420 2369 1537 2422; x_wconf 89' lang='lat' dir='ltr'>quoque,</span> <span class='ocrx_word' id='word_1_410' title='bbox 1561 2369 1626 2422; x_wconf 91' lang='lat' dir='ltr'>quas</span> <span class='ocrx_word' id='word_1_411' title='bbox 1649 2353 1782 2422; x_wconf 87' lang='lat' dir='ltr'>interponi</span> <span class='ocrx_word' id='word_1_412' title='bbox 1806 2353 1941 2422; x_wconf 86' lang='lat' dir='ltr'>desideret,</span> 
     </span>
     <span class='ocr_line' id='line_1_30' title="bbox 285 2421 1942 2492; baseline -0.001 -16"><span class='ocrx_word' id='word_1_413' title='bbox 285 2437 302 2476; x_wconf 91' lang='lat' dir='ltr'>a</span> <span class='ocrx_word' id='word_1_414' title='bbox 333 2427 507 2492; x_wconf 86' lang='lat' dir='ltr'>procuratore</span> <span class='ocrx_word' id='word_1_415' title='bbox 537 2427 614 2476; x_wconf 90' lang='lat' dir='ltr'>actus</span> <span class='ocrx_word' id='word_1_416' title='bbox 645 2427 698 2486; x_wconf 87' lang='lat' dir='ltr'>est,</span> <span class='ocrx_word' id='word_1_417' title='bbox 734 2421 862 2476; x_wconf 89' lang='lat' dir='ltr'>committi</span> <span class='ocrx_word' id='word_1_418' title='bbox 894 2423 1090 2490; x_wconf 86' lang='lat' dir='ltr'>stipulationem</span> <span class='ocrx_word' id='word_1_419' title='bbox 1141 2421 1163 2474; x_wconf 91' lang='lat' dir='ltr'>si</span> <span class='ocrx_word' id='word_1_420' title='bbox 1184 2421 1268 2476; x_wconf 84' lang='lat' dir='ltr'>ricem</span> <span class='ocrx_word' id='word_1_421' title='bbox 1291 2425 1522 2492; x_wconf 87' lang='lat' dir='ltr'>repraesentant¹¹</span> <span class='ocrx_word' id='word_1_422' title='bbox 1547 2421 1693 2488; x_wconf 84' lang='lat' dir='ltr'>actionum,</span> <span class='ocrx_word' id='word_1_423' title='bbox 1719 2435 1811 2476; x_wconf 85' lang='lat' dir='ltr'>cavere</span> <span class='ocrx_word' id='word_1_424' title='bbox 1833 2435 1892 2474; x_wconf 90' lang='lat' dir='ltr'>eum</span> <span class='ocrx_word' id='word_1_425' title='bbox 1914 2421 1942 2476; x_wconf 86' lang='grc' dir='ltr'>ιι</span> 
     </span>
     <span class='ocr_line' id='line_1_31' title="bbox 285 2487 1942 2570; baseline -0.001 -26"><span class='ocrx_word' id='word_1_426' title='bbox 285 2493 398 2558; x_wconf 90' lang='lat' dir='ltr'>oportet.</span> <span class='ocrx_word' id='word_1_427' title='bbox 1141 2493 1199 2542; x_wconf 88' lang='lat' dir='ltr'>rato</span> <span class='ocrx_word' id='word_1_428' title='bbox 1218 2493 1331 2570; x_wconf 87' lang='lat' dir='ltr'>oportet.</span> <span class='ocrx_word' id='word_1_429' title='bbox 1368 2505 1449 2558; x_wconf 91' lang='lat' dir='ltr'>quare</span> <span class='ocrx_word' id='word_1_430' title='bbox 1474 2491 1497 2544; x_wconf 91' lang='lat' dir='ltr'>si</span> <span class='ocrx_word' id='word_1_431' title='bbox 1521 2489 1617 2558; x_wconf 88' lang='lat' dir='ltr'>duplae</span> <span class='ocrx_word' id='word_1_432' title='bbox 1635 2487 1832 2558; x_wconf 87' lang='lat' dir='ltr'>stipulationem</span> <span class='ocrx_word' id='word_1_433' title='bbox 1849 2503 1942 2556; x_wconf 88' lang='lat' dir='ltr'>procu-</span> 
     </span>
    </p>

    <p class='ocr_par' dir='ltr' id='par_1_7' title="bbox 285 2551 1943 2968">
     <span class='ocr_line' id='line_1_32' title="bbox 321 2551 1943 2628; baseline 0.001 -20"><span class='ocrx_word' id='word_1_434' title='bbox 321 2551 358 2614; x_wconf 87' lang='lat'>13</span> <span class='ocrx_word' id='word_1_435' title='bbox 378 2555 495 2610; x_wconf 70' lang='lat' dir='ltr'>Pronus</span> <span class='ocrx_word' id='word_1_436' title='bbox 511 2555 578 2612; x_wconf 84' lang='lat' dir='ltr'>b&#39;brc</span> <span class='ocrx_word' id='word_1_437' title='bbox 596 2571 624 2608; x_wconf 82' lang='lat' dir='ltr'>sc</span> <span class='ocrx_word' id='word_1_438' title='bbox 645 2557 811 2628; x_wconf 78' lang='lat' dir='ltr'>tucpcnsimo</span> <span class='ocrx_word' id='word_1_439' title='bbox 829 2559 907 2610; x_wconf 78' lang='lat' dir='ltr'>sexto</span> <span class='ocrx_word' id='word_1_440' title='bbox 926 2555 962 2608; x_wconf 85' lang='lat' dir='ltr'>ad</span> <span class='ocrx_word' id='word_1_441' title='bbox 976 2555 1090 2610; x_wconf 82' lang='lat' dir='ltr'>edictum</span> <span class='ocrx_word' id='word_1_442' title='bbox 1140 2561 1215 2610; x_wconf 89' lang='lat' dir='ltr'>rator</span> <span class='ocrx_word' id='word_1_443' title='bbox 1238 2561 1406 2626; x_wconf 86' lang='lat' dir='ltr'>mterpuuat,</span> <span class='ocrx_word' id='word_1_444' title='bbox 1432 2557 1465 2612; x_wconf 89' lang='lat' dir='ltr'>de</span> <span class='ocrx_word' id='word_1_445' title='bbox 1487 2561 1546 2612; x_wconf 86' lang='lat' dir='ltr'>rato</span> <span class='ocrx_word' id='word_1_446' title='bbox 1568 2571 1661 2612; x_wconf 89' lang='lat' dir='ltr'>carere</span> <span class='ocrx_word' id='word_1_447' title='bbox 1684 2557 1770 2610; x_wconf 89' lang='lat' dir='ltr'>debet.</span> <span class='ocrx_word' id='word_1_448' title='bbox 1805 2557 1852 2610; x_wconf 88' lang='lat' dir='ltr'>sed</span> <span class='ocrx_word' id='word_1_449' title='bbox 1874 2561 1901 2612; x_wconf 92' lang='lat' dir='ltr'>et</span> <span class='ocrx_word' id='word_1_450' title='bbox 1922 2559 1943 2614; x_wconf 87' lang='lat' dir='ltr'>si</span> 
     </span>
     <span class='ocr_line' id='line_1_33' title="bbox 285 2571 1942 2694; baseline 0 -15"><span class='ocrx_word' id='word_1_451' title='bbox 285 2623 313 2680; x_wconf 82' lang='lat' dir='ltr'>Si</span> <span class='ocrx_word' id='word_1_452' title='bbox 330 2623 470 2680; x_wconf 87' lang='lat' dir='ltr'>commissa</span> <span class='ocrx_word' id='word_1_453' title='bbox 486 2629 528 2680; x_wconf 91' lang='lat' dir='ltr'>est</span> <span class='ocrx_word' id='word_1_454' title='bbox 544 2571 680 2692; x_wconf 58' lang='lat' dir='ltr'>euphibio</span> <span class='ocrx_word' id='word_1_455' title='bbox 698 2629 786 2678; x_wconf 86' lang='lat' dir='ltr'>ratam</span> <span class='ocrx_word' id='word_1_456' title='bbox 809 2639 864 2680; x_wconf 89' lang='lat' dir='ltr'>rem</span> <span class='ocrx_word' id='word_1_457' title='bbox 886 2623 1020 2678; x_wconf 90' lang='lat' dir='ltr'>domiuum</span> <span class='ocrx_word' id='word_1_458' title='bbox 1042 2623 1089 2678; x_wconf 80' lang='lat' dir='ltr'>ha·</span> <span class='ocrx_word' id='word_1_459' title='bbox 1140 2623 1230 2680; x_wconf 88' lang='lat' dir='ltr'>damni</span> <span class='ocrx_word' id='word_1_460' title='bbox 1252 2623 1344 2680; x_wconf 88' lang='lat' dir='ltr'>infecti</span> <span class='ocrx_word' id='word_1_461' title='bbox 1367 2625 1501 2692; x_wconf 85' lang='lat' dir='ltr'>stipulatio</span> <span class='ocrx_word' id='word_1_462' title='bbox 1524 2641 1541 2678; x_wconf 89' lang='lat' dir='ltr'>a</span> <span class='ocrx_word' id='word_1_463' title='bbox 1562 2631 1737 2692; x_wconf 88' lang='lat' dir='ltr'>procuratore</span> <span class='ocrx_word' id='word_1_464' title='bbox 1754 2623 1942 2694; x_wconf 87' lang='lat' dir='ltr'>interponatur,</span> 
     </span>
     <span class='ocr_line' id='line_1_34' title="bbox 285 2691 1641 2762; baseline 0 -16"><span class='ocrx_word' id='word_1_465' title='bbox 285 2693 410 2758; x_wconf 87' lang='lat' dir='ltr'>hiturum,</span> <span class='ocrx_word' id='word_1_466' title='bbox 428 2693 456 2746; x_wconf 88' lang='lat' dir='ltr'>in</span> <span class='ocrx_word' id='word_1_467' title='bbox 472 2695 576 2756; x_wconf 84' lang='lat' dir='ltr'>tantum</span> <span class='ocrx_word' id='word_1_468' title='bbox 593 2707 651 2746; x_wconf 90' lang='lat' dir='ltr'>com</span> <span class='ocrx_word' id='word_1_469' title='bbox 671 2693 726 2758; x_wconf 90' lang='lat' dir='ltr'>etit,</span> <span class='ocrx_word' id='word_1_470' title='bbox 744 2693 773 2746; x_wconf 93' lang='lat' dir='ltr'>in</span> <span class='ocrx_word' id='word_1_471' title='bbox 790 2697 918 2762; x_wconf 89' lang='lat' dir='ltr'>quantum</span> <span class='ocrx_word' id='word_1_472' title='bbox 935 2707 993 2746; x_wconf 87' lang='lat' dir='ltr'>mea</span> <span class='ocrx_word' id='word_1_473' title='bbox 1008 2691 1090 2748; x_wconf 86' lang='lat' dir='ltr'>inter·</span> <span class='ocrx_word' id='word_1_474' title='bbox 1141 2693 1173 2748; x_wconf 90' lang='lat' dir='ltr'>de</span> <span class='ocrx_word' id='word_1_475' title='bbox 1190 2695 1250 2746; x_wconf 90' lang='lat' dir='ltr'>rato</span> <span class='ocrx_word' id='word_1_476' title='bbox 1268 2691 1347 2746; x_wconf 90' lang='lat' dir='ltr'>dehet</span> <span class='ocrx_word' id='word_1_477' title='bbox 1363 2699 1524 2762; x_wconf 89' lang='lat' dir='ltr'>procurator</span> <span class='ocrx_word' id='word_1_478' title='bbox 1542 2707 1641 2746; x_wconf 87' lang='lat' dir='ltr'>cavere.</span> 
     </span>
     <span class='ocr_line' id='line_1_35' title="bbox 285 2757 1942 2832; baseline 0.002 -18"><span class='ocrx_word' id='word_1_479' title='bbox 285 2761 348 2826; x_wconf 84' lang='lat' dir='ltr'>fuir,</span> <span class='ocrx_word' id='word_1_480' title='bbox 373 2761 399 2812; x_wconf 88' lang='lat' dir='ltr'>id</span> <span class='ocrx_word' id='word_1_481' title='bbox 419 2765 459 2816; x_wconf 92' lang='grc' dir='ltr'>ιιι</span> <span class='ocrx_word' id='word_1_482' title='bbox 476 2765 603 2830; x_wconf 89' lang='lat' dir='ltr'>quantum</span> <span class='ocrx_word' id='word_1_483' title='bbox 620 2777 655 2814; x_wconf 90' lang='lat' dir='ltr'>nu</span> <span class='ocrx_word' id='word_1_484' title='bbox 676 2761 682 2774; x_wconf 89' lang='lat'>&#39;</span> <span class='ocrx_word' id='word_1_485' title='bbox 703 2761 781 2816; x_wconf 89' lang='lat' dir='ltr'>abest</span> <span class='ocrx_word' id='word_1_486' title='bbox 797 2765 976 2830; x_wconf 89' lang='lat' dir='ltr'>quantumque</span> <span class='ocrx_word' id='word_1_487' title='bbox 993 2761 1091 2816; x_wconf 90' lang='lat' dir='ltr'>lucrari</span> <span class='ocrx_word' id='word_1_488' title='bbox 1175 2757 1212 2818; x_wconf 83' lang='lat'>21</span> <span class='ocrx_word' id='word_1_489' title='bbox 1239 2757 1320 2814; x_wconf 76' lang='lat' dir='ltr'>Iunc</span> <span class='ocrx_word' id='word_1_490' title='bbox 1343 2761 1411 2818; x_wconf 81' lang='lat' dir='ltr'>libro</span> <span class='ocrx_word' id='word_1_491' title='bbox 1428 2763 1521 2832; x_wconf 80' lang='lat' dir='ltr'>primo</span> <span class='ocrx_word' id='word_1_492' title='bbox 1544 2763 1700 2832; x_wconf 80' lang='lat' dir='ltr'>opinionum</span> <span class='ocrx_word' id='word_1_493' title='bbox 1739 2761 1781 2818; x_wconf 89' lang='lat' dir='ltr'>Ne</span> <span class='ocrx_word' id='word_1_494' title='bbox 1808 2761 1942 2818; x_wconf 86' lang='lat' dir='ltr'>satisdatio</span> 
     </span>
     <span class='ocr_line' id='line_1_36' title="bbox 288 2827 1942 2900; baseline 0.001 -18"><span class='ocrx_word' id='word_1_495' title='bbox 288 2833 298 2882; x_wconf 88' lang='lat' dir='ltr'>t</span> <span class='ocrx_word' id='word_1_496' title='bbox 335 2827 418 2898; x_wconf 90' lang='lat' dir='ltr'>potui.</span> <span class='ocrx_word' id='word_1_497' title='bbox 455 2827 482 2882; x_wconf 85' lang='lat' dir='ltr'>Si</span> <span class='ocrx_word' id='word_1_498' title='bbox 503 2829 558 2882; x_wconf 89' lang='lat' dir='ltr'>siue</span> <span class='ocrx_word' id='word_1_499' title='bbox 580 2827 666 2884; x_wconf 86' lang='lat' dir='ltr'>iudice</span> <span class='ocrx_word' id='word_1_500' title='bbox 683 2829 852 2896; x_wconf 86' lang='lat' dir='ltr'>procuratori</span> <span class='ocrx_word' id='word_1_501' title='bbox 869 2829 985 2896; x_wconf 88' lang='lat' dir='ltr'>legatum</span> <span class='ocrx_word' id='word_1_502' title='bbox 1004 2829 1089 2884; x_wconf 86' lang='lat' dir='ltr'>solra·</span> <span class='ocrx_word' id='word_1_503' title='bbox 1140 2835 1227 2884; x_wconf 89' lang='lat' dir='ltr'>ratam</span> <span class='ocrx_word' id='word_1_504' title='bbox 1244 2845 1299 2884; x_wconf 89' lang='lat' dir='ltr'>reru</span> <span class='ocrx_word' id='word_1_505' title='bbox 1317 2829 1451 2884; x_wconf 90' lang='lat' dir='ltr'>dominum</span> <span class='ocrx_word' id='word_1_506' title='bbox 1469 2829 1622 2885; x_wconf 90' lang='lat' dir='ltr'>habiturum</span> <span class='ocrx_word' id='word_1_507' title='bbox 1640 2829 1805 2898; x_wconf 82' lang='lat' dir='ltr'>exigaturiu</span> <span class='ocrx_word' id='word_1_508' title='bbox 1822 2831 1942 2900; x_wconf 89' lang='lat' dir='ltr'>hisquae</span> 
     </span>
     <span class='ocr_line' id='line_1_37' title="bbox 286 2897 1943 2968; baseline -0.001 -18"><span class='ocrx_word' id='word_1_509' title='bbox 286 2903 335 2962; x_wconf 90' lang='lat' dir='ltr'>tur,</span> <span class='ocrx_word' id='word_1_510' title='bbox 355 2897 458 2950; x_wconf 68' lang='lat' dir='ltr'>caeteril</span> <span class='ocrx_word' id='word_1_511' title='bbox 477 2897 573 2950; x_wconf 87' lang='lat' dir='ltr'>debere</span> <span class='ocrx_word' id='word_1_512' title='bbox 590 2897 751 2968; x_wconf 89' lang='lat' dir='ltr'>Pomponius</span> <span class='ocrx_word' id='word_1_513' title='bbox 770 2899 816 2952; x_wconf 92' lang='grc' dir='ltr'>ιιι.</span> <span class='ocrx_word' id='word_1_514' title='bbox 1140 2899 1245 2952; x_wconf 89' lang='lat' dir='ltr'>nomine</span> <span class='ocrx_word' id='word_1_515' title='bbox 1267 2899 1324 2954; x_wconf 90' lang='lat' dir='ltr'>eius</span> <span class='ocrx_word' id='word_1_516' title='bbox 1347 2903 1449 2966; x_wconf 86' lang='lat' dir='ltr'>ageret,</span> <span class='ocrx_word' id='word_1_517' title='bbox 1475 2899 1550 2968; x_wconf 77' lang='lat' dir='ltr'>qui¹i</span> <span class='ocrx_word' id='word_1_518' title='bbox 1574 2913 1632 2952; x_wconf 89' lang='lat' dir='ltr'>enm</span> <span class='ocrx_word' id='word_1_519' title='bbox 1655 2913 1683 2952; x_wconf 89' lang='lat' dir='ltr'>se</span> <span class='ocrx_word' id='word_1_520' title='bbox 1706 2899 1800 2954; x_wconf 80' lang='lat' dir='ltr'>fecisse</span> <span class='ocrx_word' id='word_1_521' title='bbox 1818 2913 1943 2968; x_wconf 89' lang='lat' dir='ltr'>procura-</span> 
     </span>
    </p>

    <p class='ocr_par' dir='ltr' id='par_1_8' title="bbox 285 2963 1942 3322">
     <span class='ocr_line' id='line_1_38' title="bbox 320 2963 1941 3046; baseline -0.001 -24"><span class='ocrx_word' id='word_1_522' title='bbox 320 2963 358 3022; x_wconf 85' lang='grc'>14</span> <span class='ocrx_word' id='word_1_523' title='bbox 376 2965 455 3020; x_wconf 77' lang='lat' dir='ltr'>Inna</span> <span class='ocrx_word' id='word_1_524' title='bbox 470 2965 537 3020; x_wconf 81' lang='lat' dir='ltr'>libro</span> <span class='ocrx_word' id='word_1_525' title='bbox 555 2967 632 3020; x_wconf 83' lang='lat' dir='ltr'>tertio</span> <span class='ocrx_word' id='word_1_526' title='bbox 650 2965 687 3020; x_wconf 80' lang='lat' dir='ltr'>ud</span> <span class='ocrx_word' id='word_1_527' title='bbox 699 2965 837 3020; x_wconf 81' lang='lat' dir='ltr'>Plautium</span> <span class='ocrx_word' id='word_1_528' title='bbox 873 2965 900 3020; x_wconf 82' lang='lat' dir='ltr'>Si</span> <span class='ocrx_word' id='word_1_529' title='bbox 918 2965 976 3046; x_wconf 86' lang='lat' dir='ltr'>quis</span> <span class='ocrx_word' id='word_1_530' title='bbox 993 2965 1040 3020; x_wconf 91' lang='lat' dir='ltr'>uui</span> <span class='ocrx_word' id='word_1_531' title='bbox 1058 2983 1091 3022; x_wconf 83' lang='lat' dir='ltr'>ex</span> <span class='ocrx_word' id='word_1_532' title='bbox 1139 2973 1224 3022; x_wconf 87' lang='lat' dir='ltr'>torem</span> <span class='ocrx_word' id='word_1_533' title='bbox 1244 2965 1334 3022; x_wconf 92' lang='lat' dir='ltr'>lihello</span> <span class='ocrx_word' id='word_1_534' title='bbox 1358 2965 1472 3034; x_wconf 86' lang='lat' dir='ltr'>principi</span> <span class='ocrx_word' id='word_1_535' title='bbox 1494 2967 1555 3020; x_wconf 91' lang='lat' dir='ltr'>dato</span> <span class='ocrx_word' id='word_1_536' title='bbox 1583 2965 1722 3036; x_wconf 88' lang='lat' dir='ltr'>professus</span> <span class='ocrx_word' id='word_1_537' title='bbox 1749 2971 1800 3032; x_wconf 90' lang='lat' dir='ltr'>est,</span> <span class='ocrx_word' id='word_1_538' title='bbox 1829 2965 1941 3034; x_wconf 85' lang='lat' dir='ltr'>prodest.</span> 
     </span>
     <span class='ocr_line' id='line_1_39' title="bbox 285 3033 1940 3104; baseline 0.001 -18"><span class='ocrx_word' id='word_1_539' title='bbox 285 3033 336 3088; x_wconf 87' lang='lat' dir='ltr'>reis</span> <span class='ocrx_word' id='word_1_540' title='bbox 358 3033 510 3102; x_wconf 84' lang='lat' dir='ltr'>promiserit</span> <span class='ocrx_word' id='word_1_541' title='bbox 530 3049 585 3088; x_wconf 89' lang='lat' dir='ltr'>rem</span> <span class='ocrx_word' id='word_1_542' title='bbox 608 3039 693 3088; x_wconf 88' lang='lat' dir='ltr'>ratam</span> <span class='ocrx_word' id='word_1_543' title='bbox 716 3033 850 3088; x_wconf 88' lang='lat' dir='ltr'>dominum</span> <span class='ocrx_word' id='word_1_544' title='bbox 872 3033 1023 3088; x_wconf 83' lang='lat' dir='ltr'>habrturum</span> <span class='ocrx_word' id='word_1_545' title='bbox 1043 3041 1091 3088; x_wconf 89' lang='lat' dir='ltr'>aut</span> <span class='ocrx_word' id='word_1_546' title='bbox 1140 3033 1212 3104; x_wconf 91' lang='lat' dir='ltr'>quod</span> <span class='ocrx_word' id='word_1_547' title='bbox 1229 3033 1251 3088; x_wconf 89' lang='lat' dir='ltr'>si</span> <span class='ocrx_word' id='word_1_548' title='bbox 1268 3035 1414 3088; x_wconf 88' lang='lat' dir='ltr'>iudicatum</span> <span class='ocrx_word' id='word_1_549' title='bbox 1432 3035 1497 3088; x_wconf 83' lang='lat' dir='ltr'>solui</span> <span class='ocrx_word' id='word_1_550' title='bbox 1514 3035 1578 3090; x_wconf 89' lang='lat' dir='ltr'>satis</span> <span class='ocrx_word' id='word_1_551' title='bbox 1598 3035 1629 3088; x_wconf 92' lang='lat' dir='ltr'>ah</span> <span class='ocrx_word' id='word_1_552' title='bbox 1649 3049 1680 3088; x_wconf 93' lang='grc' dir='ltr'>ιι</span> <span class='ocrx_word' id='word_1_553' title='bbox 1695 3039 1869 3104; x_wconf 88' lang='lat' dir='ltr'>procuratore</span> <span class='ocrx_word' id='word_1_554' title='bbox 1882 3051 1940 3104; x_wconf 87' lang='lat' dir='ltr'>pos·</span> 
     </span>
     <span class='ocr_line' id='line_1_40' title="bbox 286 3103 1897 3172; baseline 0.002 -18"><span class='ocrx_word' id='word_1_555' title='bbox 286 3103 398 3172; x_wconf 90' lang='lat' dir='ltr'>amplius</span> <span class='ocrx_word' id='word_1_556' title='bbox 421 3117 479 3156; x_wconf 90' lang='lat' dir='ltr'>eam</span> <span class='ocrx_word' id='word_1_557' title='bbox 501 3117 554 3156; x_wconf 90' lang='lat' dir='ltr'>non</span> <span class='ocrx_word' id='word_1_558' title='bbox 576 3103 644 3170; x_wconf 90' lang='lat' dir='ltr'>peti,</span> <span class='ocrx_word' id='word_1_559' title='bbox 669 3103 810 3156; x_wconf 91' lang='lat' dir='ltr'>dicendum</span> <span class='ocrx_word' id='word_1_560' title='bbox 832 3107 873 3158; x_wconf 90' lang='lat' dir='ltr'>est</span> <span class='ocrx_word' id='word_1_561' title='bbox 895 3103 1090 3172; x_wconf 88' lang='lat' dir='ltr'>stipulationem</span> <span class='ocrx_word' id='word_1_562' title='bbox 1139 3105 1247 3166; x_wconf 90' lang='lat' dir='ltr'>tuletur,</span> <span class='ocrx_word' id='word_1_563' title='bbox 1266 3117 1375 3158; x_wconf 87' lang='lat' dir='ltr'>necesse</span> <span class='ocrx_word' id='word_1_564' title='bbox 1394 3103 1474 3166; x_wconf 76' lang='lat' dir='ltr'>ost¹³,</span> <span class='ocrx_word' id='word_1_565' title='bbox 1492 3109 1522 3156; x_wconf 91' lang='lat' dir='ltr'>ut</span> <span class='ocrx_word' id='word_1_566' title='bbox 1538 3103 1590 3158; x_wconf 89' lang='lat' dir='ltr'>iuri</span> <span class='ocrx_word' id='word_1_567' title='bbox 1607 3103 1746 3158; x_wconf 86' lang='lat' dir='ltr'>manifesto</span> <span class='ocrx_word' id='word_1_568' title='bbox 1765 3109 1897 3172; x_wconf 86' lang='lat' dir='ltr'>pareatur.</span> 
     </span>
     <span class='ocr_line' id='line_1_41' title="bbox 285 3169 1942 3244; baseline -0.001 -18"><span class='ocrx_word' id='word_1_569' title='bbox 285 3169 426 3236; x_wconf 88' lang='lat' dir='ltr'>committi,</span> <span class='ocrx_word' id='word_1_570' title='bbox 445 3169 467 3226; x_wconf 91' lang='lat' dir='ltr'>si</span> <span class='ocrx_word' id='word_1_571' title='bbox 485 3171 518 3224; x_wconf 90' lang='lat' dir='ltr'>ab</span> <span class='ocrx_word' id='word_1_572' title='bbox 537 3185 567 3224; x_wconf 93' lang='lat' dir='ltr'>eo</span> <span class='ocrx_word' id='word_1_573' title='bbox 586 3175 705 3240; x_wconf 84' lang='lat' dir='ltr'>petatur,</span> <span class='ocrx_word' id='word_1_574' title='bbox 725 3171 769 3238; x_wconf 91' lang='lat' dir='ltr'>qui</span> <span class='ocrx_word' id='word_1_575' title='bbox 787 3169 910 3226; x_wconf 88' lang='lat' dir='ltr'>eiusdem</span> <span class='ocrx_word' id='word_1_576' title='bbox 923 3169 1089 3240; x_wconf 84' lang='lat' dir='ltr'>obligationis</span> <span class='ocrx_word' id='word_1_577' title='bbox 1158 3169 1213 3228; x_wconf 47' lang='grc' dir='ltr'>Ὶ22</span> <span class='ocrx_word' id='word_1_578' title='bbox 1232 3169 1376 3226; x_wconf 69' lang='lat' dir='ltr'>lucianus</span> <span class='ocrx_word' id='word_1_579' title='bbox 1391 3171 1458 3226; x_wconf 83' lang='lat' dir='ltr'>libro</span> <span class='ocrx_word' id='word_1_580' title='bbox 1477 3173 1716 3242; x_wconf 77' lang='lat' dir='ltr'>quinquopansr&#39;mo</span> <span class='ocrx_word' id='word_1_581' title='bbox 1734 3175 1812 3226; x_wconf 80' lang='lat' dir='ltr'>reato</span> <span class='ocrx_word' id='word_1_582' title='bbox 1831 3171 1942 3244; x_wconf 75' lang='lat' dir='ltr'>clipeato-</span> 
     </span>
     <span class='ocr_line' id='line_1_42' title="bbox 285 3239 1942 3322; baseline 0 -30"><span class='ocrx_word' id='word_1_583' title='bbox 285 3239 372 3294; x_wconf 90' lang='lat' dir='ltr'>socius</span> <span class='ocrx_word' id='word_1_584' title='bbox 390 3245 437 3292; x_wconf 91' lang='grc' dir='ltr'>ιιι.</span> <span class='ocrx_word' id='word_1_585' title='bbox 859 3275 861 3278; x_wconf 93' lang='grc'>-</span> <span class='ocrx_word' id='word_1_586' title='bbox 1073 3279 1074 3284; x_wconf 22' lang='grc' dir='ltr'>ι</span> <span class='ocrx_word' id='word_1_587' title='bbox 1139 3257 1199 3310; x_wconf 86' lang='lat' dir='ltr'>rum</span> <span class='ocrx_word' id='word_1_588' title='bbox 1234 3239 1262 3294; x_wconf 84' lang='lat' dir='ltr'>Si</span> <span class='ocrx_word' id='word_1_589' title='bbox 1280 3239 1335 3292; x_wconf 89' lang='lat' dir='ltr'>sine</span> <span class='ocrx_word' id='word_1_590' title='bbox 1353 3239 1440 3294; x_wconf 87' lang='lat' dir='ltr'>iudice</span> <span class='ocrx_word' id='word_1_591' title='bbox 1457 3255 1511 3294; x_wconf 89' lang='lat' dir='ltr'>nou</span> <span class='ocrx_word' id='word_1_592' title='bbox 1529 3239 1644 3292; x_wconf 88' lang='lat' dir='ltr'>debitam</span> <span class='ocrx_word' id='word_1_593' title='bbox 1667 3239 1807 3322; x_wconf 87' lang='lat' dir='ltr'>pecuniam</span> <span class='ocrx_word' id='word_1_594' title='bbox 1830 3241 1942 3308; x_wconf 80' lang='lat' dir='ltr'>exegerit</span> 
     </span>
    </p>

    <p class='ocr_par' dir='ltr' id='par_1_9' title="bbox 240 3305 1941 3988">
     <span class='ocr_line' id='line_1_43' title="bbox 322 3305 1941 3376; baseline -0.001 -14"><span class='ocrx_word' id='word_1_595' title='bbox 322 3305 357 3364; x_wconf 86' lang='lat'>15</span> <span class='ocrx_word' id='word_1_596' title='bbox 377 3307 453 3360; x_wconf 77' lang='lat' dir='ltr'>Iucu</span> <span class='ocrx_word' id='word_1_597' title='bbox 474 3307 542 3362; x_wconf 79' lang='lat' dir='ltr'>libro</span> <span class='ocrx_word' id='word_1_598' title='bbox 560 3309 657 3376; x_wconf 82' lang='lat' dir='ltr'>quarto</span> <span class='ocrx_word' id='word_1_599' title='bbox 675 3305 777 3360; x_wconf 82' lang='lat' dir='ltr'>decimo</span> <span class='ocrx_word' id='word_1_600' title='bbox 801 3305 838 3360; x_wconf 85' lang='lat' dir='ltr'>od</span> <span class='ocrx_word' id='word_1_601' title='bbox 854 3305 990 3360; x_wconf 85' lang='lat' dir='ltr'>Plautium</span> <span class='ocrx_word' id='word_1_602' title='bbox 1025 3307 1089 3360; x_wconf 90' lang='lat' dir='ltr'>Am·</span> <span class='ocrx_word' id='word_1_603' title='bbox 1139 3311 1298 3376; x_wconf 87' lang='lat' dir='ltr'>procurator</span> <span class='ocrx_word' id='word_1_604' title='bbox 1316 3313 1342 3360; x_wconf 90' lang='lat' dir='ltr'>et</span> <span class='ocrx_word' id='word_1_605' title='bbox 1360 3307 1481 3362; x_wconf 90' lang='lat' dir='ltr'>domiuus</span> <span class='ocrx_word' id='word_1_606' title='bbox 1498 3313 1583 3360; x_wconf 88' lang='lat' dir='ltr'>ratam</span> <span class='ocrx_word' id='word_1_607' title='bbox 1601 3307 1758 3362; x_wconf 87' lang='lat' dir='ltr'>solutronem</span> <span class='ocrx_word' id='word_1_608' title='bbox 1775 3323 1829 3362; x_wconf 92' lang='lat' dir='ltr'>non</span> <span class='ocrx_word' id='word_1_609' title='bbox 1843 3307 1941 3360; x_wconf 90' lang='lat' dir='ltr'>habue-</span> 
     </span>
     <span class='ocr_line' id='line_1_44' title="bbox 284 3373 1941 3444; baseline 0.001 -16"><span class='ocrx_word' id='word_1_610' title='bbox 284 3375 353 3444; x_wconf 92' lang='lat' dir='ltr'>plius</span> <span class='ocrx_word' id='word_1_611' title='bbox 371 3391 425 3428; x_wconf 89' lang='lat' dir='ltr'>non</span> <span class='ocrx_word' id='word_1_612' title='bbox 442 3375 496 3444; x_wconf 89' lang='lat' dir='ltr'>peti</span> <span class='ocrx_word' id='word_1_613' title='bbox 514 3375 623 3430; x_wconf 87' lang='lat' dir='ltr'>verbum</span> <span class='ocrx_word' id='word_1_614' title='bbox 640 3373 731 3428; x_wconf 88' lang='lat' dir='ltr'>Labeo</span> <span class='ocrx_word' id='word_1_615' title='bbox 748 3373 787 3428; x_wconf 91' lang='lat' dir='ltr'>ita</span> <span class='ocrx_word' id='word_1_616' title='bbox 805 3373 960 3442; x_wconf 89' lang='lat' dir='ltr'>accipiebat,</span> <span class='ocrx_word' id='word_1_617' title='bbox 980 3373 1004 3428; x_wconf 92' lang='lat' dir='ltr'>si</span> <span class='ocrx_word' id='word_1_618' title='bbox 1020 3373 1089 3430; x_wconf 91' lang='lat' dir='ltr'>iudi·</span> <span class='ocrx_word' id='word_1_619' title='bbox 1139 3375 1188 3438; x_wconf 88' lang='lat' dir='ltr'>rit,</span> <span class='ocrx_word' id='word_1_620' title='bbox 1212 3375 1259 3430; x_wconf 90' lang='lat' dir='ltr'>sed</span> <span class='ocrx_word' id='word_1_621' title='bbox 1284 3375 1394 3430; x_wconf 88' lang='lat' dir='ltr'>eandem</span> <span class='ocrx_word' id='word_1_622' title='bbox 1418 3375 1557 3444; x_wconf 89' lang='lat' dir='ltr'>pecuniam</span> <span class='ocrx_word' id='word_1_623' title='bbox 1580 3379 1671 3444; x_wconf 89' lang='lat' dir='ltr'>petere</span> <span class='ocrx_word' id='word_1_624' title='bbox 1694 3375 1852 3430; x_wconf 86' lang='lat' dir='ltr'>instituerit:</span> <span class='ocrx_word' id='word_1_625' title='bbox 1880 3375 1941 3430; x_wconf 88' lang='lat' dir='ltr'>lide·</span> 
     </span>
     <span class='ocr_line' id='line_1_45' title="bbox 286 3441 1941 3524; baseline 0 -28"><span class='ocrx_word' id='word_1_626' title='bbox 286 3445 326 3498; x_wconf 89' lang='lat' dir='ltr'>cio</span> <span class='ocrx_word' id='word_1_627' title='bbox 346 3443 457 3512; x_wconf 90' lang='lat' dir='ltr'>petitum</span> <span class='ocrx_word' id='word_1_628' title='bbox 476 3447 553 3498; x_wconf 90' lang='lat' dir='ltr'>esset.</span> <span class='ocrx_word' id='word_1_629' title='bbox 586 3441 609 3496; x_wconf 90' lang='lat' dir='ltr'>si</span> <span class='ocrx_word' id='word_1_630' title='bbox 626 3447 714 3496; x_wconf 87' lang='lat' dir='ltr'>autem</span> <span class='ocrx_word' id='word_1_631' title='bbox 731 3441 759 3496; x_wconf 91' lang='lat' dir='ltr'>in</span> <span class='ocrx_word' id='word_1_632' title='bbox 776 3443 819 3496; x_wconf 92' lang='lat' dir='ltr'>ius</span> <span class='ocrx_word' id='word_1_633' title='bbox 837 3457 896 3496; x_wconf 92' lang='lat' dir='ltr'>eum</span> <span class='ocrx_word' id='word_1_634' title='bbox 913 3443 1047 3498; x_wconf 77' lang='lat' dir='ltr'>vocaverit</span> <span class='ocrx_word' id='word_1_635' title='bbox 1064 3447 1090 3496; x_wconf 89' lang='lat' dir='ltr'>et</span> <span class='ocrx_word' id='word_1_636' title='bbox 1139 3443 1254 3498; x_wconf 89' lang='lat' dir='ltr'>iussores</span> <span class='ocrx_word' id='word_1_637' title='bbox 1272 3447 1398 3496; x_wconf 90' lang='lat' dir='ltr'>tenentur</span> <span class='ocrx_word' id='word_1_638' title='bbox 1415 3449 1442 3498; x_wconf 90' lang='grc' dir='ltr'>ιι</span> <span class='ocrx_word' id='word_1_639' title='bbox 1460 3443 1605 3508; x_wconf 89' lang='grc' dir='ltr'>ιοιιιιιιι,</span> <span class='ocrx_word' id='word_1_640' title='bbox 1625 3457 1678 3514; x_wconf 81' lang='grc' dir='ltr'>ιιι</span> <span class='ocrx_word' id='word_1_641' title='bbox 1695 3449 1854 3524; x_wconf 83' lang='lat' dir='ltr'>procurator</span> <span class='ocrx_word' id='word_1_642' title='bbox 1871 3447 1941 3496; x_wconf 90' lang='lat' dir='ltr'>tene·</span> 
     </span>
     <span class='ocr_line' id='line_1_46' title="bbox 285 3509 1940 3580; baseline -0.001 -14"><span class='ocrx_word' id='word_1_643' title='bbox 285 3511 350 3566; x_wconf 89' lang='lat' dir='ltr'>satis</span> <span class='ocrx_word' id='word_1_644' title='bbox 365 3511 461 3566; x_wconf 90' lang='lat' dir='ltr'>iudicio</span> <span class='ocrx_word' id='word_1_645' title='bbox 478 3511 588 3566; x_wconf 90' lang='lat' dir='ltr'>sistendi</span> <span class='ocrx_word' id='word_1_646' title='bbox 603 3525 684 3564; x_wconf 88' lang='lat' dir='ltr'>causa</span> <span class='ocrx_word' id='word_1_647' title='bbox 699 3509 840 3580; x_wconf 89' lang='lat' dir='ltr'>acceperit,</span> <span class='ocrx_word' id='word_1_648' title='bbox 858 3511 984 3564; x_wconf 90' lang='lat' dir='ltr'>iudicium</span> <span class='ocrx_word' id='word_1_649' title='bbox 1001 3517 1089 3564; x_wconf 89' lang='lat' dir='ltr'>tamen</span> <span class='ocrx_word' id='word_1_650' title='bbox 1139 3517 1219 3578; x_wconf 89' lang='lat' dir='ltr'>retur,</span> <span class='ocrx_word' id='word_1_651' title='bbox 1238 3511 1260 3564; x_wconf 90' lang='grc' dir='ltr'>ιι</span> <span class='ocrx_word' id='word_1_652' title='bbox 1280 3511 1416 3580; x_wconf 89' lang='lat' dir='ltr'>stipulatio</span> <span class='ocrx_word' id='word_1_653' title='bbox 1433 3511 1589 3580; x_wconf 89' lang='lat' dir='ltr'>interposita</span> <span class='ocrx_word' id='word_1_654' title='bbox 1602 3527 1656 3566; x_wconf 89' lang='lat' dir='ltr'>non</span> <span class='ocrx_word' id='word_1_655' title='bbox 1670 3511 1773 3578; x_wconf 84' lang='lat' dir='ltr'>husset,</span> <span class='ocrx_word' id='word_1_656' title='bbox 1790 3511 1940 3580; x_wconf 87' lang='lat' dir='ltr'>peremitur.</span> 
     </span>
     <span class='ocr_line' id='line_1_47' title="bbox 286 3579 1940 3658; baseline 0.001 -26"><span class='ocrx_word' id='word_1_657' title='bbox 286 3583 407 3646; x_wconf 90' lang='lat' dir='ltr'>coeptum</span> <span class='ocrx_word' id='word_1_658' title='bbox 424 3595 477 3634; x_wconf 88' lang='lat' dir='ltr'>uon</span> <span class='ocrx_word' id='word_1_659' title='bbox 495 3579 588 3646; x_wconf 87' lang='lat' dir='ltr'>fuerit,</span> <span class='ocrx_word' id='word_1_660' title='bbox 611 3595 658 3646; x_wconf 93' lang='grc' dir='ltr'>ιιι</span> <span class='ocrx_word' id='word_1_661' title='bbox 677 3583 744 3648; x_wconf 90' lang='lat' dir='ltr'>puto</span> <span class='ocrx_word' id='word_1_662' title='bbox 763 3591 814 3632; x_wconf 89' lang='lat' dir='ltr'>nou</span> <span class='ocrx_word' id='word_1_663' title='bbox 834 3579 960 3632; x_wconf 89' lang='lat' dir='ltr'>committi</span> <span class='ocrx_word' id='word_1_664' title='bbox 978 3579 1089 3646; x_wconf 90' lang='lat' dir='ltr'>stipula·</span> <span class='ocrx_word' id='word_1_665' title='bbox 1140 3579 1261 3648; x_wconf 88' lang='lat' dir='ltr'>quotiens</span> <span class='ocrx_word' id='word_1_666' title='bbox 1281 3581 1349 3634; x_wconf 90' lang='lat' dir='ltr'>enim</span> <span class='ocrx_word' id='word_1_667' title='bbox 1367 3579 1535 3658; x_wconf 87' lang='lat' dir='ltr'>procuratori</span> <span class='ocrx_word' id='word_1_668' title='bbox 1552 3579 1665 3648; x_wconf 90' lang='lat' dir='ltr'>pecunia</span> <span class='ocrx_word' id='word_1_669' title='bbox 1682 3579 1792 3634; x_wconf 77' lang='lat' dir='ltr'>soluitur</span> <span class='ocrx_word' id='word_1_670' title='bbox 1815 3585 1842 3634; x_wconf 91' lang='lat' dir='ltr'>et</span> <span class='ocrx_word' id='word_1_671' title='bbox 1861 3579 1940 3634; x_wconf 88' lang='lat' dir='ltr'>domi-</span> 
     </span>
     <span class='ocr_line' id='line_1_48' title="bbox 286 3645 1941 3730; baseline 0.001 -32"><span class='ocrx_word' id='word_1_672' title='bbox 286 3647 384 3700; x_wconf 87' lang='lat' dir='ltr'>tiouem</span> <span class='ocrx_word' id='word_1_673' title='bbox 402 3647 514 3726; x_wconf 81' lang='lat' dir='ltr'>amplius</span> <span class='ocrx_word' id='word_1_674' title='bbox 538 3663 591 3700; x_wconf 91' lang='lat' dir='ltr'>non</span> <span class='ocrx_word' id='word_1_675' title='bbox 611 3647 679 3714; x_wconf 86' lang='lat' dir='ltr'>peti:</span> <span class='ocrx_word' id='word_1_676' title='bbox 704 3645 747 3700; x_wconf 91' lang='lat' dir='ltr'>hic</span> <span class='ocrx_word' id='word_1_677' title='bbox 773 3647 842 3700; x_wconf 91' lang='lat' dir='ltr'>enim</span> <span class='ocrx_word' id='word_1_678' title='bbox 864 3661 918 3726; x_wconf 82' lang='grc' dir='ltr'>ιιι</span> <span class='ocrx_word' id='word_1_679' title='bbox 940 3649 1019 3728; x_wconf 81' lang='lat' dir='ltr'>petit,</span> <span class='ocrx_word' id='word_1_680' title='bbox 1043 3647 1089 3728; x_wconf 81' lang='grc' dir='ltr'>ιιι</span> <span class='ocrx_word' id='word_1_681' title='bbox 1139 3663 1190 3728; x_wconf 82' lang='lat' dir='ltr'>nus</span> <span class='ocrx_word' id='word_1_682' title='bbox 1214 3661 1271 3702; x_wconf 89' lang='lat' dir='ltr'>eam</span> <span class='ocrx_word' id='word_1_683' title='bbox 1295 3649 1453 3730; x_wconf 63' lang='lat' dir='ltr'>solutionem</span> <span class='ocrx_word' id='word_1_684' title='bbox 1476 3653 1561 3700; x_wconf 89' lang='lat' dir='ltr'>ratam</span> <span class='ocrx_word' id='word_1_685' title='bbox 1585 3663 1638 3702; x_wconf 91' lang='lat' dir='ltr'>non</span> <span class='ocrx_word' id='word_1_686' title='bbox 1661 3649 1755 3730; x_wconf 74' lang='lat' dir='ltr'>habet,</span> <span class='ocrx_word' id='word_1_687' title='bbox 1779 3645 1941 3730; x_wconf 35' lang='lat' dir='ltr'>eaistimo&#39;id</span> 
     </span>
     <span class='ocr_line' id='line_1_49' title="bbox 284 3715 1941 3852; baseline 0.001 -18"><span class='ocrx_word' id='word_1_688' title='bbox 284 3715 593 3846; x_wconf 61' lang='lat' dir='ltr'>rttttlltatlltl</span> <span class='ocrx_word' id='word_1_689' title='bbox 609 3715 1089 3850; x_wconf 59' lang='lat' dir='ltr'>titt.ttl.tl¹²tlc¹tt.tt</span> <span class='ocrx_word' id='word_1_690' title='bbox 1140 3715 1941 3852; x_wconf 52' lang='lat' dir='ltr'>tatoli.tlttltrttttttttttttttrsithri</span> 
     </span>
     <span class='ocr_line' id='line_1_50' title="bbox 285 3847 1940 3920; baseline 0 -16"><span class='ocrx_word' id='word_1_691' title='bbox 285 3865 376 3904; x_wconf 89' lang='lat' dir='ltr'>versas</span> <span class='ocrx_word' id='word_1_692' title='bbox 403 3855 537 3918; x_wconf 87' lang='lat' dir='ltr'>petentem</span> <span class='ocrx_word' id='word_1_693' title='bbox 565 3849 780 3918; x_wconf 89' lang='lat' dir='ltr'>compensatione</span> <span class='ocrx_word' id='word_1_694' title='bbox 808 3847 996 3904; x_wconf 88' lang='lat' dir='ltr'>deductioneve</span> <span class='ocrx_word' id='word_1_695' title='bbox 1024 3865 1089 3904; x_wconf 91' lang='lat' dir='ltr'>usus</span> <span class='ocrx_word' id='word_1_696' title='bbox 1140 3853 1281 3918; x_wconf 88' lang='lat' dir='ltr'>competat.</span> <span class='ocrx_word' id='word_1_697' title='bbox 1323 3851 1376 3904; x_wconf 91' lang='lat' dir='ltr'>hoc</span> <span class='ocrx_word' id='word_1_698' title='bbox 1399 3865 1441 3904; x_wconf 88' lang='lat' dir='ltr'>am</span> <span class='ocrx_word' id='word_1_699' title='bbox 1460 3851 1511 3904; x_wconf 90' lang='lat' dir='ltr'>lius</span> <span class='ocrx_word' id='word_1_700' title='bbox 1535 3857 1673 3920; x_wconf 89' lang='lat' dir='ltr'>praestant</span> <span class='ocrx_word' id='word_1_701' title='bbox 1702 3849 1869 3906; x_wconf 90' lang='lat' dir='ltr'>fideiussores</span> <span class='ocrx_word' id='word_1_702' title='bbox 1895 3851 1940 3904; x_wconf 90' lang='lat' dir='ltr'>im·</span> 
     </span>
     <span class='ocr_line' id='line_1_51' title="bbox 240 3915 1941 3988; baseline -0.001 -16"><span class='ocrx_word' id='word_1_703' title='bbox 240 3931 245 3944; x_wconf 77' lang='lat'><strong><em>‘</em></strong></span> <span class='ocrx_word' id='word_1_704' title='bbox 287 3919 333 3982; x_wconf 91' lang='lat' dir='ltr'>sit,</span> <span class='ocrx_word' id='word_1_705' title='bbox 356 3923 429 3972; x_wconf 89' lang='lat' dir='ltr'>recte</span> <span class='ocrx_word' id='word_1_706' title='bbox 451 3919 549 3972; x_wconf 89' lang='lat' dir='ltr'>dictum</span> <span class='ocrx_word' id='word_1_707' title='bbox 572 3923 612 3972; x_wconf 91' lang='lat' dir='ltr'>est</span> <span class='ocrx_word' id='word_1_708' title='bbox 633 3917 732 3986; x_wconf 88' lang='lat' dir='ltr'>petisse</span> <span class='ocrx_word' id='word_1_709' title='bbox 754 3931 813 3970; x_wconf 92' lang='lat' dir='ltr'>eum</span> <span class='ocrx_word' id='word_1_710' title='bbox 836 3915 961 3972; x_wconf 78' lang='lat' dir='ltr'>viderint</span> <span class='ocrx_word' id='word_1_711' title='bbox 978 3917 1089 3986; x_wconf 88' lang='lat' dir='ltr'>stipula·</span> <span class='ocrx_word' id='word_1_712' title='bbox 1158 3931 1250 3978; x_wconf 83' lang='lat' dir='ltr'>cusas,</span> <span class='ocrx_word' id='word_1_713' title='bbox 1274 3933 1341 3986; x_wconf 86' lang='lat' dir='ltr'>qnae</span> <span class='ocrx_word' id='word_1_714' title='bbox 1364 3919 1392 3970; x_wconf 90' lang='lat' dir='ltr'>in</span> <span class='ocrx_word' id='word_1_715' title='bbox 1415 3919 1441 3970; x_wconf 91' lang='lat' dir='ltr'>in</span> <span class='ocrx_word' id='word_1_716' title='bbox 1463 3919 1541 3972; x_wconf 90' lang='lat' dir='ltr'>&#39;cium</span> <span class='ocrx_word' id='word_1_717' title='bbox 1565 3919 1653 3972; x_wconf 89' lang='lat' dir='ltr'>factae</span> <span class='ocrx_word' id='word_1_718' title='bbox 1676 3917 1796 3972; x_wconf 89' lang='lat' dir='ltr'>fuissent.</span> <span class='ocrx_word' id='word_1_719' title='bbox 1832 3917 1941 3988; x_wconf 88' lang='lat' dir='ltr'>quodsi</span> 
     </span>
    </p>

    <p class='ocr_par' dir='ltr' id='par_1_10' title="bbox 287 3935 1941 4190">
     <span class='ocr_line' id='line_1_52' title="bbox 287 3935 1941 4066; baseline 0.001 -28"><span class='ocrx_word' id='word_1_720' title='bbox 287 3987 383 4040; x_wconf 91' lang='lat' dir='ltr'>tionem</span> <span class='ocrx_word' id='word_1_721' title='bbox 408 3987 534 4040; x_wconf 90' lang='lat' dir='ltr'>committi</span> <span class='ocrx_word' id='word_1_722' title='bbox 557 3985 668 4054; x_wconf 91' lang='lat' dir='ltr'>amplius</span> <span class='ocrx_word' id='word_1_723' title='bbox 690 4001 744 4040; x_wconf 90' lang='lat' dir='ltr'>non</span> <span class='ocrx_word' id='word_1_724' title='bbox 767 3985 830 4054; x_wconf 91' lang='lat' dir='ltr'>peti.</span> <span class='ocrx_word' id='word_1_725' title='bbox 870 3999 932 4038; x_wconf 88' lang='lat' dir='ltr'>nam</span> <span class='ocrx_word' id='word_1_726' title='bbox 956 3991 981 4040; x_wconf 88' lang='lat' dir='ltr'>et</span> <span class='ocrx_word' id='word_1_727' title='bbox 1004 3985 1089 4054; x_wconf 89' lang='lat' dir='ltr'>heres,</span> <span class='ocrx_word' id='word_1_728' title='bbox 1139 3935 1262 4040; x_wconf 65' lang='lat' dir='ltr'>dominus</span> <span class='ocrx_word' id='word_1_729' title='bbox 1284 3991 1371 4040; x_wconf 88' lang='lat' dir='ltr'>ratam</span> <span class='ocrx_word' id='word_1_730' title='bbox 1394 3985 1542 4048; x_wconf 88' lang='lat' dir='ltr'>habuisset,</span> <span class='ocrx_word' id='word_1_731' title='bbox 1565 3985 1733 4042; x_wconf 90' lang='lat' dir='ltr'>fideiussores</span> <span class='ocrx_word' id='word_1_732' title='bbox 1758 3985 1862 4066; x_wconf 86' lang='lat' dir='ltr'>quidem</span> <span class='ocrx_word' id='word_1_733' title='bbox 1878 3985 1941 4040; x_wconf 91' lang='lat' dir='ltr'>libe·</span> 
     </span>
     <span class='ocr_line' id='line_1_53' title="bbox 287 4051 1941 4126; baseline -0.001 -18"><span class='ocrx_word' id='word_1_734' title='bbox 287 4053 331 4124; x_wconf 88' lang='lat' dir='ltr'>qui</span> <span class='ocrx_word' id='word_1_735' title='bbox 357 4055 495 4108; x_wconf 88' lang='lat' dir='ltr'>damnatus</span> <span class='ocrx_word' id='word_1_736' title='bbox 508 4071 561 4108; x_wconf 91' lang='lat' dir='ltr'>nou</span> <span class='ocrx_word' id='word_1_737' title='bbox 578 4059 682 4122; x_wconf 88' lang='lat' dir='ltr'>petere,</span> <span class='ocrx_word' id='word_1_738' title='bbox 707 4055 748 4108; x_wconf 75' lang='grc' dir='ltr'>ιι8</span> <span class='ocrx_word' id='word_1_739' title='bbox 769 4055 864 4108; x_wconf 90' lang='lat' dir='ltr'>horum</span> <span class='ocrx_word' id='word_1_740' title='bbox 888 4051 1026 4126; x_wconf 82' lang='lat' dir='ltr'>quicquam</span> <span class='ocrx_word' id='word_1_741' title='bbox 1052 4053 1089 4108; x_wconf 85' lang='lat' dir='ltr'>fe·</span> <span class='ocrx_word' id='word_1_742' title='bbox 1139 4059 1241 4118; x_wconf 88' lang='lat' dir='ltr'>rantur,</span> <span class='ocrx_word' id='word_1_743' title='bbox 1259 4051 1305 4108; x_wconf 90' lang='lat' dir='ltr'>sed</span> <span class='ocrx_word' id='word_1_744' title='bbox 1320 4053 1357 4124; x_wconf 89' lang='lat' dir='ltr'>ab</span> <span class='ocrx_word' id='word_1_745' title='bbox 1375 4053 1433 4120; x_wconf 87' lang='lat' dir='ltr'>ipso</span> <span class='ocrx_word' id='word_1_746' title='bbox 1452 4051 1557 4108; x_wconf 89' lang='lat' dir='ltr'>domino</span> <span class='ocrx_word' id='word_1_747' title='bbox 1577 4053 1667 4108; x_wconf 89' lang='lat' dir='ltr'>eadem</span> <span class='ocrx_word' id='word_1_748' title='bbox 1684 4069 1798 4122; x_wconf 82' lang='lat' dir='ltr'>petuma</span> <span class='ocrx_word' id='word_1_749' title='bbox 1814 4069 1863 4120; x_wconf 90' lang='lat' dir='ltr'>per</span> <span class='ocrx_word' id='word_1_750' title='bbox 1880 4069 1941 4108; x_wconf 90' lang='lat' dir='ltr'>oon·</span> 
     </span>
     <span class='ocr_line' id='line_1_54' title="bbox 287 4119 1940 4190; baseline -0.001 -14"><span class='ocrx_word' id='word_1_751' title='bbox 287 4123 374 4186; x_wconf 86' lang='lat' dir='ltr'>cisset,</span> <span class='ocrx_word' id='word_1_752' title='bbox 392 4137 425 4176; x_wconf 83' lang='lat' dir='ltr'>ex</span> <span class='ocrx_word' id='word_1_753' title='bbox 441 4127 598 4176; x_wconf 88' lang='lat' dir='ltr'>testamento</span> <span class='ocrx_word' id='word_1_754' title='bbox 616 4125 729 4174; x_wconf 89' lang='lat' dir='ltr'>tenetur.</span> <span class='ocrx_word' id='word_1_755' title='bbox 1142 4125 1153 4174; x_wconf 89' lang='lat' dir='ltr'>l</span> <span class='ocrx_word' id='word_1_756' title='bbox 1190 4121 1329 4174; x_wconf 90' lang='lat' dir='ltr'>dictionem</span> <span class='ocrx_word' id='word_1_757' title='bbox 1353 4121 1409 4190; x_wconf 91' lang='lat' dir='ltr'>peti</span> <span class='ocrx_word' id='word_1_758' title='bbox 1429 4123 1525 4189; x_wconf 91' lang='lat' dir='ltr'>potest.</span> <span class='ocrx_word' id='word_1_759' title='bbox 1560 4119 1637 4188; x_wconf 77' lang='lat' dir='ltr'>Quod</span> <span class='ocrx_word' id='word_1_760' title='bbox 1654 4121 1676 4174; x_wconf 91' lang='lat' dir='ltr'>si</span> <span class='ocrx_word' id='word_1_761' title='bbox 1694 4127 1852 4190; x_wconf 87' lang='lat' dir='ltr'>procurator</span> <span class='ocrx_word' id='word_1_762' title='bbox 1869 4121 1940 4176; x_wconf 92' lang='lat' dir='ltr'>dehi-</span> 
     </span>
    </p>

    <p class='ocr_par' dir='ltr' id='par_1_11' title="bbox 286 4185 1941 4326">
     <span class='ocr_line' id='line_1_55' title="bbox 322 4185 1941 4256; baseline -0.002 -12"><span class='ocrx_word' id='word_1_763' title='bbox 322 4185 359 4246; x_wconf 86' lang='grc'>16</span> <span class='ocrx_word' id='word_1_764' title='bbox 377 4189 546 4244; x_wconf 70' lang='lat' dir='ltr'>Pomponius</span> <span class='ocrx_word' id='word_1_765' title='bbox 569 4189 636 4244; x_wconf 83' lang='lat' dir='ltr'>libro</span> <span class='ocrx_word' id='word_1_766' title='bbox 659 4189 736 4248; x_wconf 82' lang='lat' dir='ltr'>tertio</span> <span class='ocrx_word' id='word_1_767' title='bbox 760 4205 797 4242; x_wconf 77' lang='lat' dir='ltr'>erc</span> <span class='ocrx_word' id='word_1_768' title='bbox 819 4187 926 4242; x_wconf 81' lang='lat' dir='ltr'>Plautio</span> <span class='ocrx_word' id='word_1_769' title='bbox 965 4187 993 4242; x_wconf 86' lang='lat' dir='ltr'>Si</span> <span class='ocrx_word' id='word_1_770' title='bbox 1015 4189 1089 4242; x_wconf 88' lang='lat' dir='ltr'>inde·</span> <span class='ocrx_word' id='word_1_771' title='bbox 1139 4191 1194 4242; x_wconf 89' lang='lat' dir='ltr'>tam</span> <span class='ocrx_word' id='word_1_772' title='bbox 1221 4189 1326 4242; x_wconf 88' lang='lat' dir='ltr'>domino</span> <span class='ocrx_word' id='word_1_773' title='bbox 1354 4189 1493 4256; x_wconf 89' lang='lat' dir='ltr'>pecuniam</span> <span class='ocrx_word' id='word_1_774' title='bbox 1519 4187 1575 4242; x_wconf 89' lang='lat' dir='ltr'>sine</span> <span class='ocrx_word' id='word_1_775' title='bbox 1597 4187 1684 4242; x_wconf 89' lang='lat' dir='ltr'>iudice</span> <span class='ocrx_word' id='word_1_776' title='bbox 1706 4189 1848 4256; x_wconf 86' lang='lat' dir='ltr'>exegisset,</span> <span class='ocrx_word' id='word_1_777' title='bbox 1875 4189 1941 4242; x_wconf 89' lang='lat' dir='ltr'>idem</span> 
     </span>
     <span class='ocr_line' id='line_1_56' title="bbox 286 4255 1941 4326; baseline -0.001 -16"><span class='ocrx_word' id='word_1_778' title='bbox 286 4255 367 4310; x_wconf 89' lang='lat' dir='ltr'>bitum</span> <span class='ocrx_word' id='word_1_779' title='bbox 385 4257 553 4326; x_wconf 87' lang='lat' dir='ltr'>procuratori</span> <span class='ocrx_word' id='word_1_780' title='bbox 570 4257 685 4310; x_wconf 88' lang='lat' dir='ltr'>solutum</span> <span class='ocrx_word' id='word_1_781' title='bbox 703 4255 745 4320; x_wconf 89' lang='lat' dir='ltr'>sit,</span> <span class='ocrx_word' id='word_1_782' title='bbox 765 4255 807 4324; x_wconf 90' lang='lat' dir='ltr'>agi</span> <span class='ocrx_word' id='word_1_783' title='bbox 825 4255 913 4308; x_wconf 89' lang='lat' dir='ltr'>statim</span> <span class='ocrx_word' id='word_1_784' title='bbox 929 4271 962 4310; x_wconf 84' lang='lat' dir='ltr'>ex</span> <span class='ocrx_word' id='word_1_785' title='bbox 976 4255 1027 4310; x_wconf 90' lang='lat' dir='ltr'>hac</span> <span class='ocrx_word' id='word_1_786' title='bbox 1043 4255 1089 4310; x_wconf 89' lang='lat' dir='ltr'>sti·</span> <span class='ocrx_word' id='word_1_787' title='bbox 1139 4255 1203 4310; x_wconf 89' lang='lat' dir='ltr'>iuris</span> <span class='ocrx_word' id='word_1_788' title='bbox 1227 4261 1281 4322; x_wconf 90' lang='lat' dir='ltr'>est,</span> <span class='ocrx_word' id='word_1_789' title='bbox 1304 4255 1356 4310; x_wconf 91' lang='lat' dir='ltr'>hoo</span> <span class='ocrx_word' id='word_1_790' title='bbox 1379 4273 1470 4320; x_wconf 89' lang='lat' dir='ltr'>secus,</span> <span class='ocrx_word' id='word_1_791' title='bbox 1495 4255 1578 4324; x_wconf 92' lang='lat' dir='ltr'>quod,</span> <span class='ocrx_word' id='word_1_792' title='bbox 1601 4255 1623 4308; x_wconf 92' lang='lat' dir='ltr'>si</span> <span class='ocrx_word' id='word_1_793' title='bbox 1645 4255 1766 4310; x_wconf 91' lang='lat' dir='ltr'>dominus</span> <span class='ocrx_word' id='word_1_794' title='bbox 1786 4261 1871 4310; x_wconf 90' lang='lat' dir='ltr'>ratam</span> <span class='ocrx_word' id='word_1_795' title='bbox 1888 4271 1941 4310; x_wconf 89' lang='lat' dir='ltr'>rem</span> 
     </span>
    </p>

    <p class='ocr_par' dir='ltr' id='par_1_12' title="bbox 286 4321 1941 4930">
     <span class='ocr_line' id='line_1_57' title="bbox 305 4321 1940 4392; baseline -0.001 -14"><span class='ocrx_word' id='word_1_796' title='bbox 305 4323 420 4378; x_wconf 90' lang='lat' dir='ltr'>ulatione</span> <span class='ocrx_word' id='word_1_797' title='bbox 446 4323 570 4378; x_wconf 82' lang='lat' dir='ltr'>adversus</span> <span class='ocrx_word' id='word_1_798' title='bbox 594 4329 795 4392; x_wconf 88' lang='lat' dir='ltr'>procuratorem</span> <span class='ocrx_word' id='word_1_799' title='bbox 817 4327 918 4392; x_wconf 89' lang='lat' dir='ltr'>potest,</span> <span class='ocrx_word' id='word_1_800' title='bbox 946 4327 976 4378; x_wconf 90' lang='lat' dir='ltr'>ut</span> <span class='ocrx_word' id='word_1_801' title='bbox 1002 4325 1089 4378; x_wconf 86' lang='lat' dir='ltr'>ratum</span> <span class='ocrx_word' id='word_1_802' title='bbox 1139 4323 1289 4386; x_wconf 89' lang='lat' dir='ltr'>habuisset,</span> <span class='ocrx_word' id='word_1_803' title='bbox 1313 4323 1386 4378; x_wconf 86' lang='lat' dir='ltr'>nulla</span> <span class='ocrx_word' id='word_1_804' title='bbox 1408 4325 1464 4378; x_wconf 90' lang='lat' dir='ltr'>eius</span> <span class='ocrx_word' id='word_1_805' title='bbox 1485 4323 1614 4392; x_wconf 88' lang='lat' dir='ltr'>pecuniae</span> <span class='ocrx_word' id='word_1_806' title='bbox 1635 4323 1757 4390; x_wconf 84' lang='lat' dir='ltr'>repetitio</span> <span class='ocrx_word' id='word_1_807' title='bbox 1781 4321 1873 4376; x_wconf 89' lang='lat' dir='ltr'>futura</span> <span class='ocrx_word' id='word_1_808' title='bbox 1893 4327 1940 4378; x_wconf 87' lang='lat' dir='ltr'>est.</span> 
     </span>
     <span class='ocr_line' id='line_1_58' title="bbox 286 4341 1940 4460; baseline 0 -16"><span class='ocrx_word' id='word_1_809' title='bbox 286 4341 384 4446; x_wconf 68' lang='lat' dir='ltr'>babeat</span> <span class='ocrx_word' id='word_1_810' title='bbox 401 4391 535 4456; x_wconf 88' lang='lat' dir='ltr'>domiuus,</span> <span class='ocrx_word' id='word_1_811' title='bbox 555 4395 586 4444; x_wconf 90' lang='lat' dir='ltr'>ut</span> <span class='ocrx_word' id='word_1_812' title='bbox 602 4391 686 4460; x_wconf 88' lang='lat' dir='ltr'>possit</span> <span class='ocrx_word' id='word_1_813' title='bbox 703 4391 819 4456; x_wconf 89' lang='lat' dir='ltr'>dinosci,</span> <span class='ocrx_word' id='word_1_814' title='bbox 842 4397 965 4444; x_wconf 90' lang='lat' dir='ltr'>utrumne</span> <span class='ocrx_word' id='word_1_815' title='bbox 983 4391 1089 4446; x_wconf 89' lang='lat' dir='ltr'>domino</span> <span class='ocrx_word' id='word_1_816' title='bbox 1139 4395 1153 4444; x_wconf 82' lang='lat'>2</span> <span class='ocrx_word' id='word_1_817' title='bbox 1190 4391 1267 4458; x_wconf 80' lang='lat' dir='ltr'>Quod</span> <span class='ocrx_word' id='word_1_818' title='bbox 1285 4391 1308 4444; x_wconf 91' lang='lat' dir='ltr'>si</span> <span class='ocrx_word' id='word_1_819' title='bbox 1324 4395 1482 4458; x_wconf 88' lang='lat' dir='ltr'>procurator</span> <span class='ocrx_word' id='word_1_820' title='bbox 1499 4405 1546 4458; x_wconf 88' lang='lat' dir='ltr'>per</span> <span class='ocrx_word' id='word_1_821' title='bbox 1562 4391 1677 4444; x_wconf 89' lang='lat' dir='ltr'>iudicem</span> <span class='ocrx_word' id='word_1_822' title='bbox 1694 4405 1746 4444; x_wconf 89' lang='lat' dir='ltr'>non</span> <span class='ocrx_word' id='word_1_823' title='bbox 1765 4391 1880 4444; x_wconf 85' lang='lat' dir='ltr'>debitam</span> <span class='ocrx_word' id='word_1_824' title='bbox 1896 4405 1940 4460; x_wconf 89' lang='lat' dir='ltr'>pe·</span> 
     </span>
     <span class='ocr_line' id='line_1_59' title="bbox 287 4457 1941 4526; baseline -0.001 -14"><span class='ocrx_word' id='word_1_825' title='bbox 287 4459 389 4514; x_wconf 91' lang='lat' dir='ltr'>condici</span> <span class='ocrx_word' id='word_1_826' title='bbox 407 4459 502 4512; x_wconf 89' lang='lat' dir='ltr'>dehest</span> <span class='ocrx_word' id='word_1_827' title='bbox 519 4457 546 4512; x_wconf 88' lang='lat' dir='ltr'>id</span> <span class='ocrx_word' id='word_1_828' title='bbox 563 4459 634 4526; x_wconf 86' lang='lat' dir='ltr'>quod</span> <span class='ocrx_word' id='word_1_829' title='bbox 650 4459 796 4514; x_wconf 91' lang='lat' dir='ltr'>indebitum</span> <span class='ocrx_word' id='word_1_830' title='bbox 816 4459 932 4514; x_wconf 91' lang='lat' dir='ltr'>solutum</span> <span class='ocrx_word' id='word_1_831' title='bbox 944 4459 996 4526; x_wconf 90' lang='lat' dir='ltr'>sit,</span> <span class='ocrx_word' id='word_1_832' title='bbox 1021 4459 1044 4514; x_wconf 91' lang='lat' dir='ltr'>si</span> <span class='ocrx_word' id='word_1_833' title='bbox 1066 4459 1089 4514; x_wconf 90' lang='lat' dir='ltr'>is</span> <span class='ocrx_word' id='word_1_834' title='bbox 1140 4459 1244 4512; x_wconf 90' lang='lat' dir='ltr'>cuniam</span> <span class='ocrx_word' id='word_1_835' title='bbox 1262 4459 1430 4526; x_wconf 68' lang='lat' dir='ltr'>exegisset¹t</span> <span class='ocrx_word' id='word_1_836' title='bbox 1449 4457 1502 4512; x_wconf 82' lang='lat' dir='ltr'>&#39;dici</span> <span class='ocrx_word' id='word_1_837' title='bbox 1518 4463 1620 4526; x_wconf 90' lang='lat' dir='ltr'>potest,</span> <span class='ocrx_word' id='word_1_838' title='bbox 1645 4459 1700 4512; x_wconf 88' lang='lat' dir='ltr'>sire</span> <span class='ocrx_word' id='word_1_839' title='bbox 1716 4461 1804 4510; x_wconf 87' lang='lat' dir='ltr'>ratum</span> <span class='ocrx_word' id='word_1_840' title='bbox 1823 4459 1941 4510; x_wconf 88' lang='lat' dir='ltr'>dominus</span> 
     </span>
     <span class='ocr_line' id='line_1_60' title="bbox 287 4525 1939 4594; baseline -0.001 -15"><span class='ocrx_word' id='word_1_841' title='bbox 287 4531 374 4580; x_wconf 87' lang='lat' dir='ltr'>ratum</span> <span class='ocrx_word' id='word_1_842' title='bbox 390 4527 501 4590; x_wconf 89' lang='lat' dir='ltr'>habeat,</span> <span class='ocrx_word' id='word_1_843' title='bbox 523 4543 558 4580; x_wconf 91' lang='lat' dir='ltr'>au</span> <span class='ocrx_word' id='word_1_844' title='bbox 573 4541 634 4580; x_wconf 87' lang='lat' dir='ltr'>vero</span> <span class='ocrx_word' id='word_1_845' title='bbox 652 4527 821 4594; x_wconf 88' lang='lat' dir='ltr'>procuratori</span> <span class='ocrx_word' id='word_1_846' title='bbox 839 4525 1029 4582; x_wconf 86' lang='lat' dir='ltr'>condicendam</span> <span class='ocrx_word' id='word_1_847' title='bbox 1047 4527 1088 4590; x_wconf 91' lang='lat' dir='ltr'>sit,</span> <span class='ocrx_word' id='word_1_848' title='bbox 1139 4525 1276 4580; x_wconf 86' lang='lat' dir='ltr'>habuisset</span> <span class='ocrx_word' id='word_1_849' title='bbox 1295 4527 1348 4580; x_wconf 87' lang='lat' dir='ltr'>sire</span> <span class='ocrx_word' id='word_1_850' title='bbox 1366 4541 1420 4578; x_wconf 88' lang='lat' dir='ltr'>nou</span> <span class='ocrx_word' id='word_1_851' title='bbox 1436 4525 1583 4588; x_wconf 90' lang='lat' dir='ltr'>habuisset,</span> <span class='ocrx_word' id='word_1_852' title='bbox 1600 4525 1769 4580; x_wconf 87' lang='lat' dir='ltr'>fideiussores</span> <span class='ocrx_word' id='word_1_853' title='bbox 1783 4539 1836 4578; x_wconf 90' lang='lat' dir='ltr'>uon</span> <span class='ocrx_word' id='word_1_854' title='bbox 1850 4525 1939 4586; x_wconf 86' lang='lat' dir='ltr'>teneri,</span> 
     </span>
     <span class='ocr_line' id='line_1_61' title="bbox 290 4591 1940 4660; baseline -0.001 -14"><span class='ocrx_word' id='word_1_855' title='bbox 290 4599 299 4646; x_wconf 94' lang='lat'>1</span> <span class='ocrx_word' id='word_1_856' title='bbox 337 4595 360 4648; x_wconf 90' lang='lat' dir='ltr'>si</span> <span class='ocrx_word' id='word_1_857' title='bbox 377 4595 498 4648; x_wconf 89' lang='lat' dir='ltr'>dominus</span> <span class='ocrx_word' id='word_1_858' title='bbox 512 4599 599 4648; x_wconf 90' lang='lat' dir='ltr'>ratum</span> <span class='ocrx_word' id='word_1_859' title='bbox 614 4609 668 4648; x_wconf 90' lang='lat' dir='ltr'>non</span> <span class='ocrx_word' id='word_1_860' title='bbox 682 4593 788 4648; x_wconf 90' lang='lat' dir='ltr'>habeat.</span> <span class='ocrx_word' id='word_1_861' title='bbox 816 4593 844 4648; x_wconf 86' lang='lat' dir='ltr'>Si</span> <span class='ocrx_word' id='word_1_862' title='bbox 857 4597 1013 4660; x_wconf 87' lang='lat' dir='ltr'>procurator</span> <span class='ocrx_word' id='word_1_863' title='bbox 1027 4593 1089 4648; x_wconf 88' lang='lat' dir='ltr'>fun·</span> <span class='ocrx_word' id='word_1_864' title='bbox 1139 4593 1179 4648; x_wconf 86' lang='lat' dir='ltr'>vel</span> <span class='ocrx_word' id='word_1_865' title='bbox 1196 4593 1258 4660; x_wconf 88' lang='lat' dir='ltr'>quia</span> <span class='ocrx_word' id='word_1_866' title='bbox 1275 4593 1350 4646; x_wconf 90' lang='lat' dir='ltr'>nulla</span> <span class='ocrx_word' id='word_1_867' title='bbox 1364 4607 1406 4648; x_wconf 89' lang='lat' dir='ltr'>res</span> <span class='ocrx_word' id='word_1_868' title='bbox 1421 4597 1498 4658; x_wconf 89' lang='lat' dir='ltr'>esset,</span> <span class='ocrx_word' id='word_1_869' title='bbox 1517 4607 1596 4660; x_wconf 88' lang='lat' dir='ltr'>quam</span> <span class='ocrx_word' id='word_1_870' title='bbox 1611 4591 1730 4646; x_wconf 87' lang='lat' dir='ltr'>dominus</span> <span class='ocrx_word' id='word_1_871' title='bbox 1744 4597 1829 4646; x_wconf 90' lang='lat' dir='ltr'>ratam</span> <span class='ocrx_word' id='word_1_872' title='bbox 1844 4591 1940 4646; x_wconf 88' lang='lat' dir='ltr'>habere</span> 
     </span>
     <span class='ocr_line' id='line_1_62' title="bbox 287 4659 1939 4730; baseline -0.002 -16"><span class='ocrx_word' id='word_1_873' title='bbox 287 4661 349 4714; x_wconf 91' lang='lat' dir='ltr'>dum</span> <span class='ocrx_word' id='word_1_874' title='bbox 366 4663 474 4730; x_wconf 90' lang='lat' dir='ltr'>petisset</span> <span class='ocrx_word' id='word_1_875' title='bbox 491 4667 519 4714; x_wconf 89' lang='grc' dir='ltr'>ιι</span> <span class='ocrx_word' id='word_1_876' title='bbox 536 4661 658 4724; x_wconf 81' lang='lat' dir='ltr'>cavisset,</span> <span class='ocrx_word' id='word_1_877' title='bbox 676 4661 717 4714; x_wconf 92' lang='lat' dir='ltr'>uti</span> <span class='ocrx_word' id='word_1_878' title='bbox 733 4661 849 4726; x_wconf 87' lang='lat' dir='ltr'>adsolet,</span> <span class='ocrx_word' id='word_1_879' title='bbox 867 4667 952 4714; x_wconf 87' lang='lat' dir='ltr'>ratam</span> <span class='ocrx_word' id='word_1_880' title='bbox 969 4675 1023 4714; x_wconf 90' lang='lat' dir='ltr'>rem</span> <span class='ocrx_word' id='word_1_881' title='bbox 1042 4661 1089 4714; x_wconf 88' lang='lat' dir='ltr'>do·</span> <span class='ocrx_word' id='word_1_882' title='bbox 1138 4661 1237 4726; x_wconf 90' lang='lat' dir='ltr'>possit,</span> <span class='ocrx_word' id='word_1_883' title='bbox 1262 4659 1305 4714; x_wconf 84' lang='lat' dir='ltr'>rel</span> <span class='ocrx_word' id='word_1_884' title='bbox 1333 4661 1395 4726; x_wconf 88' lang='lat' dir='ltr'>quia</span> <span class='ocrx_word' id='word_1_885' title='bbox 1422 4659 1487 4712; x_wconf 91' lang='lat' dir='ltr'>nihil</span> <span class='ocrx_word' id='word_1_886' title='bbox 1510 4659 1671 4726; x_wconf 83' lang='lat' dir='ltr'>stipulatoris</span> <span class='ocrx_word' id='word_1_887' title='bbox 1693 4659 1832 4714; x_wconf 87' lang='lat' dir='ltr'>interest¹⁵</span> <span class='ocrx_word' id='word_1_888' title='bbox 1855 4663 1939 4712; x_wconf 90' lang='lat' dir='ltr'>ratum</span> 
     </span>
     <span class='ocr_line' id='line_1_63' title="bbox 287 4723 1939 4796; baseline 0 -16"><span class='ocrx_word' id='word_1_889' title='bbox 287 4729 385 4782; x_wconf 89' lang='lat' dir='ltr'>minum</span> <span class='ocrx_word' id='word_1_890' title='bbox 407 4729 571 4794; x_wconf 85' lang='lat' dir='ltr'>habiturum,</span> <span class='ocrx_word' id='word_1_891' title='bbox 598 4727 692 4782; x_wconf 87' lang='lat' dir='ltr'>deinde</span> <span class='ocrx_word' id='word_1_892' title='bbox 716 4727 837 4782; x_wconf 87' lang='lat' dir='ltr'>dominus</span> <span class='ocrx_word' id='word_1_893' title='bbox 860 4733 954 4796; x_wconf 90' lang='lat' dir='ltr'>postea</span> <span class='ocrx_word' id='word_1_894' title='bbox 977 4729 1088 4782; x_wconf 89' lang='lat' dir='ltr'>eundem</span> <span class='ocrx_word' id='word_1_895' title='bbox 1138 4725 1242 4780; x_wconf 88' lang='lat' dir='ltr'>haberi:</span> <span class='ocrx_word' id='word_1_896' title='bbox 1270 4727 1409 4780; x_wconf 89' lang='lat' dir='ltr'>adficietur</span> <span class='ocrx_word' id='word_1_897' title='bbox 1437 4741 1499 4794; x_wconf 88' lang='lat' dir='ltr'>ergo</span> <span class='ocrx_word' id='word_1_898' title='bbox 1526 4727 1622 4780; x_wconf 87' lang='lat' dir='ltr'>iniuria</span> <span class='ocrx_word' id='word_1_899' title='bbox 1643 4727 1680 4792; x_wconf 93' lang='lat' dir='ltr'>is,</span> <span class='ocrx_word' id='word_1_900' title='bbox 1710 4727 1753 4794; x_wconf 86' lang='lat' dir='ltr'>qui</span> <span class='ocrx_word' id='word_1_901' title='bbox 1775 4723 1939 4796; x_wconf 88' lang='lat' dir='ltr'>procuratori</span> 
     </span>
     <span class='ocr_line' id='line_1_64' title="bbox 290 4793 1938 4864; baseline -0.002 -14"><span class='ocrx_word' id='word_1_902' title='bbox 290 4795 397 4850; x_wconf 81' lang='lat' dir='ltr'>undum</span> <span class='ocrx_word' id='word_1_903' title='bbox 415 4795 573 4850; x_wconf 83' lang='lat' dir='ltr'>uendidisset</span> <span class='ocrx_word' id='word_1_904' title='bbox 590 4809 701 4864; x_wconf 89' lang='lat' dir='ltr'>eumque</span> <span class='ocrx_word' id='word_1_905' title='bbox 718 4801 821 4862; x_wconf 87' lang='lat' dir='ltr'>emptor</span> <span class='ocrx_word' id='word_1_906' title='bbox 842 4801 955 4864; x_wconf 91' lang='lat' dir='ltr'>peteret,</span> <span class='ocrx_word' id='word_1_907' title='bbox 977 4795 1089 4864; x_wconf 89' lang='lat' dir='ltr'>stipula·</span> <span class='ocrx_word' id='word_1_908' title='bbox 1138 4793 1223 4848; x_wconf 85' lang='lat' dir='ltr'>solvit.</span> <span class='ocrx_word' id='word_1_909' title='bbox 1259 4795 1342 4864; x_wconf 86' lang='lat' dir='ltr'>magis</span> <span class='ocrx_word' id='word_1_910' title='bbox 1361 4799 1449 4848; x_wconf 89' lang='lat' dir='ltr'>tamen</span> <span class='ocrx_word' id='word_1_911' title='bbox 1466 4799 1519 4858; x_wconf 92' lang='lat' dir='ltr'>est,</span> <span class='ocrx_word' id='word_1_912' title='bbox 1542 4799 1584 4858; x_wconf 92' lang='lat' dir='ltr'>ut,</span> <span class='ocrx_word' id='word_1_913' title='bbox 1607 4793 1629 4848; x_wconf 92' lang='grc' dir='ltr'>ιι</span> <span class='ocrx_word' id='word_1_914' title='bbox 1647 4795 1768 4850; x_wconf 89' lang='lat' dir='ltr'>dominus</span> <span class='ocrx_word' id='word_1_915' title='bbox 1784 4799 1872 4846; x_wconf 89' lang='lat' dir='ltr'>ratum</span> <span class='ocrx_word' id='word_1_916' title='bbox 1888 4807 1938 4846; x_wconf 88' lang='lat' dir='ltr'>non</span> 
     </span>
     <span class='ocr_line' id='line_1_65' title="bbox 287 4861 1938 4930; baseline -0.001 -15"><span class='ocrx_word' id='word_1_917' title='bbox 287 4865 384 4918; x_wconf 90' lang='lat' dir='ltr'>tionem</span> <span class='ocrx_word' id='word_1_918' title='bbox 407 4869 493 4916; x_wconf 90' lang='lat' dir='ltr'>ratam</span> <span class='ocrx_word' id='word_1_919' title='bbox 514 4879 570 4918; x_wconf 89' lang='lat' dir='ltr'>rem</span> <span class='ocrx_word' id='word_1_920' title='bbox 592 4861 684 4916; x_wconf 89' lang='lat' dir='ltr'>haberi</span> <span class='ocrx_word' id='word_1_921' title='bbox 707 4863 835 4918; x_wconf 88' lang='lat' dir='ltr'>committi</span> <span class='ocrx_word' id='word_1_922' title='bbox 852 4863 969 4918; x_wconf 88' lang='lat' dir='ltr'>Iulianus</span> <span class='ocrx_word' id='word_1_923' title='bbox 988 4863 1088 4918; x_wconf 89' lang='lat' dir='ltr'>scribit.</span> <span class='ocrx_word' id='word_1_924' title='bbox 1139 4867 1153 4916; x_wconf 84' lang='lat'><strong>3</strong></span> <span class='ocrx_word' id='word_1_925' title='bbox 1188 4861 1325 4928; x_wconf 88' lang='lat' dir='ltr'>habuerit,</span> <span class='ocrx_word' id='word_1_926' title='bbox 1349 4861 1518 4916; x_wconf 86' lang='lat' dir='ltr'>fideiussores</span> <span class='ocrx_word' id='word_1_927' title='bbox 1541 4865 1690 4916; x_wconf 88' lang='lat' dir='ltr'>teneantur.</span> <span class='ocrx_word' id='word_1_928' title='bbox 1725 4861 1802 4930; x_wconf 77' lang='lat' dir='ltr'>Quod</span> <span class='ocrx_word' id='word_1_929' title='bbox 1823 4861 1845 4914; x_wconf 90' lang='grc' dir='ltr'>ιι</span> <span class='ocrx_word' id='word_1_930' title='bbox 1868 4861 1938 4914; x_wconf 92' lang='lat' dir='ltr'>debi-</span> 
     </span>
    </p>

    <p class='ocr_par' dir='ltr' id='par_1_13' title="bbox 287 4927 1939 5536">
     <span class='ocr_line' id='line_1_66' title="bbox 323 4927 1939 5008; baseline -0.002 -22"><span class='ocrx_word' id='word_1_931' title='bbox 323 4927 360 4986; x_wconf 88' lang='grc'>17</span> <span class='ocrx_word' id='word_1_932' title='bbox 378 4929 556 4984; x_wconf 69' lang='lat' dir='ltr'>Maronitas</span> <span class='ocrx_word' id='word_1_933' title='bbox 576 4929 643 4984; x_wconf 82' lang='lat' dir='ltr'>libro</span> <span class='ocrx_word' id='word_1_934' title='bbox 660 4933 802 4984; x_wconf 82' lang='lat' dir='ltr'>vicensimo</span> <span class='ocrx_word' id='word_1_935' title='bbox 814 4931 906 5000; x_wconf 85' lang='lat' dir='ltr'>primo</span> <span class='ocrx_word' id='word_1_936' title='bbox 926 4931 1089 5008; x_wconf 64' lang='lat' dir='ltr'>digestorum</span> <span class='ocrx_word' id='word_1_937' title='bbox 1137 4935 1192 4982; x_wconf 90' lang='lat' dir='ltr'>tam</span> <span class='ocrx_word' id='word_1_938' title='bbox 1206 4931 1347 4998; x_wconf 89' lang='lat' dir='ltr'>pecuniam</span> <span class='ocrx_word' id='word_1_939' title='bbox 1362 4935 1519 4996; x_wconf 87' lang='lat' dir='ltr'>procurator</span> <span class='ocrx_word' id='word_1_940' title='bbox 1533 4943 1581 4996; x_wconf 90' lang='lat' dir='ltr'>per</span> <span class='ocrx_word' id='word_1_941' title='bbox 1595 4929 1715 4994; x_wconf 89' lang='lat' dir='ltr'>iudicem,</span> <span class='ocrx_word' id='word_1_942' title='bbox 1733 4929 1776 4982; x_wconf 92' lang='lat' dir='ltr'>cui</span> <span class='ocrx_word' id='word_1_943' title='bbox 1789 4929 1853 4982; x_wconf 91' lang='lat' dir='ltr'>nihil</span> <span class='ocrx_word' id='word_1_944' title='bbox 1867 4945 1939 4984; x_wconf 89' lang='lat' dir='ltr'>mau-</span> 
     </span>
     <span class='ocr_line' id='line_1_67' title="bbox 289 4995 1938 5070; baseline 0 -20"><span class='ocrx_word' id='word_1_945' title='bbox 289 4997 353 5050; x_wconf 83' lang='lat' dir='ltr'>Gum</span> <span class='ocrx_word' id='word_1_946' title='bbox 368 4997 493 5070; x_wconf 85' lang='lat' dir='ltr'>debitore</span> <span class='ocrx_word' id='word_1_947' title='bbox 518 4997 606 5050; x_wconf 91' lang='lat' dir='ltr'>decem</span> <span class='ocrx_word' id='word_1_948' title='bbox 630 4997 768 5052; x_wconf 88' lang='lat' dir='ltr'>creditoris</span> <span class='ocrx_word' id='word_1_949' title='bbox 789 4999 894 5052; x_wconf 85' lang='grc' dir='ltr'>ιοιιιιι</span> <span class='ocrx_word' id='word_1_950' title='bbox 914 4999 999 5052; x_wconf 79' lang='lat' dir='ltr'>&#39;riuus</span> <span class='ocrx_word' id='word_1_951' title='bbox 1022 4999 1087 5066; x_wconf 87' lang='lat' dir='ltr'>egit:</span> <span class='ocrx_word' id='word_1_952' title='bbox 1138 4997 1230 5050; x_wconf 89' lang='lat' dir='ltr'>datum</span> <span class='ocrx_word' id='word_1_953' title='bbox 1246 4997 1334 5062; x_wconf 84' lang='lat' dir='ltr'>luerit,</span> <span class='ocrx_word' id='word_1_954' title='bbox 1358 4997 1471 5064; x_wconf 78' lang='lat' dir='ltr'>petierit</span> <span class='ocrx_word' id='word_1_955' title='bbox 1489 4997 1571 5062; x_wconf 84' lang='lat' dir='ltr'>magis</span> <span class='ocrx_word' id='word_1_956' title='bbox 1590 4999 1638 5060; x_wconf 90' lang='lat' dir='ltr'>est,</span> <span class='ocrx_word' id='word_1_957' title='bbox 1656 5001 1686 5050; x_wconf 93' lang='lat' dir='ltr'>ut</span> <span class='ocrx_word' id='word_1_958' title='bbox 1703 4997 1730 5050; x_wconf 92' lang='lat' dir='ltr'>in</span> <span class='ocrx_word' id='word_1_959' title='bbox 1747 4995 1860 5050; x_wconf 87' lang='lat' dir='ltr'>solidum</span> <span class='ocrx_word' id='word_1_960' title='bbox 1877 4995 1938 5050; x_wconf 89' lang='lat' dir='ltr'>iide-</span> 
     </span>
     <span class='ocr_line' id='line_1_68' title="bbox 287 5063 1938 5132; baseline -0.001 -16"><span class='ocrx_word' id='word_1_961' title='bbox 287 5071 388 5130; x_wconf 88' lang='lat' dir='ltr'>partem</span> <span class='ocrx_word' id='word_1_962' title='bbox 410 5065 542 5132; x_wconf 90' lang='lat' dir='ltr'>petitionis</span> <span class='ocrx_word' id='word_1_963' title='bbox 566 5067 651 5116; x_wconf 88' lang='lat' dir='ltr'>ratam</span> <span class='ocrx_word' id='word_1_964' title='bbox 671 5065 766 5118; x_wconf 90' lang='lat' dir='ltr'>habuit</span> <span class='ocrx_word' id='word_1_965' title='bbox 783 5065 913 5120; x_wconf 87' lang='lat' dir='ltr'>dominus.</span> <span class='ocrx_word' id='word_1_966' title='bbox 948 5065 1089 5118; x_wconf 90' lang='lat' dir='ltr'>dicendum</span> <span class='ocrx_word' id='word_1_967' title='bbox 1137 5065 1253 5116; x_wconf 89' lang='lat' dir='ltr'>iussores</span> <span class='ocrx_word' id='word_1_968' title='bbox 1276 5069 1431 5128; x_wconf 90' lang='lat' dir='ltr'>teneantur,</span> <span class='ocrx_word' id='word_1_969' title='bbox 1456 5063 1479 5116; x_wconf 88' lang='lat' dir='ltr'>si</span> <span class='ocrx_word' id='word_1_970' title='bbox 1496 5063 1616 5116; x_wconf 77' lang='lat' dir='ltr'>dommus</span> <span class='ocrx_word' id='word_1_971' title='bbox 1634 5069 1721 5116; x_wconf 90' lang='lat' dir='ltr'>ratum</span> <span class='ocrx_word' id='word_1_972' title='bbox 1739 5079 1792 5116; x_wconf 91' lang='lat' dir='ltr'>non</span> <span class='ocrx_word' id='word_1_973' title='bbox 1808 5063 1938 5116; x_wconf 86' lang='lat' dir='ltr'>habuerit.</span> 
     </span>
     <span class='ocr_line' id='line_1_69' title="bbox 288 5129 1938 5202; baseline 0.001 -20"><span class='ocrx_word' id='word_1_974' title='bbox 288 5135 328 5182; x_wconf 87' lang='grc' dir='ltr'>ιιι</span> <span class='ocrx_word' id='word_1_975' title='bbox 346 5131 511 5198; x_wconf 86' lang='lat' dir='ltr'>obligationis</span> <span class='ocrx_word' id='word_1_976' title='bbox 529 5135 630 5200; x_wconf 88' lang='lat' dir='ltr'>partem</span> <span class='ocrx_word' id='word_1_977' title='bbox 652 5137 846 5202; x_wconf 90' lang='lat' dir='ltr'>consumptam,</span> <span class='ocrx_word' id='word_1_978' title='bbox 869 5131 1088 5200; x_wconf 87' lang='lat' dir='ltr'>quemadmodum</span> <span class='ocrx_word' id='word_1_979' title='bbox 1138 5137 1154 5184; x_wconf 81' lang='lat' dir='ltr'>t</span> <span class='ocrx_word' id='word_1_980' title='bbox 1190 5131 1255 5184; x_wconf 85' lang='lat' dir='ltr'>Cum</span> <span class='ocrx_word' id='word_1_981' title='bbox 1273 5137 1362 5184; x_wconf 90' lang='lat' dir='ltr'>autem</span> <span class='ocrx_word' id='word_1_982' title='bbox 1398 5135 1538 5184; x_wconf 86' lang='lat' dir='ltr'>recuratur</span> <span class='ocrx_word' id='word_1_983' title='bbox 1553 5135 1625 5184; x_wconf 92' lang='lat' dir='ltr'>recte</span> <span class='ocrx_word' id='word_1_984' title='bbox 1642 5131 1719 5198; x_wconf 90' lang='lat' dir='ltr'>petit,</span> <span class='ocrx_word' id='word_1_985' title='bbox 1745 5129 1864 5184; x_wconf 87' lang='grc' dir='ltr'>ιιιιιιιι</span> <span class='ocrx_word' id='word_1_986' title='bbox 1881 5145 1938 5200; x_wconf 90' lang='lat' dir='ltr'>per-</span> 
     </span>
     <span class='ocr_line' id='line_1_70' title="bbox 288 5147 1938 5266; baseline 0.002 -18"><span class='ocrx_word' id='word_1_987' title='bbox 288 5197 311 5250; x_wconf 91' lang='lat' dir='ltr'>si</span> <span class='ocrx_word' id='word_1_988' title='bbox 334 5197 423 5252; x_wconf 86' lang='lat' dir='ltr'>decem</span> <span class='ocrx_word' id='word_1_989' title='bbox 446 5197 589 5266; x_wconf 86' lang='lat' dir='ltr'>stipulatus</span> <span class='ocrx_word' id='word_1_990' title='bbox 613 5203 682 5250; x_wconf 91' lang='lat' dir='ltr'>esset</span> <span class='ocrx_word' id='word_1_991' title='bbox 706 5205 753 5252; x_wconf 89' lang='lat' dir='ltr'>aut</span> <span class='ocrx_word' id='word_1_992' title='bbox 776 5199 905 5266; x_wconf 86' lang='lat' dir='ltr'>exegisset</span> <span class='ocrx_word' id='word_1_993' title='bbox 923 5199 1089 5266; x_wconf 83' lang='lat' dir='ltr'>crediturque</span> <span class='ocrx_word' id='word_1_994' title='bbox 1137 5213 1242 5266; x_wconf 89' lang='lat' dir='ltr'>peram,</span> <span class='ocrx_word' id='word_1_995' title='bbox 1265 5215 1320 5252; x_wconf 92' lang='lat' dir='ltr'>non</span> <span class='ocrx_word' id='word_1_996' title='bbox 1343 5147 1422 5252; x_wconf 65' lang='lat' dir='ltr'>debet</span> <span class='ocrx_word' id='word_1_997' title='bbox 1442 5203 1601 5266; x_wconf 88' lang='lat' dir='ltr'>procurator</span> <span class='ocrx_word' id='word_1_998' title='bbox 1622 5203 1771 5266; x_wconf 84' lang='lat' dir='ltr'>praestare,</span> <span class='ocrx_word' id='word_1_999' title='bbox 1795 5213 1828 5252; x_wconf 91' lang='lat' dir='ltr'>ne</span> <span class='ocrx_word' id='word_1_1000' title='bbox 1844 5197 1938 5252; x_wconf 90' lang='lat' dir='ltr'>iniuria</span> 
     </span>
     <span class='ocr_line' id='line_1_71' title="bbox 289 5263 1938 5332; baseline 0.004 -18"><span class='ocrx_word' id='word_1_1001' title='bbox 289 5279 342 5316; x_wconf 92' lang='lat' dir='ltr'>non</span> <span class='ocrx_word' id='word_1_1002' title='bbox 359 5269 450 5330; x_wconf 90' lang='lat' dir='ltr'>totum,</span> <span class='ocrx_word' id='word_1_1003' title='bbox 469 5263 515 5318; x_wconf 89' lang='lat' dir='ltr'>sed</span> <span class='ocrx_word' id='word_1_1004' title='bbox 532 5269 633 5332; x_wconf 88' lang='lat' dir='ltr'>partam</span> <span class='ocrx_word' id='word_1_1005' title='bbox 650 5269 741 5332; x_wconf 86' lang='lat' dir='ltr'>gestae</span> <span class='ocrx_word' id='word_1_1006' title='bbox 758 5267 797 5320; x_wconf 90' lang='lat' dir='ltr'>rei</span> <span class='ocrx_word' id='word_1_1007' title='bbox 814 5267 1020 5332; x_wconf 88' lang='lat' dir='ltr'>comprobasset.</span> <span class='ocrx_word' id='word_1_1008' title='bbox 1047 5267 1087 5318; x_wconf 90' lang='lat' dir='ltr'>id·</span> <span class='ocrx_word' id='word_1_1009' title='bbox 1137 5265 1231 5320; x_wconf 87' lang='lat' dir='ltr'>iudicis</span> <span class='ocrx_word' id='word_1_1010' title='bbox 1250 5263 1371 5320; x_wconf 88' lang='lat' dir='ltr'>dominus</span> <span class='ocrx_word' id='word_1_1011' title='bbox 1388 5265 1487 5332; x_wconf 87' lang='lat' dir='ltr'>aliquid</span> <span class='ocrx_word' id='word_1_1012' title='bbox 1505 5269 1695 5332; x_wconf 86' lang='lat' dir='ltr'>consequatur:</span> <span class='ocrx_word' id='word_1_1013' title='bbox 1712 5279 1854 5332; x_wconf 88' lang='lat' dir='ltr'>numquam</span> <span class='ocrx_word' id='word_1_1014' title='bbox 1871 5265 1938 5320; x_wconf 89' lang='lat' dir='ltr'>enim</span> 
     </span>
     <span class='ocr_line' id='line_1_72' title="bbox 290 5329 1937 5402; baseline 0.002 -20"><span class='ocrx_word' id='word_1_1015' title='bbox 290 5329 359 5384; x_wconf 91' lang='lat' dir='ltr'>circo</span> <span class='ocrx_word' id='word_1_1016' title='bbox 377 5331 400 5386; x_wconf 92' lang='lat' dir='ltr'>si</span> <span class='ocrx_word' id='word_1_1017' title='bbox 417 5347 450 5398; x_wconf 83' lang='lat' dir='ltr'>ex</span> <span class='ocrx_word' id='word_1_1018' title='bbox 467 5331 595 5400; x_wconf 85' lang='lat' dir='ltr'>stipulatu</span> <span class='ocrx_word' id='word_1_1019' title='bbox 611 5329 710 5386; x_wconf 87' lang='lat' dir='ltr'>‘decem</span> <span class='ocrx_word' id='word_1_1020' title='bbox 728 5339 774 5386; x_wconf 91' lang='lat' dir='ltr'>aut</span> <span class='ocrx_word' id='word_1_1021' title='bbox 788 5333 915 5398; x_wconf 87' lang='lat' dir='ltr'>Stichum,</span> <span class='ocrx_word' id='word_1_1022' title='bbox 933 5339 1023 5386; x_wconf 89' lang='lat' dir='ltr'>utrum</span> <span class='ocrx_word' id='word_1_1023' title='bbox 1041 5347 1089 5400; x_wconf 90' lang='grc' dir='ltr'>ιιι</span> <span class='ocrx_word' id='word_1_1024' title='bbox 1138 5337 1248 5402; x_wconf 89' lang='lat' dir='ltr'>propter</span> <span class='ocrx_word' id='word_1_1025' title='bbox 1263 5333 1387 5386; x_wconf 88' lang='lat' dir='ltr'>iniuriam</span> <span class='ocrx_word' id='word_1_1026' title='bbox 1404 5331 1498 5386; x_wconf 90' lang='lat' dir='ltr'>iudicis</span> <span class='ocrx_word' id='word_1_1027' title='bbox 1515 5331 1684 5386; x_wconf 85' lang='lat' dir='ltr'>fideiussores</span> <span class='ocrx_word' id='word_1_1028' title='bbox 1703 5333 1860 5402; x_wconf 89' lang='lat' dir='ltr'>obligantur.</span> <span class='ocrx_word' id='word_1_1029' title='bbox 1895 5347 1937 5388; x_wconf 85' lang='lat' dir='ltr'>re·</span> 
     </span>
     <span class='ocr_line' id='line_1_73' title="bbox 289 5397 1937 5470; baseline 0.003 -22"><span class='ocrx_word' id='word_1_1030' title='bbox 289 5397 412 5452; x_wconf 82' lang='lat' dir='ltr'>‘voluero&#39;</span> <span class='ocrx_word' id='word_1_1031' title='bbox 430 5399 540 5452; x_wconf 89' lang='lat' dir='ltr'>ahsente</span> <span class='ocrx_word' id='word_1_1032' title='bbox 556 5413 598 5470; x_wconf 89' lang='lat' dir='ltr'>me</span> <span class='ocrx_word' id='word_1_1033' title='bbox 613 5397 697 5452; x_wconf 86' lang='lat' dir='ltr'>Titius</span> <span class='ocrx_word' id='word_1_1034' title='bbox 716 5399 820 5454; x_wconf 89' lang='lat' dir='ltr'>domino</span> <span class='ocrx_word' id='word_1_1035' title='bbox 855 5401 953 5468; x_wconf 85' lang='lat' dir='ltr'>uiaque</span> <span class='ocrx_word' id='word_1_1036' title='bbox 968 5401 1110 5470; x_wconf 22' lang='lat' dir='ltr'>petisset,-</span> <span class='ocrx_word' id='word_1_1037' title='bbox 1137 5399 1194 5454; x_wconf 88' lang='lat' dir='ltr'>rius</span> <span class='ocrx_word' id='word_1_1038' title='bbox 1216 5405 1305 5454; x_wconf 87' lang='lat' dir='ltr'>tamen</span> <span class='ocrx_word' id='word_1_1039' title='bbox 1331 5405 1372 5454; x_wconf 88' lang='lat' dir='ltr'>est</span> <span class='ocrx_word' id='word_1_1040' title='bbox 1395 5401 1446 5454; x_wconf 93' lang='lat' dir='ltr'>hoc</span> <span class='ocrx_word' id='word_1_1041' title='bbox 1475 5415 1539 5454; x_wconf 85' lang='lat' dir='ltr'>caru</span> <span class='ocrx_word' id='word_1_1042' title='bbox 1565 5399 1732 5456; x_wconf 83' lang='lat' dir='ltr'>fideiussores</span> <span class='ocrx_word' id='word_1_1043' title='bbox 1757 5415 1811 5454; x_wconf 92' lang='lat' dir='ltr'>non</span> <span class='ocrx_word' id='word_1_1044' title='bbox 1835 5401 1887 5454; x_wconf 90' lang='lat' dir='ltr'>nisi</span> <span class='ocrx_word' id='word_1_1045' title='bbox 1911 5401 1937 5454; x_wconf 92' lang='lat' dir='ltr'>in</span> 
     </span>
     <span class='ocr_line' id='line_1_74' title="bbox 288 5417 1937 5536; baseline 0.004 -18"><span class='ocrx_word' id='word_1_1046' title='bbox 288 5461 408 5518; x_wconf 90' lang='lat' dir='ltr'>insecuta</span> <span class='ocrx_word' id='word_1_1047' title='bbox 425 5465 609 5520; x_wconf 86' lang='lat' dir='ltr'>ratihabitione</span> <span class='ocrx_word' id='word_1_1048' title='bbox 625 5471 699 5520; x_wconf 87' lang='lat' dir='ltr'>recte</span> <span class='ocrx_word' id='word_1_1049' title='bbox 716 5473 805 5522; x_wconf 89' lang='lat' dir='ltr'>actum</span> <span class='ocrx_word' id='word_1_1050' title='bbox 821 5417 911 5524; x_wconf 60' lang='lat' dir='ltr'>uberi.</span> <span class='ocrx_word' id='word_1_1051' title='bbox 1138 5473 1152 5520; x_wconf 81' lang='grc'>5</span> <span class='ocrx_word' id='word_1_1052' title='bbox 1187 5467 1320 5536; x_wconf 88' lang='lat' dir='ltr'>impensas</span> <span class='ocrx_word' id='word_1_1053' title='bbox 1343 5467 1397 5522; x_wconf 86' lang='lat' dir='ltr'>litis</span> <span class='ocrx_word' id='word_1_1054' title='bbox 1419 5467 1512 5522; x_wconf 79' lang='lat' dir='ltr'>teneri</span> <span class='ocrx_word' id='word_1_1055' title='bbox 1553 5465 1741 5524; x_wconf 68' lang='lat' dir='ltr'>Mantuanos:</span> <span class='ocrx_word' id='word_1_1056' title='bbox 1769 5467 1792 5524; x_wconf 88' lang='lat' dir='ltr'>si</span> <span class='ocrx_word' id='word_1_1057' title='bbox 1818 5467 1937 5524; x_wconf 81' lang='lat' dir='ltr'>domium</span> 
     </span>
    </p>
   </div>
   <div class='ocr_carea' id='block_1_3' title="bbox 287 5630 1940 5842">
    <p class='ocr_par' dir='ltr' id='par_1_14' title="bbox 287 5630 1940 5842">
     <span class='ocr_line' id='line_1_75' title="bbox 289 5630 1940 5704; baseline 0.004 -18"><span class='ocrx_word' id='word_1_1058' title='bbox 289 5635 318 5698; x_wconf 79' lang='grc' dir='ltr'>(ι)</span> <span class='ocrx_word' id='word_1_1059' title='bbox 335 5630 488 5684; x_wconf 85' lang='lat' dir='ltr'>habereccld.</span> <span class='ocrx_word' id='word_1_1060' title='bbox 556 5635 588 5696; x_wconf 79' lang='grc' dir='ltr'>(ι)</span> <span class='ocrx_word' id='word_1_1061' title='bbox 605 5635 639 5686; x_wconf 89' lang='lat' dir='ltr'>D.</span> <span class='ocrx_word' id='word_1_1062' title='bbox 650 5635 690 5696; x_wconf 84' lang='lat' dir='ltr'>to,</span> <span class='ocrx_word' id='word_1_1063' title='bbox 700 5643 720 5698; x_wconf 85' lang='grc'>3,</span> <span class='ocrx_word' id='word_1_1064' title='bbox 730 5647 753 5686; x_wconf 85' lang='grc' dir='ltr'>ιι</span> <span class='ocrx_word' id='word_1_1065' title='bbox 823 5633 1087 5704; x_wconf 73' lang='lat' dir='ltr'>ialan1rc&#39;quiritaret</span> <span class='ocrx_word' id='word_1_1066' title='bbox 1139 5641 1171 5702; x_wconf 74' lang='lat' dir='ltr'>(a)</span> <span class='ocrx_word' id='word_1_1067' title='bbox 1190 5635 1294 5688; x_wconf 88' lang='lat' dir='ltr'>subinde</span> <span class='ocrx_word' id='word_1_1068' title='bbox 1308 5639 1355 5690; x_wconf 85' lang='lat' dir='ltr'>ins.</span> <span class='ocrx_word' id='word_1_1069' title='bbox 1375 5639 1493 5700; x_wconf 74' lang='lat' dir='ltr'>(similiter</span> <span class='ocrx_word' id='word_1_1070' title='bbox 1508 5637 1573 5704; x_wconf 83' lang='lat' dir='ltr'>edd.)</span> <span class='ocrx_word' id='word_1_1071' title='bbox 1685 5641 1729 5704; x_wconf 86' lang='grc' dir='ltr'>(ιο)</span> <span class='ocrx_word' id='word_1_1072' title='bbox 1747 5639 1940 5704; x_wconf 83' lang='lat' dir='ltr'>stipulationiF</span> 
     </span>
     <span class='ocr_line' id='line_1_76' title="bbox 287 5697 1934 5776; baseline 0.007 -26"><span class='ocrx_word' id='word_1_1073' title='bbox 287 5699 324 5750; x_wconf 87' lang='lat' dir='ltr'>ait</span> <span class='ocrx_word' id='word_1_1074' title='bbox 387 5701 420 5764; x_wconf 79' lang='grc' dir='ltr'>(ι)</span> <span class='ocrx_word' id='word_1_1075' title='bbox 437 5699 466 5750; x_wconf 85' lang='lat' dir='ltr'>id</span> <span class='ocrx_word' id='word_1_1076' title='bbox 473 5709 522 5750; x_wconf 85' lang='lat' dir='ltr'>cst:</span> <span class='ocrx_word' id='word_1_1077' title='bbox 539 5697 594 5776; x_wconf 75' lang='lat' dir='ltr'>lsxe</span> <span class='ocrx_word' id='word_1_1078' title='bbox 660 5703 693 5760; x_wconf 79' lang='lat' dir='ltr'>(ol</span> <span class='ocrx_word' id='word_1_1079' title='bbox 710 5703 861 5764; x_wconf 77' lang='lat' dir='ltr'>proindeF²</span> <span class='ocrx_word' id='word_1_1080' title='bbox 929 5707 960 5766; x_wconf 82' lang='lat' dir='ltr'>(t)</span> <span class='ocrx_word' id='word_1_1081' title='bbox 979 5705 1086 5770; x_wconf 87' lang='lat' dir='ltr'>qualiter</span> <span class='ocrx_word' id='word_1_1082' title='bbox 1137 5707 1177 5768; x_wconf 77' lang='lat' dir='ltr'>(ul</span> <span class='ocrx_word' id='word_1_1083' title='bbox 1196 5705 1249 5756; x_wconf 82' lang='lat' dir='ltr'>vioe</span> <span class='ocrx_word' id='word_1_1084' title='bbox 1262 5709 1429 5770; x_wconf 87' lang='lat' dir='ltr'>repraesentat</span> <span class='ocrx_word' id='word_1_1085' title='bbox 1443 5705 1470 5756; x_wconf 80' lang='lat' dir='ltr'><em>F</em></span> <span class='ocrx_word' id='word_1_1086' title='bbox 1535 5707 1579 5774; x_wconf 80' lang='lat' dir='ltr'>(ta)</span> <span class='ocrx_word' id='word_1_1087' title='bbox 1597 5705 1721 5770; x_wconf 80' lang='lat' dir='ltr'>quodscr.</span> <span class='ocrx_word' id='word_1_1088' title='bbox 1793 5713 1837 5776; x_wconf 79' lang='lat'><strong>(13)</strong></span> <span class='ocrx_word' id='word_1_1089' title='bbox 1856 5725 1934 5762; x_wconf 80' lang='lat' dir='ltr'>neces·</span> 
     </span>
     <span class='ocr_line' id='line_1_77' title="bbox 289 5763 1780 5842; baseline 0.007 -24"><span class='ocrx_word' id='word_1_1090' title='bbox 289 5763 395 5832; x_wconf 82' lang='lat' dir='ltr'>qualiter</span> <span class='ocrx_word' id='word_1_1091' title='bbox 408 5767 477 5834; x_wconf 79' lang='lat' dir='ltr'>Hct,</span> <span class='ocrx_word' id='word_1_1092' title='bbox 492 5765 599 5830; x_wconf 87' lang='lat' dir='ltr'>quahter</span> <span class='ocrx_word' id='word_1_1093' title='bbox 612 5769 639 5818; x_wconf 85' lang='lat' dir='ltr'><em>F</em></span> <span class='ocrx_word' id='word_1_1094' title='bbox 708 5773 739 5834; x_wconf 76' lang='lat' dir='ltr'>tr)</span> <span class='ocrx_word' id='word_1_1095' title='bbox 759 5773 880 5822; x_wconf 84' lang='lat' dir='ltr'>carereF</span> <span class='ocrx_word' id='word_1_1096' title='bbox 951 5775 984 5838; x_wconf 86' lang='grc' dir='ltr'>(ι)</span> <span class='ocrx_word' id='word_1_1097' title='bbox 1002 5775 1023 5822; x_wconf 86' lang='grc' dir='ltr'>ιι</span> <span class='ocrx_word' id='word_1_1098' title='bbox 1038 5775 1084 5824; x_wconf 83' lang='lat' dir='ltr'>dal.</span> <span class='ocrx_word' id='word_1_1099' title='bbox 1136 5775 1218 5826; x_wconf 83' lang='lat' dir='ltr'>sestF</span> <span class='ocrx_word' id='word_1_1100' title='bbox 1281 5777 1323 5840; x_wconf 76' lang='grc' dir='ltr'>ιιι)</span> <span class='ocrx_word' id='word_1_1101' title='bbox 1343 5773 1486 5838; x_wconf 79' lang='lat' dir='ltr'>exegissel&#39;</span> <span class='ocrx_word' id='word_1_1102' title='bbox 1546 5779 1590 5842; x_wconf 85' lang='grc' dir='ltr'>(ιι)</span> <span class='ocrx_word' id='word_1_1103' title='bbox 1607 5777 1734 5828; x_wconf 85' lang='lat' dir='ltr'>interesset</span> <span class='ocrx_word' id='word_1_1104' title='bbox 1742 5775 1780 5828; x_wconf 64' lang='lat' dir='ltr'>Fi</span> 
     </span>
    </p>
   </div>
   <div class='ocr_carea' id='block_1_4' title="bbox 0 0 2188 6258">
    <p class='ocr_par' dir='ltr' id='par_1_15' title="bbox 0 0 2188 6258">
     <span class='ocr_line' id='line_1_78' title="bbox 0 0 2188 6258; baseline 0 0"><span class='ocrx_word' id='word_1_1105' title='bbox 0 0 2188 6258; x_wconf 95' lang='lat' dir='ltr'> </span> 
     </span>
    </p>
   </div>
  </div>
 </body>
</html>
