4366 6258
266 369 329 418 VEL
350 363 551 412 HYPOTHEOA
572 367 737 416 sonvrrtm

266 539 295 590 14
328 531 352 584 10
378 529 421 584 cui
446 527 603 580 donabatur.
639 529 715 594 Quod
741 529 764 582 si
791 531 949 584 concesserit
974 531 1065 584 decern

263 597 387 660 rendere,
410 595 455 648 ille
472 595 587 662 quinque
603 595 762 658 vendiderit,
786 597 926 650 dicendum
949 601 1065 650 estnon

263 681 321 724 esse
336 661 514 730 repellendum
531 661 700 716 creditorem:
718 663 747 716 in
765 663 926 716 contrarium
943 679 997 716 nou
1016 663 1065 714 erit

263 729 447 804 quaerendum,
465 727 528 796 quin
545 733 617 782 10010
633 729 753 794 vendit¹,
773 731 795 782 si
812 727 894 796 pluris
911 729 1064 790 vendiderit,

264 805 293 854 15
329 811 407 864 quam
422 793 553 848 concessit
567 795 688 850 creditor.
723 793 895 850 Nonvidetur
904 801 992 848 autern
1001 811 1064 848 0011-

263 865 375 922 sensisse
392 861 521 926 creditor,
544 861 567 914 01
584 861 684 916 sciente
701 877 731 916 eo
750 863 853 916 debitor
869 875 924 912 rem
941 861 1064 914 vendide-

262 933 303 996 rit,
323 945 382 982 cum
399 927 458 982 ideo
474 943 571 994 passus
589 933 629 982 est
644 929 744 982 veniri²
762 927 832 994 quod
849 927 951 978 sciebat
967 927 1065 994 ubique

262 999 289 1068 pi
324 1011 356 1048 us
373 995 423 1048 sibi
442 995 546 1048 durare.
572 995 619 1048 sed
636 995 659 1048 si
676 993 862 1060 subscripserit
879 991 948 1046 forte
971 993 999 1046 in
1022 999 1064 1046 ta-

263 1015 330 1120 bidis
353 1063 504 1130 emptionis,
527 1063 693 1116 consensisse
714 1061 831 1124 videtur,
854 1059 905 1112 nisi
927 1061 1066 1114 manifeste

263 1135 390 1200 appareat
412 1129 551 1198 deceptum
568 1143 633 1182 esse.
660 1129 731 1198 quod
754 1127 888 1180 observari
911 1131 1016 1194 oportet
1040 1131 1065 1180 01

264 1205 293 1252 16
328 1197 351 1250 01
368 1195 424 1250 sine
441 1197 546 1264 scriptis
564 1197 733 1250 consenserit.
770 1193 798 1246 Si
821 1195 933 1248 debitori
956 1209 1065 1246 conces-

263 1279 320 1320 sum
337 1263 372 1318 sit
389 1269 415 1318 et
431 1265 507 1318 heres
526 1263 580 1318 eius
594 1263 747 1328 vendiderit
764 1267 853 1330 potest
866 1261 932 1314 facti
945 1261 1064 1328 quaestio

263 1345 333 1396 esse,
358 1331 422 1398 quid
443 1331 571 1384 intellexit
595 1331 717 1384 creditor.
743 1329 790 1384 sed
806 1333 879 1384 recte
901 1329 1002 1382 venisse
1026 1329 1064 1384 di-

263 1399 374 1454 cendum
404 1405 458 1452 est:
495 1399 546 1452 hae
577 1399 645 1450 enim
676 1397 835 1466 suptilitates
868 1397 902 1450 ab
933 1395 1065 1450 iudicibus

266 1471 292 1520 11
328 1481 383 1518 nor:
400 1465 580 1518 admittuntur.
615 1465 644 1518 Si
661 1465 765 1520 debitor
778 1463 849 1516 10110
863 1479 990 1518 concessa
1002 1479 1065 1516 ven-

264 1533 362 1586 ditione
385 1531 491 1586 desierit
513 1531 648 1600 possidere
671 1539 697 1586 et
720 1547 804 1586 novus
821 1547 959 1598 possessor
975 1531 1065 1584 vendi·

263 1599 338 1662 derit,
356 1613 391 1650 an
405 1599 481 1652 duret
494 1601 597 1666 pignus,
616 1599 692 1666 quasi
705 1615 835 1666 personae
847 1599 994 1666 permiserit
1009 1615 1065 1652 cre-

264 1665 351 1720 ditor?
377 1667 449 1732 qnod
465 1673 492 1720 et
509 1667 591 1734 magis
609 1673 663 1720 est:
688 1681 750 1720 nam
772 1665 795 1718 si
818 1681 885 1720 novo
909 1665 1065 1734 possessori,

263 1747 315 1786 non
341 1731 452 1786 debitori
473 1749 492 1788 a
514 1735 606 1802 quob
643 1735 764 1786 othecam
790 1733 906 1800 accepit,
935 1733 1067 1786 concessit

263 1797 377 1854 creditor
392 1801 519 1866 vendere,
542 1799 616 1854 dicen
636 1817 681 1854 um
704 1807 744 1854 est
767 1815 862 1854 nocere
887 1801 910 1852 01
933 1801 1065 1866 exceptio-

265 1869 294 1918 18
329 1881 397 1920 nem.
432 1867 484 1922 Sed
501 1869 524 1922 si
539 1867 609 1920 intra
626 1885 724 1922 annum
740 1872 789 1922 aut
804 1867 939 1922 biennium
954 1883 1065 1920 consen·

263 1933 326 1988 serit
348 1933 463 1988 creditor
485 1935 609 2000 rendere,
635 1941 696 2002 post
721 1937 773 1990 hoc
798 1939 901 2002 tempus
927 1933 1064 1988 vendendo

264 2003 294 2052 19
328 2017 382 2056 non
399 2001 486 2056 aufert
509 2003 603 2070 pignus
627 2003 759 2056 creditori.
794 2001 822 2054 st
845 2001 960 2054 creditor
983 2003 1065 2070 hypo·

261 2067 381 2122 theocriti
403 2085 468 2122 usus
486 2085 503 2122 a
519 2083 672 2136 possessore
695 2069 747 2124 litis
771 2069 979 2122 aestimationem
1002 2085 1065 2122 con-

262 2141 368 2188 secutus
385 2137 464 2188 fuerit
482 2143 509 2190 et
526 2153 542 2188 a
560 2137 677 2192 debitore
693 2141 768 2204 petat
784 2137 909 2200 debitum,
927 2143 993 2204 puto
1013 2137 1066 2190 doli

261 2201 324 2256 mali
341 2205 522 2270 exceptionem
540 2205 564 2254 ei
581 2205 753 2258 obstaturam.

295 2265 314 2324 9
338 2269 525 2324 Mocasura:
545 2271 612 2324 11110
636 2279 733 2338 quarto
756 2285 944 2338 responsorum
979 2269 1065 2322 Titius

262 2335 415 2404 Sempronio
433 2337 545 2390 fundum
561 2339 663 2404 pignori
681 2337 752 2390 dedit
770 2341 796 2390 et
818 2337 930 2390 eundem
953 2335 1065 2390 fundum

261 2407 354 2524 §cetea
370 2403 436 2458 Gaio
452 2405 511 2458 Seio
529 2405 631 2472 pignori
648 2405 727 2468 dedit,
746 2411 826 2470 atque
842 2403 880 2456 ita
896 2403 965 2456 idem
980 2405 1065 2458 Titius

281 2471 416 2536 empranio
441 2479 467 2524 et
490 2471 555 2524 Gaio
575 2471 633 2524 Seio
657 2471 768 2524 fundum
792 2471 903 2524 eundem
928 2471 957 2522 in
979 2485 1065 2524 assem

261 2537 385 2602 vendidit,
403 2539 496 2606 quibus
514 2539 615 2606 pignori
632 2545 693 2592 aute
711 2537 820 2592 dederat
836 2537 863 2588 iu
881 2539 993 2590 solidum
1011 2539 1064 2590 sin·

260 2605 336 2672 gulis.
362 2605 476 2672 quaero,
500 2621 535 2656 an
551 2603 701 2660 venditione
717 2605 873 2672 interposita
890 2605 932 2656 ius
950 2605 1065 2672 pignoris

261 2671 420 2726 exstinctum
443 2673 476 2726 sit
494 2687 526 2726 ac
543 2689 590 2740 per
606 2673 657 2726 hoc
675 2673 716 2728 ius
734 2671 820 2726 solum
838 2687 877 2724 em
897 2671 976 2726 tionis
994 2671 1065 2740 apud

261 2741 351 2794 ambos
370 2741 550 2806 permanserit.
585 2741 750 2794 Modestinus
768 2753 865 2806 respon
884 2747 904 2792 11
922 2739 1065 2794 dominium

261 2807 294 2862 ad
311 2823 356 2860 ecs
375 2807 408 2860 de
425 2809 520 2874 quibus
539 2809 672 2874 quaeritur
689 2807 827 2886 emptionis
844 2807 901 2860 iure
918 2807 1064 2874 pertinere:

261 2891 320 2928 cum
330 2889 487 2928 consensum
495 2881 586 2926 mutuo
600 2875 743 2926 venditiom
758 2873 861 2926 dedisse
874 2879 1065 2940 proponantur,

263 2947 273 2994 1
309 2941 420 2996 invicem
429 2941 627 3008 pigneraticiam
636 2941 768 2994 actionem
777 2955 822 2992 cos
831 2955 883 2992 non
893 2941 1000 2992 habere.
1020 2939 1065 2992 ii-

260 3009 312 3062 tins
332 3009 390 3062 Seio
408 3009 549 3076 pecuniam
572 3009 621 3060 sub
644 3007 753 3076 pignore
776 3005 852 3058 fundi
875 3005 996 3058 dederat:
1021 3007 1066 3074 qui

260 3075 357 3130 fundus
377 3091 435 3130 cum
461 3081 531 3130 esset
553 3075 832 3142 1011111000101110
854 3073 999 3140 obligatus,
1024 3089 1065 3126 se·

261 3145 363 3198 candus
388 3141 502 3196 creditor
524 3145 663 3210 pecuniam
686 3143 724 3196 rei
740 3141 864 3210 publicae
881 3155 939 3192 earn
956 3141 1064 3194 solvit⁴:

260 3211 306 3264 sed
323 3211 444 3264 Maevius
462 3211 574 3272 exstitit,
599 3211 642 3276 qui
661 3209 766 3262 dicebat
783 3213 916 3262 0111010111
933 3207 1066 3274 publicam

260 3279 309 3330 sibi
334 3277 446 3330 fundum
471 3277 615 3342 obligatum
640 3275 738 3328 luisse:
769 3275 951 3328 inveniebatur
977 3279 1066 3326 autem

259 3345 378 3398 Maevius
401 3343 575 3396 instrumento
599 3343 729 3396 cautionis
747 3357 807 3394 cum
824 3355 853 3394 re
869 3339 976 3406 publica
992 3339 1065 3394 10010

260 3411 353 3466 aSeio
370 3409 522 3464 interfuisse
540 3415 567 3462 et
584 3409 779 3478 subscripsisse,
797 3423 848 3476 quc
867 3411 973 3460 caverat
991 3407 1066 3484 Seius

260 3479 372 3532 fundum
389 3477 454 3530 ntrlli
471 3477 516 3530 alii
534 3491 592 3530 esse
614 3477 774 3544 obligatum:
799 3489 912 3542 quaero,
938 3489 973 3526 an
996 3481 1065 3528 actio

260 3547 349 3614 aliqua
365 3545 393 3598 iu
410 3559 465 3598 rem
479 3543 583 3598 Maevio
602 3549 751 3610 competere
767 3547 864 3610 potest.
898 3541 1065 3596 Modestinus

259 3613 396 3682 respondit
409 3613 512 3680 pignus,
531 3611 591 3664 cui⁵
608 3611 630 3664 is
649 3611 750 3678 dequo
770 3609 904 3676 quaeritur
923 3611 1065 3674 consensit,

260 3681 364 3734 minime
382 3695 441 3732 eum
458 3679 571 3732 retinere
588 3695 674 3746 posse.

296 3745 333 3804 10
359 3745 478 3800 Peneos
501 3747 568 3800 libro
594 3747 671 3800 tertio
698 3745 882 3814 qaaestionem
920 3743 1065 3798 Voluntate

261 3815 396 3868 creditoris
420 3813 515 3882 pignus
539 3811 643 3866 debitor
664 3811 782 3868 vendidit
805 3817 831 3862 et
853 3817 948 3878 postea
983 3811 1065 3866 iacuit

260 3883 328 3934 inter
347 3897 406 3934 eum
424 3889 450 3934 et
469 3887 625 3948 emptorem,
642 3889 673 3934 ut
690 3895 707 3934 a
723 3877 873 3932 venditione
890 3829 1064 3934 discederent.

259 3949 300 4002 ius
317 3949 457 4016 pignorum
473 3949 574 4002 salvum
592 3949 641 4002 erit
658 3947 795 4002 creditori:
819 3961 881 4000 nan:
904 3947 974 4000 sicut
992 3947 1065 4000 debi-

260 4015 325 4078 tori,
344 4015 425 4070 itaet
443 4015 564 4070 creditori
582 4015 721 4084 pristinum
736 4015 778 4068 ius
795 4015 957 4080 restituitur,
980 4031 1065 4084 neque

260 4081 330 4134 omni
348 4083 424 4136 modo
443 4083 557 4138 creditor
574 4083 667 4152 pignus
685 4081 795 4136 remittit
802 4085 821 4146 ὅ,
839 4083 885 4136 sed
898 4083 936 4136 ite
951 4083 1064 4148 demum,

260 4149 282 4200 si
300 4155 402 4216 emptor
419 4165 474 4204 rem
490 4151 603 4204 redueat
619 4167 668 4204 nec
686 4151 781 4204 reddat
797 4149 935 4204 venditori.
961 4157 987 4204 01
1004 4151 1063 4204 ideo

261 4317 288 4376 (1)
308 4315 451 4366 vendiderit
459 4339 504 4368 scr.
581 4323 611 4372 (1)
629 4321 715 4368 venire
723 4317 764 4368 F²
833 4323 864 4382 (3)
882 4321 1019 4384 republica
1028 4319 1068 4372 F²

260 4385 291 4444 (1)
310 4399 363 4432 eam
373 4385 457 4448 solvit]
467 4385 572 4436 exsolvit
581 4387 641 4438 Hal.
711 4393 743 4448 (0)
762 4387 814 4450 cui]
825 4387 925 4438 nbiccr.
977 4391 1010 4452 (1)
1028 4405 1067 4438 re·

940 443 1033 454 —
1058 349 1119 418 aas

1817 309 1962 422 mr

1115 529 1139 582 si
1155 529 1253 584 iudicio
1271 549 1323 598 quo
1343 547 1377 584 ue
1394 543 1501 604 accepto
1520 533 1639 590 venditor
1662 529 1799 584 absolutus
1823 531 1858 582 sit
1880 531 1920 584 vel

1116 549 1920 730 1111011111111111111110111

1116 727 1236 780 accidere
1253 729 1414 796 potuissent,
1439 733 1540 784 etiamsi
1557 747 1611 784 non
1627 733 1763 786 voluntate
1781 727 1919 778 creditoris

1115 793 1282 848 vendidisset.
1319 793 1437 846 Creditor
1460 811 1564 862 qnoque
1586 799 1608 850 si
1629 799 1724 864 pignus
1747 793 1869 848 distraxit
1894 797 1920 844 et

1116 863 1165 912 ex⁷
1181 861 1330 914 venditione
1347 875 1480 914 recessum
1497 861 1578 916 fuerit
1598 865 1640 916 vel
1661 865 1740 918 homo
1763 859 1919 922 redhibitus,

1116 925 1259 978 dominium
1281 927 1316 978 ad
1339 927 1482 980 debitorem
1503 929 1649 982 revertitur.
1685 929 1805 994 idemque
1829 931 1869 980 est
1891 925 1920 976 in

1116 993 1245 1058 omnibus,
1263 993 1359 1060 quibus
1374 1009 1529 1046 concessum
1544 999 1584 1046 est
1598 1009 1651 1048 rem
1667 997 1777 1048 0110110111
1792 995 1919 1048 vendere:

1116 1061 1254 1112 nonenim
1272 1061 1335 1126 quia
1352 1061 1493 1114 dominium
1509 1057 1688 1126 transierunt,
1711 1063 1770 1116 ideo
1795 1063 1827 1114 ab
1847 1077 1919 1128 emp-

1115 1131 1173 1180 tore
1189 1127 1230 1180 110
1247 1127 1390 1194 recipiunt:
1409 1127 1500 1180 sedin
1517 1125 1656 1194 pristinam
1673 1143 1781 1182 causam
1794 1145 1836 1182 res
1848 1129 1920 1182 redit

1115 1193 1233 1248 resoluta
1248 1195 1407 1248 venditione.

1152 1259 1187 1318 11
1207 1261 1287 1314 Ionas
1301 1261 1368 1316 libro
1386 1265 1483 1330 quarto
1497 1275 1685 1332 responsorum
1718 1261 1818 1318 Lucius
1834 1263 1919 1318 Titius

1116 1345 1177 1382 cnm
1199 1335 1269 1384 esset
1290 1329 1368 1384 uxori
1390 1345 1455 1384 suae
1472 1327 1555 1382 Gaiae
1571 1327 1647 1380 Seiae
1670 1327 1773 1384 debitor
1796 1333 1845 1384 sub
1863 1333 1919 1400 pig-

1115 1411 1181 1450 nore
1198 1397 1251 1450 sive
1268 1397 1418 1466 hypotheca
1435 1397 1609 1466 praediorum,
1628 1393 1718 1450 eadem
1754 1399 1844 1452 raedia
1860 1417 1920 1454 cum

1116 1479 1200 1518 uxore
1222 1479 1271 1518 sua
1294 1465 1371 1518 Seiae
1393 1465 1524 1534 Septiciae
1550 1465 1695 1516 communis
1750 1465 1790 1518 'ae
1814 1469 1921 1522 nomine

1118 1531 1270 1600 Sempronio
1288 1531 1383 1586 marito
1402 1533 1458 1586 eius
1481 1531 1570 1584 futuro
1592 1531 1621 1582 111
1643 1531 1731 1582 dotem
1749 1533 1833 1586 dedit:
1858 1549 1920 1604 pos·

1117 1603 1161 1652 tea
1178 1599 1302 1654 defuncto
1326 1599 1410 1652 Lucio
1435 1597 1504 1652 Titio
1528 1595 1643 1664 Septicia
1664 1597 1719 1648 fflia
1742 1597 1869 1654 abstinuit
1892 1617 1921 1654 se

1117 1665 1263 1720 hereditate
1280 1671 1403 1734 paterna:
1428 1681 1539 1732 quaero,
1563 1681 1597 1716 an
1614 1669 1698 1716 mater
1716 1663 1771 1716 eius
1789 1665 1919 1734 hypothe-

1117 1749 1177 1786 cam
1193 1733 1314 1802 persequi
1330 1733 1422 1800 possit.
1457 1731 1557 1786 Paulus
1574 1731 1710 1798 respondit
1745 1733 1842 1798 ignoris
1862 1735 1920 1802 qui-

1118 1799 1176 1852 dem
1201 1799 1388 1868 obligationem
1412 1799 1579 1868 praediorum
1606 1799 1703 1864 Gaiam,
1726 1747 1824 1864 datam,
1853 1817 1921 1868 quae

1117 1869 1173 1920 viro
1196 1883 1244 1936 pro
1268 1867 1323 1920 filia
1346 1867 1478 1920 communi
1500 1867 1528 1918 111
1551 1867 1638 1920 dotem
1656 1865 1748 1920 eadem
1766 1865 1839 1918 danti
1857 1883 1920 1920 con-

1117 1935 1212 1998 sensit,
1237 1951 1297 1988 cnm
1315 1935 1461 1988 communis
1478 1933 1547 1988 filiae
1565 1935 1668 1988 nomine
1686 1933 1825 2000 darentur,
1842 1935 1920 1988 remi·

1116 2005 1182 2056 sisse
1199 2001 1293 2066 videri,
1307 2001 1492 2070 obligationem
1510 2007 1599 2056 autem
1616 2003 1781 2070 personalem
1798 2017 1920 2070 perseve·

1115 2083 1204 2124 rasse:
1228 2069 1275 2122 scd
1292 2069 1417 2122 adversus
1436 2083 1507 2134 eam,
1532 2085 1600 2138 qnae
1619 2071 1705 2190 (patris
1728 2069 1875 2122 hereditate
1892 2083 1921 2122 se

1116 2137 1252 2200 abstinuit,
1271 2137 1402 2190 actionem
1418 2153 1473 2190 non
1490 2153 1548 2190 esse
1565 2137 1617 2190 dan
1637 2151 1687 2190 arn.

1153 2199 1190 2260 12
1207 2203 1667 2274 Ionnlr'broqaimtorcsportsoram
1700 2203 1919 2272 Paulusrespon-

1116 2271 1154 2324 dit
1172 2271 1354 2338 Sempronium
1377 2271 1551 2338 antiquiorem
1574 2271 1730 2326 creditorem
1754 2271 1920 2326 consentien-

1115 2343 1182 2402 tem,
1208 2353 1268 2392 cum
1292 2337 1395 2392 debitor
1418 2339 1528 2392 eandem
1545 2355 1600 2392 rem
1617 2339 1695 2392 tertio
1713 2337 1837 2392 creditori
1854 2337 1920 2390 obli-

1115 2411 1202 2472 garet,
1220 2405 1261 2460 ius
1279 2421 1356 2459 sunm
1373 2407 1488 2472 pignoris
1505 2407 1635 2460 remisisse
1650 2405 1745 2470 videri,
1770 2421 1824 2458 11011
1842 2405 1921 2458 etiam

1115 2473 1222 2524 tertium
1238 2473 1370 2526 inlocum
1388 2473 1443 2526 eius
1460 2473 1627 2538 successisse,
1646 2479 1671 2526 et
1687 2473 1747 2526 ideo
1765 2473 1844 2526 medii
1862 2487 1920 2524 cre·

1116 2539 1208 2592 diteris
1221 2539 1353 2594 meliorem
1368 2555 1475 2592 causam
1490 2539 1619 2594 effectam.
1643 2539 1712 2592 idem
1727 2539 1921 2594 observandum

1119 2611 1130 2658 1
1168 2611 1208 2660 001
1231 2613 1257 2660 01
1280 2607 1302 2660 01
1325 2623 1367 2662 100
1390 2607 1497 2674 publica
1513 2609 1590 2660 tertio
1606 2607 1666 2662 1000
1685 2607 1833 2660 crediderit.
1870 2605 1921 2674 Qui

1115 2673 1231 2740 pignoris
1253 2673 1311 2728 iure
1332 2689 1389 2728 rem
1409 2681 1617 2742 persequuntur,
1643 2689 1659 2728 a
1683 2675 1860 2728 vindicatione
1882 2673 1921 2726 101

1117 2755 1161 2794 000
1176 2741 1302 2794 removeri
1315 2743 1408 2806 solere,
1426 2741 1449 2794 si
1463 2743 1660 2810 qualiscumque
1673 2757 1811 2810 possessor
1826 2743 1921 2794 offerre

1117 2807 1206 2860 vellet:
1232 2821 1317 2876 neque
1340 2809 1408 2862 enirn
1425 2807 1503 2862 debet
1520 2809 1610 2876 quaeri
1628 2809 1659 2860 110
1676 2809 1734 2862 iure
1751 2807 1920 2876 possessoris,

1118 2891 1177 2928 oum
1194 2875 1236 2926 ius
1253 2875 1372 2942 petitoris
1389 2881 1554 2928 removeatur
1571 2875 1657 2928 soluto
1674 2875 1793 2942 pignore.

1154 2935 1504 2996 13-111110111100010
1527 2947 1620 2994 octono
1646 2941 1857 3010 disputationum
1892 2939 1921 2992 Si

1118 3007 1250 3060 deferente
1268 3007 1398 3062 creditore
1413 3005 1509 3060 iuravit
1526 3007 1629 3060 debitor
1646 3023 1674 3060 se
1692 3007 1755 3060 dore
1772 3025 1825 3060 non
1841 3023 1920 3074 opor.-

1116 3081 1180 3136 terc,
1198 3075 1293 3142 pignus
1310 3075 1445 3138 liberatur,
1463 3075 1524 3142 quia
1541 3073 1650 3142 perinde
1664 3073 1786 3138 habetur,
1804 3073 1921 3142 atquesi

1116 3139 1213 3194 iudicio
1238 3141 1374 3196 absolutus
1399 3147 1481 3196 esset:
1504 3157 1566 3194 nam
1583 3141 1681 3194 etsie
1698 3141 1785 3194 iudice
1802 3141 1921 3208 quamvis

1117 3223 1164 3276 per
1180 3207 1302 3262 iniuriam
1316 3209 1454 3262 absolutus
1466 3207 1501 3262 sit
1514 3207 1623 3272 debitor,
1641 3213 1730 3260 tamen
1745 3207 1839 3274 pignus
1855 3209 1920 3260 libe·

1117 3279 1200 3328 ratur.

1154 3339 1191 3396 14
1213 3339 1312 3394 Lnrro
1337 3341 1404 3394 libro
1430 3343 1523 3410 quinto
1544 3343 1727 3412 posteriorum
1753 3357 1770 3394 a
1793 3339 1920 3394 Iunciano

1118 3409 1322 3478 epitomatorem
1356 3407 1422 3476 Cum
1439 3409 1533 3462 colono
1551 3409 1599 3462 tibi
1616 3409 1752 3472 convenit,
1769 3413 1800 3462 ut
1817 3409 1922 3460 invecta

1116 3477 1259 3544 importata
1281 3475 1385 3544 pignori
1407 3481 1507 3540 esseut,
1532 3475 1615 3528 donee
1638 3489 1738 3528 merces
1761 3475 1811 3526 tibi
1833 3475 1922 3528 solnta

1118 3549 1165 3596 aut
1181 3541 1347 3596 satisfactum
1364 3547 1446 3596 esset:
1471 3541 1565 3598 deinde
1587 3541 1715 3596 mercedis
1733 3543 1839 3596 nomine
1856 3541 1921 3596 tide·

1116 3613 1245 3664 iussorem
1267 3625 1284 3664 0
1307 3609 1400 3664 001000
1418 3609 1552 3676 accepisti.
1580 3609 1745 3664 satisfactum
1767 3609 1816 3662 tibi
1839 3609 1922 3664 videri

1118 3677 1236 3732 existimo
1255 3681 1282 3730 et
1297 3677 1358 3732 ideo
1374 3679 1448 3730 illata
1465 3679 1586 3746 pignori⁸
1603 3691 1661 3730 esse
1678 3677 1785 3730 desisse.

1154 3741 1360 3802 1501111011
1385 3745 1547 3798 1111000110
1565 3745 1726 3814 directorum
1760 3743 1842 3798 Primi
1865 3759 1921 3798 cre·

1118 3811 1217 3876 ditaris,
1235 3811 1280 3880 qui
1295 3811 1399 3880 pignori
1415 3811 1524 3880 praedia
1542 3817 1696 3880 acceperat,
1715 3817 1742 3866 et
1758 3811 1921 3880 posterioris,

1117 3883 1161 3934 cui
1178 3879 1284 3950 quidam
1301 3895 1334 3934 ex
1349 3881 1433 3934 isdem
1449 3879 1539 3934 11111110
1562 3881 1617 3934 dati
1640 3885 1728 3944 erant,
1753 3881 1788 3934 ad
1811 3881 1921 3934 eandam

1116 3963 1257 4018 personam
1265 3949 1398 4002 hereditas
1412 3947 1566 4002 devenerat:
1577 3949 1679 4002 debitor
1688 3947 1824 4014 offerebat,
1836 3965 1921 4016 quan·

1116 4021 1173 4070 tnm
1190 4031 1206 4070 a
1223 4015 1369 4084 posteriore
1388 4015 1517 4070 creditore
1533 4021 1670 4070 mutuatus
1687 4015 1784 4072 iuerat.
1811 4033 1921 4084 respon·

1116 4083 1155 4204 {lit
1172 4085 1317 4152 cogendum
1331 4083 1451 4154 accipere
1466 4085 1537 4138 salvo
1552 4085 1608 4138 iure
1622 4085 1737 4154 pignoris
1752 4085 1847 4154 prioris
1857 4099 1918 4138 con·

1128 4161 1228 4206 ractus.

1121 4321 1238 4372 11110111Ἷ2
1307 4327 1338 4388 (t)
1357 4325 1483 4384 ex]aedd.
1554 4325 1586 4388 (8)
1604 4321 1768 4390 pignorisF¹
