4366 6258
279 357 432 428 XXXXV
454 367 483 432 ι..
503 367 522 424 3
1079 349 1144 426 736
1423 349 1424 352 ’
1636 373 1681 420 nn
1704 371 1943 420 srmunnmoan

281 561 325 598 eos
344 545 409 598 duos
431 559 491 596 reos
508 541 667 610 stipulanti,
691 559 752 596 cnm
769 541 839 600 Titio
864 541 956 596 decem
972 547 1084 608 mutum,
1136 539 1201 596 sed⁰
1229 541 1253 594 si
1274 539 1396 594 kalendis
1418 539 1509 594 decem
1532 539 1595 594 data
1618 553 1672 592 non
1692 537 1806 604 luerint,
1835 541 1944 606 uterque

279 613 340 664 Seio
364 609 471 664 Stichus
494 613 542 664 aut
563 607 654 664 decem
676 609 837 664 debeantnrz
863 623 932 688 quae
955 607 1087 664 εειιιειιιιε
1137 607 1260 662 dominns
1277 623 1311 662 ex
1327 607 1456 676 stiprdatu
1474 621 1552 676 agere
1568 607 1682 676 poterit,
1700 607 1748 662 sed
1765 607 1812 660 ιιιτ
1830 605 1944 660 secunda

279 675 1086 798 ⁰2{ertinit’·uis’f{ss³mvi⁵ffi1hui9*afflifflssff{ii
1137 673 1419 796 ppllp‘lplptipepetplpaevio
1444 675 1584 730 commissa
1607 673 1693 728 Titius
1716 673 1870 744 exceptione
1894 673 1945 726 doli

280 759 618 798 vmveerornm
722 759 843 798 ommus
913 759 1086 798 noas
1223 759 1352 796 οι.

280 817 376 862 manet.
412 811 459 864 sed
481 783 692 876 dicendum'est,
715 817 756 876 ut,
781 811 804 866 si
825 809 917 864 decem
938 759 1086 866 alterium·
1172 805 1192 866 2
1222 809 1367 864 Unrrnrus
1392 809 1461 864 libro
1490 813 1588 880 quarto
1619 809 1656 862 od
1685 807 1815 862 Sabinum
1850 809 1944 862 Servus

280 877 354 940 verit,
372 877 405 928 ab
425 879 507 930 altero
526 877 661 932 liberetur.
1139 877 1285 930 eommunis
1307 877 1383 944 ipse⁸
1406 877 1456 932 sibi
1479 877 1603 946 stipulari
1625 893 1680 932 non
1702 881 1804 946 potest,
1830 877 1945 944 quamvis

317 941 354 1000 16
372 943 452 996 Inna
472 943 540 998 libro
564 947 642 998 terem
664 945 696 998 de
717 943 857 998 verboram
881 943 1088 1014 oblipotr'onidas
1138 949 1274 998 censurat
1297 957 1357 998 eum
1374 959 1404 998 se
1426 943 1548 1012 stipulari
1565 943 1672 998 domino
1688 957 1780 1012 posse:
1806 943 1945 996 nonenim

280 1011 324 1064 Er
341 1011 443 1064 duobus
457 1011 510 1066 reis
526 1011 670 1080 stipulandi
687 1011 711 1066 si
724 1009 806 1066 semel
818 1027 888 1066 unus
902 1011 991 1078 egerit,
1010 1011 1087 1066 alteri
1138 1025 1167 1064 se
1184 1009 1291 1066 domino
1310 1009 1440 1078 adquirit,
1455 1009 1503 1066 sed
1520 1009 1554 1064 de
1571 1027 1601 1066 se
1617 1009 1812 1080 obligationem.

280 1079 425 1144 promissor
442 1077 576 1132 offerendo
594 1079 735 1148 pecuniam
750 1077 816 1132 nihil
833 1079 896 1150 agit.
1172 1073 1290 1134 illurn
1310 1077 1378 1132 libro
1403 1079 1497 1150 quinto
1521 1077 1562 1132 ucl'
1580 1077 1711 1134 Sabinum
1745 1077 1775 1132 Si
1796 1093 1888 1132 servus
1910 1079 1946 1132 rei

317 1141 354 1202 17
380 1145 497 1198 Pronus
528 1147 596 1202 libro
623 1153 716 1200 octavo
745 1145 783 1198 od
809 1145 948 1200 Plautium
988 1145 1047 1200 Sive
1070 1161 1088 1198 a
1137 1145 1279 1214 publioae⁹
1296 1145 1338 1200 vel
1354 1145 1491 1216 municipii
1506 1147 1550 1200 rel
1567 1145 1689 1202 coloniae
1706 1145 1859 1214 stipuletur,
1883 1153 1945 1214 puto

281 1213 361 1266 certis
389 1213 519 1282 personis
539 1213 666 1268 heredum
687 1213 843 1266 nominatim
870 1213 987 1294 legatum
1009 1219 1086 1278 esset,
1138 1211 1227 1268 valere
1244 1213 1451 1282 stipulationem.

281 1281 336 1334 sire
358 1281 392 1334 ab
415 1279 537 1334 omnibus
554 1285 666 1360 excepto
685 1279 789 1400 alipuo,
812 1279 954 1334 Atilicmus
971 1279 1087 1334 Sabinus
1172 1279 1296 1336 4Innm
1318 1279 1386 1336 libro
1414 1281 1557 1336 uicensimo
1577 1281 1668 1360 primo
1694 1279 1738 1360 ad.
1756 1279 1887 1336 Sabinum
1921 1279 1947 1336 Si

281 1347 388 1402 Gnosius
406 1363 455 1414 pro
472 1347 638 1402 hereditaria
655 1353 725 1416 parti
743 1363 776 1400 ιιι
793 1351 895 1402 ιοιιιιιι1
914 1363 959 1402 εεε
971 1347 1088 1416 legatum
1139 1363 1232 1402 sersus
1257 1349 1404 1402 communis
1427 1347 1479 1402 sihi
1501 1353 1528 1402 et
1548 1363 1595 1402 um
1613 1363 1647 1402 ex
1669 1347 1782 1402 dominis
1799 1347 1945 1418 stipuletur,

281 1415 417 1470 debiturus
434 1415 516 1482 aium,
532 1417 598 1536 poia
614 1413 747 1494 hereditas
765 1429 811 1470 eos
826 1413 934 1484 obligat.
951 1415 1021 1468 idem
1039 1421 1086 1480 est,
1138 1413 1248 1494 perinde
1271 1419 1323 1480 est,
1354 1431 1395 1496 ec·
1409 1415 1576 1494 siomnihus
1598 1413 1711 1496 dominis
1735 1415 1831 1496 etum
1852 1429 1886 1468 ex
1907 1415 1946 1470 his

281 1483 799 1628 Sauenesaturata
815 1549 925 1604 naua
959 1549 1087 1606 nana.
1138 1481 1946 1618 edibilis,villieldlhdaidflidioTillaiidill

281 1617 332 1672 bus
353 1617 408 1672 reis
430 1617 548 1672 eiusdem
572 1617 657 1672 Stichi
677 1617 849 1686 promittendi
878 1615 957 1672 iactis
978 1619 1088 1672 alterius
1138 1619 1244 1672 beatam.

281 1685 381 1738 factum
399 1685 477 1738 alteri
494 1701 600 1754 quoque
616 1691 704 1738 nocet.
1173 1681 1192 1742 5
1210 1685 1292 1738 lnam
1313 1685 1381 1740 labro
1404 1685 1632 1756 quadrupenaimo
1655 1689 1749 1740 octauo
1766 1687 1803 1738 acl
1820 1685 1945 1740 Sabinum

317 1749 355 1808 19
378 1753 459 1806 luam
480 1753 548 1806 libro
577 1753 731 1822 tripeusimo
760 1753 873 1824 septimo
901 1753 939 1806 od
960 1751 1088 1818 Οιιιιιιιιιε
1139 1753 1239 1806 Servus
1262 1753 1410 1806 communis
1433 1753 1472 1806 sio
1496 1753 1613 1806 omnium
1631 1761 1743 1808 estnon
1766 1753 1844 1822 quasi
1859 1753 1946 1822 singu·

282 1819 400 1874 Μεειιιιιι
441 1819 507 1872 Cum
536 1819 588 1874 duo
617 1819 728 1874 eandem
755 1819 897 1888 pecuniam
925 1819 1035 1888 dehent,
1066 1819 1088 1874 si
1138 1819 1227 1874 lorum
1242 1825 1324 1888 totus,
1343 1819 1391 1876 sed
1408 1833 1457 1888 pro
1475 1819 1596 1888 partibus
1610 1819 1701 1888 utique
1718 1819 1846 1882 indivisis,
1863 1825 1893 1874 ut
1909 1823 1947 1874 in·

281 1903 349 2008 litt
369 1885 833 2010 ttrittttddldttttth
851 1887 1089 2012 tartidate
1139 1889 1250 2010 titt
1265 1887 1686 2010 delibiliidabidbllii
1704 1889 1946 2010 retruseritis

281 2039 322 2078 res
340 2023 399 2092 ipsa
416 2025 535 2076 solvatur
551 1995 586 2076 an
603 2039 719 2092 persone
735 2023 871 2080 liberetur.
897 1999 1089 2092 oum'persona
1140 1971 1265 2078 omiiihus
1291 1971 1408 2092 aiquirit
1430 2039 1480 2092 pro
1502 1973 1595 2092 iaris,
1622 2039 1675 2092 qua
1700 1973 1895 2078 dominiumin
1917 2003 1946 2080 eo’

280 2093 411 2146 liberatur
427 2097 550 2146 manente
569 2091 742 2160 obligatione,
761 2091 830 2148 alter
846 2093 927 2146 durat
943 2093 1088 2162 obligatum
1139 2093 1249 2146 habent.
1284 2091 1347 2146 licet
1368 2097 1458 2146 autem
1481 2091 1506 2146 ei
1523 2097 1551 2146 et
1572 2091 1728 2146 nominatim
1751 2091 1832 2146 alicui
1848 2107 1881 2146 ex
1903 2093 1946 2146 do-

281 2165 307 2214 et
324 2159 383 2214 ideo
401 2159 422 2212 si
441 2173 513 2230 aqua
530 2165 556 2214 et
573 2159 627 2230 igni
643 2161 812 2216 interdictum
826 2165 875 2226 est,
893 2161 1007 2216 adonius
1023 2161 1088 2214 lide-
1140 2159 1218 2214 minis
1236 2159 1359 2230 stipulari
1375 2161 1417 2214 vel
1433 2159 1560 2212 traditam
1577 2175 1632 2212 rem
1655 2159 1788 2228 accipere,
1811 2163 1842 2214 ut
1858 2161 1884 2214 ei
1900 2161 1947 2216 soli

280 2229 367 2282 iussor
384 2233 479 2298 postea
496 2227 531 2284 ab
549 2243 580 2282 eo
599 2227 676 2284 datus
694 2231 826 2284 tenetur2.
1141 2227 1272 2298 adquirat.
1301 2227 1347 2284 sed
1355 2231 1376 2260 ¹⁰
1393 2227 1418 2282 si
1433 2243 1488 2282 uon
1505 2227 1660 2282 nominatim
1677 2227 1784 2282 domino
1798 2227 1947 2296 stipuletur,

1141 2295 1189 2350 sed
1205 2297 1280 2350 iussu
1298 2295 1376 2350 unius
1390 2295 1566 2362 dominorum,
1583 2295 1635 2350 hoc
1652 2297 1710 2350 iure
1727 2297 1834 2366 utimur,
1851 2299 1882 2350 ut
1900 2297 1947 2352 soli

1141 2365 1167 2420 ei
1184 2365 1218 2418 ad
1237 2365 1315 2428 nbat,
1334 2365 1410 2418 onius
1427 2365 1502 2418 iussu
1520 2365 1663 2434 stipulatus
1679 2367 1731 2418 εει.

649 2437 720 2496 111³.
1175 2429 1194 2488 6
1241 2445 1383 2486 ouronrus
1405 2431 1473 2488 libro
1495 2433 1637 2488 vicensimo
1659 2437 1738 2486 sento
1762 2431 1800 2484 ad
1820 2429 1956 2486 Salomon¹

426 2535 473 2584 a
1141 2497 1947 2638 atita,rardadhaerescerentulte

319 2633 353 2692 1⁴
377 2633 520 2688 lustrans
545 2633 612 2688 libro
641 2635 707 2704 quia
746 2635 882 2704 operatae
905 2633 1023 2688 εεειιιιιιο
1050 2633 1089 2688 cli·
1159 2635 1223 2700 ariri,
1251 2635 1298 2704 qui
1313 2635 1405 2690 iussit:
1427 2635 1644 2704 quaesententia
1668 2641 1695 2690 et
1712 2635 1797 2690 Cassii
1814 2639 1841 2690 et
1857 2635 1947 2690 Sebini

281 2709 417 2776 postorum
452 2701 518 2756 Cum
536 2717 627 2756 servus
646 2701 716 2770 stipu
727 2707 798 2770 etur,
820 2701 888 2756 nihil
902 2701 1020 2768 interest,
1039 2701 1091 2756 sibi
1160 2703 1247 2758 'citur
1492 2745 1493 2748 ι

282 2787 317 2824 an
335 2771 440 2824 domino
458 2785 493 2824 an
511 2785 572 2824 nero
591 2769 648 2824 siue
665 2773 793 2824 alterutra
811 2771 921 2824 eorum⁵
943 2767 1090 2824 adiectione
1176 2767 1194 2828 7
1219 2771 1364 2826 Uarianos
1384 2771 1452 2826 libro
1477 2771 1685 2844 quadrupedum
1709 2777 1802 2826 octono
1820 2771 1857 2826 od
1874 2769 1943 2826 Sabi·

285 2847 295 2894 1
332 2839 389 2894 dari
416 2839 565 2908 stipuletur.
601 2839 629 2894 Si
652 2853 743 2894 servus
766 2845 842 2906 tuus,
870 2839 924 2908 qui'
938 2837 1003 2892 mihi
1018 2839 1090 2892 bona
1141 2857 1205 2894 uuna
1240 2839 1356 2896 Proinde
1373 2845 1401 2894 et
1418 2839 1442 2894 si
1459 2845 1586 2908 quattuor
1602 2839 1671 2896 forte
1689 2839 1809 2896 dominos
1827 2839 1948 2894 hebuerit

281 2905 333 2962 fide
359 2909 501 2974 serviebat,
530 2907 664 2976 pecuhum
680 2909 816 2974 hebuerit,
839 2907 911 2976 qnod
928 2905 963 2962 ad
986 2911 1012 2962 te
1028 2923 1089 2976 per·
1142 2913 1169 2962 et
1185 2909 1299 2962 duorum
1316 2909 1392 2962 iussu
1409 2909 1551 2978 stipulatus
1571 2909 1612 2976 sit,
1630 2907 1750 2962 hinnulis
1768 2907 1889 2976 adquiret
1907 2911 1947 2976 qui

281 2977 372 3042 tinent,
390 2981 477 3046 etego
493 2991 571 3030 exeo
605 2977 726 3030 ecuuiam
740 2977 811 3030 Titio
826 2975 972 3040 credidero,
991 2977 1090 3030 nummi
1139 2977 1290 3042 iusserunt,
1308 2977 1445 3046 magisque
1463 2981 1515 3044 est,
1534 2981 1565 3030 nt
1581 2991 1636 3030 non
1653 2977 1812 3046 aequaliter,
1838 2975 1885 3032 sed
1901 2993 1947 3046 pro

281 3043 321 3098 tui
338 3045 491 3110 manebunt,
510 2993 663 3114 stipuidndo
682 3049 771 3100 autem
788 3043 854 3098 mibi
871 3059 962 3100 seruus
980 3045 1090 3100 eandem
1140 3045 1263 3114 portione
1287 3043 1419 3100 dominica
1439 3049 1525 3100 totum
1543 3043 1581 3100 eis
1599 3045 1764 3114 adquiratur.
1798 3045 1868 3100 idem
1886 3051 1947 3112 puto

282 3115 421 3184 pecuniam
439 3113 505 3166 nihil
524 3119 595 3184 aget:
618 3113 775 3168 vindicando
794 3127 857 3184 ergo
875 3127 933 3168 eam
949 3113 1090 3182 pecuniam
1141 3119 1169 3168 et
1185 3115 1209 3168 si
1226 3115 1381 3168 nominatim
1398 3113 1436 3168 eis
1454 3113 1598 3184 stipulatus
1616 3127 1674 3168 esse
1691 3119 1868 3236 proponatur:
1890 3127 1948 3166 nam

284 3187 297 3236 ι
331 3187 362 3236 tu
385 3181 510 3252 consequi
531 3181 639 3252 poteris.
681 3181 708 3238 Si
730 3197 823 3238 servus
846 3181 993 3238 communis
1016 3197 1090 3238 meus
1142 3183 1209 3238 etsi
1226 3181 1434 3238 omninmriussu
1453 3181 1596 3252 stipulatus
1614 3181 1698 3238 sitne
1725 3183 1847 3238 omnibus
1864 3181 1947 3236 nomi-

282 3257 309 3306 ει
330 3255 393 3306 tuna
415 3265 448 3306 ex
470 3251 589 3322 peculio,
620 3251 690 3320 qnod
714 3253 748 3304 ad
772 3257 799 3306 te
823 3251 909 3306 solum
932 3251 1089 3320 pertinebat,
1141 3251 1239 3316 natim,
1257 3267 1311 3306 non
1328 3251 1511 3306 dubitaremus
1529 3251 1650 3306 omnibns
1667 3265 1717 3320 pro
1736 3249 1872 3306 dominicis
1892 3265 1947 3304 earm

281 3325 399 3374 mutuam
416 3321 558 3388 pecuniam
573 3319 680 3386 dederit,
700 3319 887 3388 obligationem
903 3319 954 3374 tibi
968 3319 1090 3388 adquiret
1145 3325 1155 3374 l
1191 3319 1374 3388 portionibuS,
1392 3335 1447 3374 uon
1463 3335 1512 3388 pro
1530 3319 1650 3374 virilibus
1667 3317 1815 3388 adquirere.
1850 3319 1880 3372 Si
1897 3335 1948 3374 ser·

282 3393 320 3452 et,
344 3389 367 3442 si
385 3387 495 3442 eandem
511 3389 574 3442 mihi
591 3389 746 3442 nominatim
768 3387 911 3458 stipulatus
929 3387 1021 3454 fuerit,
1044 3389 1089 3442 de·
1140 3403 1189 3442 vus
1208 3387 1354 3442 communis
1371 3389 1407 3442 ab
1418 3403 1473 3442 uno
1492 3403 1525 3442 ex
1542 3387 1621 3442 sociis
1636 3387 1780 3456 stipulatus
1793 3387 1836 3452 sit,
1853 3387 1877 3442 si
1894 3385 1948 3454 qui·

284 3457 395 3510 hitorem
418 3471 435 3508 a
457 3461 485 3510 te
512 3471 566 3510 non
593 3457 730 3522 hherahit,
757 3457 804 3510 sed
830 3461 943 3526 uterque
969 3463 1089 3510 nostrum
1142 3457 1201 3512 dem
1229 3457 1383 3512 nominatim
1411 3457 1488 3510 alteri
1514 3457 1599 3522 socio,
1629 3457 1654 3510 ei
1681 3455 1882 3510 solidabatur:
1910 3457 1948 3508 sin

282 3523 391 3578 habehit
408 3523 551 3590 actionem,
570 3541 618 3592 ego
638 3541 669 3578 ex
687 3523 822 3592 stiprdetu,
840 3529 872 3578 ιιι
887 3525 960 3646 puod
976 3525 1090 3594 pecunia
1141 3529 1232 3580 antem
1254 3525 1311 3580 sine
1333 3525 1389 3578 ulla
1406 3523 1554 3580 adiectione
1571 3541 1638 3592 pure
1655 3523 1798 3592 stipulatus
1817 3523 1864 3588 sit,
1890 3523 1948 3578 reli-

281 3597 329 3646 tua
351 3597 489 3646 numerata
512 3593 561 3648 sit:
588 3593 692 3648 debitor
712 3599 801 3646 tamen
822 3607 865 3646 me
906 3593 942 3648 oli
964 3593 1026 3646 mali
1043 3609 1089 3648 ex·
1142 3609 1208 3662 quas
1230 3597 1322 3664 partes
1345 3593 1397 3648 ia¹.¹
1425 3607 1518 3648 servus
1541 3593 1637 3648 ceteris
1660 3593 1740 3648 sociis
1762 3597 1871 3662 praeter
1893 3607 1947 3646 eam

284 3667 297 3714 3
333 3661 453 3730 ceptione
476 3677 641 3716 summovere
662 3661 770 3730 poterit.
806 3659 884 3730 Quod
905 3675 998 3716 servus
1014 3677 1089 3718 meus
1140 3667 1259 3730 partem,
1282 3677 1317 3716 ax
1334 3677 1387 3730 que
1404 3663 1548 3732 promissor
1569 3661 1692 3736 dominus
1715 3667 1799 3728 esset,
1823 3661 1947 3730 adquiret.

282 3745 340 3784 meo
364 3745 438 3784 serro
464 3729 522 3784 dari
544 3729 701 3798 stipulatur,
718 3729 747 3784 id
763 3727 874 3800 perinde
890 3729 985 3784 haberi
1003 3727 1089 3796 debet,
1141 3729 1189 3784 sed
1211 3729 1236 3786 si
1256 3731 1333 3784 iussn
1355 3731 1434 3784 nnius
1458 3731 1524 3786 socii
1549 3731 1583 3784 sti
1601 3731 1692 3786 ulatus
1713 3735 1768 3796 est,
1794 3729 1866 3784 idem
1886 3729 1948 3784 iuris

282 3813 314 3852 ao
332 3799 356 3852 si
372 3799 436 3852 mihi
457 3799 610 3868 stipuletur:
635 3799 699 3852 item
719 3797 792 3866 quod
814 3803 862 3852 tuo
880 3813 957 3852 servo
979 3797 1089 3866 stipula·
1142 3803 1195 3862 est,
1220 3799 1292 3864 quod
1315 3805 1398 3864 esset,
1422 3799 1446 3854 si
1462 3799 1571 3854 eidem'
1595 3799 1601 3814 ’
1624 3799 1698 3854 socio
1721 3799 1877 3854 nominatim
1895 3795 1949 3852 dari

282 3873 333 3932 tur,
352 3865 461 3948 perinde
479 3883 511 3922 ac
529 3867 552 3922 si
568 3867 617 3920 tibi
635 3865 777 3934 stipulatus
795 3871 875 3930 esset,
893 3871 924 3918 ut
939 3865 1026 3934 valtera
1043 3865 1089 3922 eti-
1142 3865 1284 3934 stipulatus
1306 3871 1386 3940 esset.
1421 3865 1554 3920 interdum
1577 3865 1683 3922 etiamsi
1704 3881 1791 3936 neque
1813 3867 1888 3922 iussu
1906 3881 1947 3918 ne-

281 3935 384 4006 pulatro
407 3933 594 4004 obligationem
616 3935 716 4004 pariat,
740 3933 825 3988 altera
848 3933 948 3988 nullius
964 3933 1090 3988 momenti
1142 3949 1194 4004 que
1220 3933 1377 3988 nominatim
1408 3933 1485 3988 alteri
1511 3949 1545 3988 ex
1574 3933 1686 3988 dominis
1712 3935 1897 4004 stipularum,
1927 3931 1948 3986 ei

282 4009 298 4056 4
332 4003 375 4056 sit.
403 4003 554 4058 Communis
570 4019 660 4058 servus
675 4003 786 4056 duorum
802 4017 1090 4072 servorumpersonam
1140 4007 1231 4056 tamen
1254 4001 1305 4056 soli
1325 4001 1464 4072 adquirere
1487 4017 1548 4054 eum
1570 4001 1674 4056 Iuliano
1697 4003 1813 4072 placuit:
1834 4009 1865 4056 ut
1886 4007 1949 4072 puta

282 4069 402 4126 sustinet.
437 4069 537 4126 idcirco
562 4073 585 4126 si
605 4071 729 4140 proprius
752 4087 825 4126 meus
848 4087 940 4126 servus
958 4071 1090 4126 communi
1141 4069 1250 4138 siquid
1273 4069 1344 4126 forte
1364 4069 1519 4138 stipuletur,
1545 4069 1618 4138 quod
1640 4069 1748 4138 utrique
1770 4069 1876 4140 adquiri
1898 4085 1947 4124 non

282 4155 340 4194 meo
368 4145 394 4194 et
414 4145 462 4192 tuo
485 4155 561 4194 servo
586 4141 729 4208 stipulatus
752 4139 845 4204 inerit,
870 4137 940 4194 idem
956 4139 1021 4194 iuris
1040 4139 1090 4194 erit
1140 4143 1238 4208 potest.
1277 4137 1359 4194 ueluti
1385 4137 1539 4194 servitutem
1565 4139 1600 4192 ad
1625 4137 1737 4192 fundum
1767 4139 1948 4194 Cornelianum

281 4207 309 4262 in
335 4207 387 4262 hac
415 4221 469 4260 una
495 4209 668 4276 conceptione
694 4207 847 4272 verborum,
875 4207 947 4276 quod
969 4207 1090 4264 futurum
1141 4207 1286 4276 stipulatus
1303 4213 1353 4272 est,
1370 4205 1533 4288 qnifinndus
1551 4207 1701 4276 Sempronii
1717 4213 1775 4262 erat
1792 4207 1900 4262 marius
1918 4221 1947 4260 ει

282 4281 365 4340 εεεει,
400 4275 422 4330 si
450 4275 594 4344 seperatim
627 4275 696 4330 duae
725 4275 911 4356 stipulationes
944 4281 1089 4346 conceptae
1141 4275 1270 4330 dominis:
1289 4273 1314 4330 ei
1330 4275 1380 4330 soh
1397 4275 1521 4344 adquirit.
1655 4305 1656 4308 ι

282 4345 402 4408 finissent,
422 4343 507 4398 altera
519 4345 546 4396 in
564 4357 705 4412 personam
722 4359 773 4398 mer
787 4345 864 4408 servi,
879 4345 968 4400 altera
984 4345 1012 4398 in
1028 4359 1089 4414 per·
1175 4339 1308 4402 Senon
1328 4343 1397 4398 libro
1417 4343 1556 4414 sinpulnri
1571 4341 1603 4396 de
1620 4343 1726 4398 omibus
1759 4343 1826 4396 Item
1843 4343 1866 4396 si
1883 4345 1948 4396 alter

282 4427 375 4466 sonam
392 4411 431 4464 tui
449 4411 529 4466 serris
556 4425 643 4492 neque
666 4411 816 4468 existimare
836 4411 963 4480 debemus
987 4417 1090 4480 partem
1140 4427 1175 4466 ex
1196 4411 1308 4466 dominis
1332 4427 1443 4466 uxorem
1460 4411 1594 4468 ducturus
1616 4411 1653 4468 sit
1675 4415 1703 4466 et
1724 4411 1786 4466 huic
1810 4427 1885 4466 seruo
1904 4411 1947 4466 dos

283 4479 416 4534 dimidiam
438 4483 544 4534 tantum
566 4479 631 4534 mihi
653 4479 770 4548 adquiri,
794 4485 899 4550 partem
915 4479 1014 4534 nudius
1031 4495 1089 4536 ease
1139 4479 1319 4548 promittatur.

284 4547 419 4612 momenti,
444 4547 507 4618 quia
529 4561 645 4616 persona
667 4549 736 4602 servi
758 4549 905 4602 communis
923 4549 981 4604 eius
998 4549 1089 4602 condi·
1175 4543 1194 4606 9
1218 4547 1363 4602 ilnnrnuua
1384 4547 1453 4602 libro
1477 4545 1685 4620 quadrupesimo
1703 4551 1796 4602 octauo
1813 4545 1852 4602 od
1874 4545 1947 4600 Sabi·

283 4615 365 4672 monis
383 4621 438 4684 est,
457 4619 488 4668 ut
503 4615 533 4670 in
555 4629 601 4682 eo,
629 4616 698 4684 quod
720 4617 789 4672 alter
812 4631 846 4670 ex
871 4615 984 4672 dominis
1001 4621 1090 4684 potest
1140 4633 1205 4668 oum
1238 4615 1306 4670 Item
1329 4615 1353 4670 si
1376 4629 1468 4670 servus
1491 4615 1605 4670 duorum
1628 4615 1692 4670 Titii
1710 4619 1737 4670 ει
1752 4613 1850 4670 Maeuii
1866 4615 1947 4668 homi·

283 4683 435 4752 adquirere,
453 4683 522 4738 alter
538 4699 592 4738 non
609 4689 708 4752 potest,
728 4683 838 4754 perinde
855 4685 999 4750 habeatur,
1016 4699 1049 4738 ac
1065 4685 1089 4738 si
1141 4699 1209 4750 nem,
1229 4683 1274 4754 qui
1291 4681 1355 4738 Titii
1372 4687 1439 4748 erat,
1457 4681 1601 4754 stipulatus
1619 4681 1707 4750 inerit,
1726 4683 1751 4738 ei
1763 4683 1814 4738 soli
1826 4681 1947 4752 adquirit,

282 4753 340 4806 eius
357 4753 439 4808 solius
457 4757 539 4820 esset,
563 4751 607 4804 oui
631 4751 786 4818 adquirendi
809 4751 965 4808 facultatem
982 4753 1087 4806 habeat.
1142 4753 1218 4806 ouius
1240 4767 1296 4806 non
1312 4749 1371 4804 ibit.
1407 4751 1482 4806 sed¹²
1505 4753 1528 4806 si
1545 4753 1688 4820 stipulatus
1711 4751 1748 4806 sit
1763 4751 1884 4806 Stichum
1901 4749 1948 4806 sihi

282 4825 297 4872 5
333 4819 360 4876 Si
383 4819 546 4874 fructuarius
568 4835 660 4874 servus
682 4821 825 4890 stipulatus
849 4825 920 4874 esset
941 4819 1089 4874 fructuario
1140 4821 1197 4874 ει13
1220 4819 1332 4874 ‘Maeuio
1361 4823 1389 4874 et
1418 4819 1489 4874 Titio
1519 4819 1578 4872 dari
1604 4819 1757 4888 spondasi',
1782 4823 1869 4872 totum
1892 4833 1948 4872 enm

282 4893 330 4942 aut
345 4889 534 4956 proprietario,
558 4885 582 4940 si
599 4885 703 4954 quidem
719 4903 754 4942 ex
770 4903 801 4942 re
817 4885 960 4942 fructuarii
977 4887 1089 4956 stipula·
1140 4885 1246 4940 Maenio
1270 4885 1400 4954 adquirit:
1428 4887 1499 4954 quod
1520 4887 1590 4942 enim
1611 4887 1689 4942 alteri
1712 4901 1745 4942 ex
1768 4885 1881 4942 dominis
1903 4887 1947 4940 ad·

282 4961 327 5010 tus
343 4961 426 5020 esset,
449 4955 549 5008 inutilis
568 4961 608 5008 est
626 4953 776 5034 stipulatio,
801 4955 865 5036 quia
886 4955 942 5010 utri
959 4971 994 5010 ue
1010 4971 1050 5034 ex·
1060 4971 1090 5010 re
1141 4955 1247 5024 quirere
1263 4969 1318 5034 npn
1334 4959 1435 5034 potest,
1453 4953 1482 5008 id
1499 4955 1540 5034 ad·
1550 4969 1625 5020 eum,
1649 4955 1696 5024 qui
1712 4953 1748 5008 ad
1765 4953 1948 5022 obligationem

281 5023 422 5078 fructuarii
440 5023 571 5078 actionem
588 5023 728 5090 adqumere
744 5029 888 5092 potmaset:
914 4971 961 5078 sed
978 5021 1002 5078 si
1017 5023 1090 5078 ahud
1143 5029 1155 5074 1
1191 5021 1347 5088 admiretur,
1382 5027 1485 5076 emmet.
1514 5021 1947 5086 S1‚oumduosdominosaervus

283 5091 424 5160 stipulatus
443 5089 549 5158 ferisset,
572 5089 776 5170 proprietarium
793 5095 885 5160 petere
900 5107 993 5160 posse,
1010 5095 1050 5156 et,
1067 5091 1091 5146 si
1139 5091 1266 5158 haberet,
1295 5089 1348 5158 stip
1379 5095 1440 5144 atus
1462 5089 1545 5146 inerit
1564 5089 1604 5144 illi
1625 5095 1673 5144 aut
1694 5089 1733 5144 illi
1757 5089 1869 5146 dominis
1886 5091 1947 5154 suis,

284 5165 298 5214 d
332 5161 477 5230 promissor
505 5159 653 5214 fructuario
682 5161 816 5224 solvisset,
844 5159 983 5214 liberatur.
1023 5157 1090 5212 (inm
1141 5157 1291 5226 quaesitum
1314 5163 1367 5224 est,
1391 5173 1426 5212 an
1450 5157 1580 5214 consistat
1602 5157 1748 5226 stipulatio.
1783 5157 1893 5214 Sassina
1910 5159 1947 5212 io·

283 5243 373 5282 servus
398 5227 544 5284 communis
562 5227 627 5280 Titii
643 5231 670 5280 et
686 5227 783 5282 Maeuii
806 5227 950 5296 stipulatur
972 5227 1001 5280 in
1016 5227 1090 5282 huno
1140 5225 1234 5280 utilem
1255 5241 1314 5282 esse
1337 5227 1537 5296 stipulationem
1560 5227 1668 5296 scripsit
1685 5229 1711 5278 et
1727 5225 1846 5282 Iulianus
1865 5227 1947 5282 tassii

283 5295 401 5350 modum:
420 5295 519 5350 ‘decem
536 5293 657 5350 kalendis
675 5295 745 5350 Titio
763 5293 828 5350 dare
845 5293 981 5364 spondes?
1003 5293 1089 5350 side·
1141 5295 1299 5348 senteutiam
1316 5295 1414 5362 prohat
1431 5309 1516 5364 eoque
1532 5293 1592 5350 iore
1607 5295 1715 5348 utimur.

282 5365 348 5416 ‘cem
365 5363 486 5418 kalendis
504 5365 575 5420 Titio
592 5379 646 5418 non
663 5363 776 5428 dederis,
794 5371 860 5418 tuno
876 5363 982 5418 Maenio
998 5363 1091 5430 viginti
1178 5359 1216 5418 10
1240 5363 1385 5416 lucianus
1411 5361 1479 5418 libro
1507 5363 1748 5434 quiuqooyeusimo
1770 5363 1887 5418 secundo
1910 5365 1947 5418 di·

283 5429 356 5486 ‘dare
384 5431 524 5498 spondesl'
560 5431 629 5486 duae
656 5431 842 5500 stipulationes
871 5445 930 5486 esse
957 5431 1088 5496 videntur,
1139 5435 1279 5500 postorum
1313 5429 1366 5484 Sed
1383 5437 1410 5486 et
1426 5431 1451 5488 si
1467 5431 1508 5484 ita
1523 5429 1677 5500 stipuletur:
1697 5431 1776 5486 ‘Titio
1795 5431 1886 5486 decem
1904 5437 1947 5486 aut

1842 5549 1946 5556 ————-

282 5605 314 5672 (ι)
332 5607 489 5656 emansor.
578 5607 609 5666 tt)
626 5603 789 5656 interdictum
803 5605 840 5656 est
854 5601 944 5668 alicui,
960 5601 1089 5654 fideiussor
1139 5603 1174 5666 (ι)
1193 5617 1280 5654 eorum
1288 5601 1335 5654 del.
1392 5603 1427 5666 (t)
1445 5603 1525 5654 etacr.
1585 5603 1617 5668 (t)
1634 5603 1784 5656 indetedd.
1837 5605 1871 5666 (8)
1889 5605 1947 5674 ipse]

282 5671 750 5740 nonpostesabeodatmtenetureer.
803 5713 811 5734 ,
1139 5683 1166 5722 se
1185 5689 1233 5724 sor.
1255 5671 1368 5738 (similior
1387 5671 1512 5736 Oriades)
1619 5675 1652 5738 (a)
1669 5671 1758 5740 populi
1777 5673 1884 5728 Romani
1901 5695 1947 5728 sor.

316 5743 698 5808 (apsad.1...r.o...11.1a..u;
721 5739 1088 5806 Papara.1s...m.m...ns;
1139 5739 1186 5804 (ro)
1205 5741 1285 5792 ιιιε.
1355 5737 1399 5804 (ιι)
1415 5737 1554 5814 almurus
1565 5737 1742 5806 utimum
1808 5747 1851 5816 unp
1871 5747 1946 5796 orsas.

283 5811 666 5878 Ed.ae.ta...ro.-Bas.43,e
743 5811 775 5874 (4)
794 5809 1088 5878 octimbrem-bt.
1140 5809 1185 5872 (ta)
1202 5807 1344 5876 silentem.
