4366 6258
278 369 370 436 XVII
394 375 452 440 1.2

278 557 441 628 pedimento,
465 575 517 628 quo
541 559 627 620 minus
651 557 731 614 etiam
766 561 809 614 ost
826 571 887 614 eum
904 557 973 616 diem
990 573 1086 616 conve·

278 631 293 682 3
329 627 612 682 nirimandatiiudicio
639 625 714 682 ossit.
746 573 1086 698 d'aulusrasponditnnum

278 709 312 750 ex
329 697 530 750 mandatoribus
547 695 575 748 in
592 643 705 750 ceddum
724 693 783 764 eligi
800 711 894 766 posse,
913 697 1087 752 etiamsinon

278 765 312 818 sit
331 779 486 818 concessum
500 763 528 816 in
543 763 683 816 mandato:
701 769 763 832 post
778 763 1023 818 condemnationem
1037 777 1086 818 au·

278 829 636 900 teminduorumpersouam
653 829 777 886 collatam
791 831 941 886 necessario
957 847 989 886 ex
1006 845 1087 886 causa

277 897 387 954 iudicati
409 899 525 970 singulos
549 913 598 968 pro
621 901 698 968 parte
722 897 828 954 dimidia
852 899 986 954 conveniri
1008 913 1088 968 posse

252 1033 254 1036 ¹
277 973 293 1022 4
328 971 356 1022 et
373 967 476 1022 debere.
512 967 633 1022 creditor
650 967 744 1036 pignus
761 967 892 1024 venffidit:
911 981 1023 1036 quaero,
1042 983 1086 1032 an,

277 1035 301 1092 si
318 1033 403 1090 evicta
420 1035 455 1090 sit
471 1035 604 1104 possessio
623 1037 741 1116 emptori,
760 1051 908 1106 regressum
923 1033 1038 1090 creditor
1052 1035 1087 1088 ad

277 1103 461 1158 mandatorem
478 1105 576 1158 babere
593 1109 679 1172 possit
696 1109 723 1158 et
746 1119 782 1158 an
803 1105 923 1168 intersit,
948 1101 1086 1156 creditoris

277 1171 334 1226 iure
350 1171 515 1226 vendiderit¹
533 1187 569 1226 an
584 1171 716 1226 communi
728 1171 786 1228 inre
799 1171 956 1242 promiserit.
986 1169 1086 1224 Paulus

277 1239 428 1310 respondit,
454 1239 477 1294 ri
506 1239 621 1304 creditor
644 1255 677 1296 ex
698 1241 784 1312 pretio
807 1241 945 1362 zignorum
970 1237 1087 1294 debitam

278 1315 437 1362 consecutus
455 1323 508 1362 non
526 1307 574 1374 sit,
597 1309 779 1364 mandatorem
796 1309 814 1362 h
834 1323 907 1362 erum
924 1323 978 1362 non
995 1307 1086 1362 udam.

270 1391 309 1430 ex
326 1375 379 1432 hoc
395 1391 524 1446 responso
548 1383 675 1444 apparet,
698 1379 721 1432 si
744 1375 880 1432 evictionis
903 1373 1008 1430 nomine
1031 1393 1086 1430 non

277 1447 291 1496 3
327 1447 457 1510 teneatur,
475 1443 604 1512 proficere
622 1459 680 1498 eam
694 1461 750 1500 rem
765 1443 800 1498 ad
812 1443 1004 1498 liberationem.
1030 1443 1087 1498 ‘Ille

278 1511 324 1564 ‘illi
344 1513 465 1566 salutem.
491 1511 592 1566 Mando
614 1513 677 1580 tibi,
701 1517 733 1566 ut
755 1511 860 1564 Blaesio
884 1509 980 1566 Severo
1004 1511 1087 1564 adfini

278 1583 343 1634 ‘meo
371 1579 506 1660 octoginta
529 1579 621 1636 credas
637 1579 829 1702 'subldp'gnore
854 1579 898 1632 illo
923 1583 949 1634 et
971 1579 1032 1660 illos
1058 1579 1086 1632 in

278 1651 366 1716 ‘quam
388 1663 528 1716 pecuniam
551 1653 577 1702 et
600 1647 709 1716 qurdqm
749 1663 891 1702 usurarum
915 1663 1020 1702 nomine
1038 1663 1083 1700 ao-

278 1715 395 1768 ‘cesserit
417 1715 566 1772 indemnem
582 1715 711 1770 rationem
728 1719 803 1768 tuam
818 1729 861 1768 me
878 1729 936 1770 esse
954 1731 986 1770 ex
1004 1731 1086 1770 causa

278 1783 405 1838 ‘mandati
422 1783 450 1838 in
468 1801 527 1840 eum
545 1783 627 1850 diem,
652 1783 741 1852 quoad
756 1783 851 1836 dxerit
866 1783 988 1838 Blaesius
1007 1783 1084 1838 Seve-

277 1855 339 1916 rus,
359 1853 573 1920 praestaturum!
599 1855 693 1920 postea
710 1865 790 1918 saepe
809 1855 953 1906 conventus
971 1851 1083 1906 manda-

276 1923 320 1974 tor
336 1935 390 1974 non
408 1937 450 1976 res
472 1921 560 1974 ondit:
584 1933 696 1990 quaero,
721 1933 756 1972 an
773 1923 858 1974 morte
875 1919 1001 1974 debitoris
1018 1921 1084 1974 iibe-

275 1993 351 2044 ratns
365 1989 406 2044 sit.
465 1989 542 2042 aulus
557 1985 693 2058 respondit
702 1985 820 2040 mandati
829 1987 1015 2058 obligationem
1023 2005 1084 2058 per·

275 2061 383 2126 petuam
401 2071 474 2122 esse,
491 2055 553 2110 licet
569 2055 597 2110 in
614 2055 739 2110 mandato
758 2053 891 2110 adiectum
907 2057 1027 2112 videatur
1043 2059 1083 2112 in-

233 2181 234 2184 ,
276 2125 396 2178 doronem
419 2123 547 2178 rationem
572 2131 645 2178 tuam
662 2125 724 2178 me²
740 2139 799 2178 esse
817 2139 850 2178 ex
867 2139 949 2178 causa
966 2125 1086 2180 mandati

275 2193 303 2246 in
320 2207 380 2246 eum
398 2191 480 2258 diem,
522 2191 594 2246 uoad
608 2191 702 2246 visent
719 2191 839 2248 Blaesius
858 2191 983 2260 Severus,
1007 2209 1085 2262 prae·

276 2265 291 2314 3
326 2265 464 2316 staturum.
500 2209 600 2316 denus
623 2261 762 2332 respondit
782 2275 837 2316 non
860 2259 942 2316 videri
968 2261 1086 2314 mandati

275 2329 444 2384 condicioni⁸
460 2329 590 2398 paritum,
614 2345 675 2384 oum
696 2329 725 2384 in
747 2329 873 2384 mandato
893 2329 1024 2384 adiectum
1042 2329 1085 2396 sit,

275 2401 305 2452 ut
321 2395 417 2452 idonea
436 2395 522 2452 cautio
542 2413 558 2452 a
575 2395 695 2454 debitore
709 2397 864 2466 exigeretur,
882 2397 906 2452 si
919 2413 1006 2468 neque
1018 2395 1084 2464 fide·

251 2505 252 2508 .
275 2465 362 2520 iussor
379 2479 464 2534 neque
480 2465 591 2534 pignora
608 2471 720 2546 accepta
737 2467 798 2518 sint.

310 2529 349 2590 60
368 2531 519 2588 Sennvoun
543 2533 611 2588 libro
628 2551 722 2606 premo
739 2549 929 2604 responsorem
965 2531 1085 2588 Creditor

275 2599 456 2656 mandatorem
483 2601 617 2656 convenit:
649 2599 673 2656 is
699 2599 890 2656 condemnatus
915 2599 1084 2668 provocavit:

275 2667 454 2738 quaerendum
482 2673 536 2734 est,
560 2683 595 2722 an
612 2673 735 2722 manente
752 2667 931 2738 appellatione
949 2667 1085 2722 debitore

277 2741 287 2788 1
326 2735 455 2790 creditore
479 2735 612 2790 conveniri
634 2741 731 2806 potest.
761 2735 887 2816 respondi
902 2749 996 2804 posse.
1040 2735 1084 2788 Ad

275 2821 334 2858 eum
359 2803 405 2872 qui
427 2819 537 2858 uxorem
559 2803 688 2858 ducturus
713 2809 771 2860 erat
794 2803 897 2858 htteras
919 2803 984 2856 fecit
1002 2804 1083 2858 tales:

276 2871 370 2926 ‘Titius
388 2869 448 2926 Seio
473 2871 592 2926 salutem.
626 2869 686 2926 Sem
705 2871 809 2926 reniam
825 2869 957 2940 pertinere
974 2869 1009 2924 ad
1027 2869 1083 2926 ani·

276 2945 356 2994 ‘mum
373 2955 460 2994 meum
485 2939 642 3010 cognovisti:
667 2941 676 2992 i
695 2955 778 3010 eoque
802 2955 861 2994 cum
885 2955 917 2994 ex
939 2943 1002 2992 voto
1025 2953 1083 2992 meo

278 3013 404 3076 ‘nuptura
421 3007 470 3062 tibi
488 3007 534 3074 sit,
553 3007 629 3062 veiim
647 3007 789 3064 centussis
806 3007 953 3062 secuudum
971 3007 1083 3076 dignita·

275 3081 337 3130 ‘tem
359 3079 433 3130 tuam
457 3075 612 3132 contrahere
633 3079 662 3130 te
683 3075 886 3130 matrimonium.
914 3079 941 3130 et
965 3075 1084 3146 quamvis

275 3145 378 3198 ‘idonee
406 3145 625 3214 repromissorem
649 3145 698 3198 tibi
722 3145 818 3196 Titiam
844 3147 955 3196 matrem
980 3145 1084 3212 puellae

275 3211 372 3266 dotem
393 3211 489 3278 sciam,
516 3217 606 3266 tamen
632 3217 658 3266 et
680 3211 737 3280 ipse
762 3225 814 3280 quo
839 3211 921 3280 magis
945 3211 1083 3266 conciliem

273 3279 399 3334 ‘animum
413 3283 489 3334 tuum
503 3279 610 3334 domui⁴
628 3295 711 3346 meae,
725 3277 804 3334 fidem
817 3295 903 3334 meam
917 3279 1084 3348 interponere

275 3353 337 3402 ‘non
355 3347 461 3420 dubito:
479 3363 561 3418 quare
578 3349 656 3414 scias,
676 3347 860 3418 quodcumque
877 3347 910 3402 ab
929 3353 968 3402 ea
979 3361 1012 3400 ex
1029 3349 1081 3402 hac

275 3421 366 3470 ‘eausa
383 3415 525 3486 stipulatus
542 3415 634 3484 fueris,
652 3417 739 3472 idme
755 3431 814 3470 mea
831 3415 883 3470 fide
902 3429 959 3470 esse
975 3415 1084 3470 iussisse

275 3482 386 3538 ‘salvum
399 3487 428 3538 te
444 3485 615 3538 habiturum!
642 3491 722 3554 atque
738 3485 777 3538 ita
795 3483 881 3550 Titia,
905 3499 974 3554 quae
996 3499 1083 3552 neque

274 3551 364 3606 Titio⁵
381 3553 553 3606 mandaverat
569 3567 655 3622 neque
671 3557 760 3606 ratum
777 3553 909 3606 babuerat
926 3553 998 3622 quod
1016 3553 1082 3606 scri-

274 3623 378 3688 pserat,
401 3619 489 3674 dotem
507 3619 567 3674 Seio
584 3621 713 3690 promisit.
746 3635 860 3688 quaero,
884 3619 907 3674 si
923 3619 1002 3674 heres
1020 3619 1083 3674 Titii

274 3703 306 3742 ex
331 3701 414 3742 causa
437 3687 555 3742 mandati
577 3687 754 3756 praestiterit,
779 3703 812 3742 an
836 3687 942 3742 actione
965 3687 1083 3742 mandati

272 3755 396 3810 heredem
413 3755 500 3808 Titiae
517 3757 657 3810 convenire
673 3761 769 3824 potest.
796 3755 921 3824 respondi
935 3757 1083 3810 secundum

274 3841 320 3886 ea,
343 3837 411 3892 quae
429 3829 627 3892 proponuntur,
653 3839 706 3878 non
724 3825 828 3892 posse⁰.
854 3823 918 3876 item
935 3823 1083 3904 quaesitum

243 3931 245 3936 -
274 3897 327 3958 est,
351 3907 386 3946 an
403 3907 453 3946 nec
470 3891 636 3960 negotiorum
652 3895 794 3960 gestorum.
821 3907 863 3946 res
884 3889 946 3946 ondr
963 3907 1013 3946 aec
1031 3893 1083 3946 hoc

273 3959 379 4014 nomine
392 3959 450 4014 iure
465 3973 543 4030 agere
557 3973 649 4040 posse:
668 3961 756 4030 palam
775 3959 843 4014 enim
859 3907 1082 4016 idoare'Titium

272 4045 327 4082 nou
340 4033 395 4082 tam
404 4027 491 4082 Titiae
503 4041 617 4092 nomme,
632 4043 711 4096 quam
727 4028 798 4096 quod
813 4027 981 4084 consultum⁸
995 4029 1082 4096 vellet,

272 4095 421 4150 mandasse.
445 4095 508 4150 item
523 4095 546 4150 si
560 4095 669 4150 maritus
684 4095 810 4152 adversus
823 4097 1005 4152 mandatorem
1021 4111 1081 4166 age-

272 4169 327 4232 ret,
353 4179 389 4218 an
414 4163 503 4234 aliqua
528 4163 682 4234 exceptione
707 4165 921 4220 summoveatur?
955 4165 1082 4234 respondi

273 4237 287 4286 2
323 4231 389 4288 nihil
403 4231 524 4300 proponi,
543 4247 591 4288 our
604 4231 807 4288 summovendos
822 4233 864 4286 sit.
899 4233 1014 4288 Duobus
1023 4233 1082 4302 quis

273 4299 408 4354 mandavit
416 4299 580 4368 negotiorum
589 4299 858 4354 administrationem:
869 4301 1023 4420 guaceium
1033 4307 1081 4366 est,

272 4385 308 4424 aa
324 4367 507 4438 unusquisque
523 4369 642 4424 mandati
658 4369 756 4424 iudicio
773 4369 801 4422 in
818 4369 868 4422 soli
888 4385 932 4422 um
950 4375 1080 4424 teneatur.

271 4435 396 4506 respondi
414 4437 646 4506 unumquemque⁹
663 4453 711 4506 pro
725 4435 809 4492 solido
823 4435 960 4492 ,conveniri
974 4437 1080 4504 debere,

272 4505 414 4560 dummodo
439 4503 474 4558 ab
497 4509 611 4574 unoque
635 4521 690 4558 non
713 4505 825 4574 amplius
844 4503 932 4560 debito
953 4505 1080 4574 exigatur.

272 4579 286 4628 3
323 4573 350 4628 si
373 4573 442 4628 inter
465 4573 588 4626 maritum
612 4579 639 4626 et
665 4589 786 4628 socerum
802 4571 829 4626 id
847 4577 936 4626 actum
954 4577 1025 4628 esset
1040 4573 1081 4628 vel

271 4643 354 4696 tacito
380 4641 517 4696 intellectu
528 4641 562 4706 ¹⁰,
588 4645 619 4696 ut
645 4655 713 4696 onus
740 4639 904 4696 exhibendae
929 4641 1021 4696 uxoris
1046 4639 1082 4696 ad

272 4711 394 4764 maritum
411 4709 510 4764 rediret
527 4713 681 4780 praestante
697 4715 775 4778 patre
793 4709 861 4764 dotis
884 4725 996 4774 usuras,
1022 4709 1080 4764 nul-

271 4779 324 4832 lam
341 4777 475 4834 achonem
492 4777 630 4846 superiore
644 4777 680 4834 ad
691 4777 870 4848 recipiendum
886 4777 957 4846 quod
971 4783 1082 4846 negetur

272 4851 473 4916 consumptam:
506 4845 577 4916 quod
610 4845 632 4900 si
662 4853 739 4916 pater
764 4847 869 4916 puellae
895 4845 1081 4900 exhibitionem

271 4915 412 4970 mandasse
435 4929 463 4970 se
487 4913 595 4980 doceat,
622 4915 753 4970 actionem
780 4913 899 4968 mandati
922 4919 1080 4982 competere.

271 4987 286 5036 4
321 4981 423 5038 Lucius
438 4981 525 5038 Titius
539 4981 629 5036 fratris
647 4981 701 5036 fibo
721 4981 850 5038 commisit
866 4997 955 5036 rerum
973 4997 1081 5036 suarum

272 5155 300 5218 (1)
318 5155 495 5206 vendiderisF
551 5155 583 5218 (2)
602 5169 640 5204 me
650 5151 678 5216 S,
688 5155 767 5204 oraF
823 5155 856 5218 (a)
874 5151 1023 5204 condicione
1032 5153 1077 5206 ΡΒ

271 5221 303 5282 (4)
322 5221 431 5272 domuF
486 5221 517 5286 (t)
536 5221 607 5272 tior
669 5223 700 5284 (11)
719 5221 927 5286 posseaesser
989 5221 1020 5284 (1)
1038 5221 1076 5270 fa·

270 5289 520 5352 aare]haoderescr.
590 5289 623 5354 (8)
641 5289 795 5354 puellaeios.
862 5289 894 5356 (9)
913 5305 1076 5354 unumquem-

272 5357 379 5422 quemF
468 5359 513 5424 (11))
530 5359 783 5410 intelleotnmvande
796 5359 879 5412 Weter
963 5359 1003 5422 (11)
1021 5357 1079 5408 veie

270 5425 318 5478 ved
326 5421 494 5496 macedoniis
501 5445 556 5490 sca,
566 5423 616 5478 τὸν
623 5443 646 5476 τ.
657 5441 684 5478 π.
693 5421 754 5476 cide
761 5425 789 5476 Β
914 5427 958 5486 (11)
975 5425 1033 5476 ταῖν
1040 5425 1076 5488 Β,

271 5495 350 5548 aar
409 5495 457 5556 (13)
476 5493 808 5548 idestrSeiofiliosalutem.
827 5495 894 5546 Mihi
902 5493 1002 5560 quidem
1011 5495 1077 5546 vide·

271 5567 426 5614 tornaturae
437 5567 594 5628 conveniens,
611 5569 641 5614 ut
656 5563 735 5630 patris
745 5563 990 5626 necessariorumque
997 5563 1077 5630 patris

270 5633 338 5684 filius
350 5647 435 5682 euram
449 5637 521 5696 gerat
535 5649 581 5684 nec
595 5631 727 5698 qnisquam
743 5633 945 5698 procurationem
957 5633 1076 5698 requirat.

271 5705 298 5752 nt
306 5701 327 5750 si
338 5715 474 5764 eaqaoque
484 5701 663 5764 quodammodo
674 5717 738 5766 opus
747 5707 792 5766 est,
807 5717 891 5750 rerum
906 5715 1016 5752 mearum
1025 5719 1077 5752 om-

270 5769 341 5818 nium
350 5773 534 5834 procuratorem
545 5769 653 5832 tefacio,
668 5775 696 5820 ut
711 5769 741 5820 da
755 5769 789 5820 iis
803 5771 943 5820 constituas
957 5773 987 5820 ut
1001 5771 1076 5834 voles,

270 5835 323 5890 sive
333 5837 436 5890 vendere
446 5837 512 5890 voles
521 5837 573 5888 sire
581 5839 684 5902 pignori
692 5855 744 5890 rem
753 5839 865 5904 obligare
875 5839 927 5890 vive
935 5855 1016 5892 emere
1025 5839 1077 5890 sive

1079 373 1140 446 222

1879 399 1945 448 PRO

1137 559 1533 628 administrationemitarxetq
1542 565 1628 630 τέκνῳ
1635 565 1746 632 χαίρειν.
1765 559 1949 634 ἐγὼμὲνκατᾶ

1137 625 1218 700 φύσιν
1226 627 1296 682 εἶναι
1305 629 1407 698 νομίζω
1415 629 1447 682 τὸ
1459 625 1525 698 ὑπὲρ
1541 629 1642 702 πατρὸς
1658 633 1703 682 καὶ
1717 631 1774 680 τῶν
1787 631 1836 682 τοῦ
1850 631 1949 702 πατρὸς

1136 695 1232 748 αἰών11
1255 715 1313 766 πρα
1328 693 1496 764 materiandae
1519 695 1580 760 δίχα
1603 701 1653 750 τοῦ
1681 695 1744 748 τινὰ
1774 699 1950 766 ἐπιτραπικόν

1139 765 1230 818 αἰτεῖν.
1258 717 1329 816 εἰῇ
1352 761 1461 814 δεῖκαὶ
1482 763 1608 818 τοιαύταν
1629 759 1715 826 τινός,
1743 767 1878 834 ἐπιτρέπω
1907 785 1949 820 eor

1137 835 1199 900 περὶ
1215 827 1329 886 πάντων
1344 831 1433 882 soiv¹²
1449 835 1523 898 ἐμῶν
1535 827 1572 888 nit·
1593 829 1682 886 θέλεις
1700 833 1947 916 πραγματεύεσθαι,

1139 899 1192 950 εἴτε
1205 895 1308 952 amicta
1322 895 1409 952 θέλεις
1426 899 1479 952 εἴτε
1487 895 1674 952 ὑποτίθεσθαι
1682 897 1735 952 sice
1745 897 1889 970 αγοράζιιν
1897 901 1950 952 εἴτε

1138 963 1229 1018 ὁτιοῦν
1242 963 1380 1038 πράττειν,
1397 961 1434 1020 ais
1448 973 1531 1038 ιιυρίῳ
1550 963 1608 1020 ὄντι
1616 969 1673 1018 τῶν
1680 969 1765 1036 ἐμῶν·
1782 971 1846 1036 ἐμοῦ
1859 967 1949 1022 πάντα

1138 1031 1217 1108 κύρια
1230 1033 1266 1086 τὰ
1279 1027 1332 1088 ὑπὸ
1348 1037 1396 1088 σοῦ
1409 1031 1469 1106 γινό
1490 1055 1536 1086 ενα
1553 1031 1699 1106 ἡγουμένου
1714 1039 1758 1086 aei
1772 1029 1859 1102 μηδὲν
1872 1027 1949 1088 ἄντι-

1137 1099 1259 1174 λέγοντός
1277 1121 1320 1156 σοι
1336 1099 1403 1170 πρὸς
1419 1121 1456 1168 μη
1476 1107 1554 1170 eptae
1569 1099 1669 1170 πρᾶξιν
1677 1103 1706 1156 ¹³.
1733 1103 1881 1170 quaesitum
1900 1105 1948 1168 est,

1138 1171 1161 1224 si
1183 1169 1247 1240 quid
1269 1185 1324 1224 non
1347 1169 1548 1222 administrandi
1571 1167 1674 1234 ammo,
1697 1171 1744 1224 sed
1766 1169 1949 1222 fraudulenter

1138 1239 1279 1294 adorasset
1295 1237 1338 1294 vel
1354 1237 1520 1304 mandasset,
1544 1253 1580 1292 an
1597 1237 1704 1294 valeret.
1731 1237 1857 1306 respondi
1880 1253 1948 1304 eum,

1138 1305 1171 1360 de
1188 1323 1240 1426 (dm
1259 1311 1444 1378 quaereretur,
1463 1307 1539 1374 plena
1557 1305 1675 1426 ραίιὶααι,
1694 1305 1741 1360 sed
1758 1311 1889 1374 quatenus
1906 1321 1949 1360 res

1139 1389 1171 1428 ax
1214 1375 1246 1428 de
1269 1375 1371 1444 agenda
1388 1379 1471 1440 esset,
1494 1387 1557 1426 man
1576 1387 1643 1426 asse.
1675 1375 1738 1426 item
1763 1389 1875 1444 quaero,
1907 1389 1948 1436 an,

1139 1455 1199 1496 cum
1214 1441 1290 1496 Seius
1307 1441 1464 1510 magistratu
1481 1441 1590 1498 functus
1605 1441 1710 1496 debitor
1724 1441 1875 1506 exstitisset,
1893 1441 1948 1494 Lu·

1139 1509 1195 1564 cius
1213 1509 1300 1564 Titius
1319 1525 1348 1564 eo
1366 1509 1473 1564 nomine
1491 1509 1626 1564 conveniri
1635 1509 1656 1540 ¹⁴
1672 1509 1757 1578 possit
1773 1509 1814 1564 vel
1831 1525 1874 1564 res
1893 1509 1948 1564 eius

1138 1575 1272 1644 obligatae
1280 1583 1369 1630 assent
1376 1581 1488 1646 propter
1501 1578 1582 1632 verba
1597 1575 1726 1646 epistulae
1740 1591 1772 1630 su
1792 1593 1822 1630 ra
1837 1577 1945 1646 scripta.

1136 1645 1264 1770 resgaondi
1273 1659 1357 1714 neque
1367 1645 1501 1698 conveniri
1509 1661 1589 1714 posse
1598 1659 1683 1710 neque
1691 1661 1734 1698 res
1744 1595 1946 1712 obdigatasesse.

1197 1709 1209 1768 i
1229 1711 1351 1768 Peneos
1363 1711 1431 1768 libro
1445 1713 1562 1768 seeundo
1577 1713 1614 1768 ed
1628 1713 1768 1768 Neratium
1803 1711 1880 1780 Quod
1894 1711 1947 1770 filio

1136 1779 1252 1834 familias
1262 1783 1283 1814 ¹⁵
1299 1786 1331 1834 ut
1353 1783 1455 1850 peteret
1477 1781 1616 1846 mandavi,
1641 1781 1743 1836 amanei
1763 1785 1824 1834 atus
1848 1781 1947 1850 exegit:

1137 1849 1170 1904 de
1187 1849 1291 1916 peculio
1310 1849 1380 1902 intra
1397 1865 1497 1902 annum
1515 1849 1615 1902 utiliter
1632 1863 1716 1918 agam.
1775 1863 1877 1902 sonus:
1902 1849 1948 1904 scd

1138 1923 1164 1972 et
1181 1931 1242 1970 cum
1259 1915 1314 1972 filio
1333 1915 1464 1986 agendum
1482 1921 1530 1972 est.

1172 1981 1212 2044 62
1230 1983 1383 2040 Scrrvonr
1394 1985 1461 2040 libro
1469 1989 1548 2040 serto
1558 1985 1722 2056 digestorum
1757 1983 1823 2040 Cum
1840 1989 1947 2040 contro-

1136 2053 1222 2108 versia
1246 2059 1317 2110 esset
1340 2053 1373 2108 de
1395 2053 1543 2108 hereditate
1568 2053 1710 2108 defunctae
1731 2053 1801 2108 inter
1818 2053 1947 2122 scriptum

1136 2121 1262 2176 heredem
1288 2125 1315 2176 et
1340 2127 1464 2192 patruum
1487 2121 1622 2176 Maenium
1647 2127 1674 2176 et
1697 2121 1805 2188 amitas,
1828 2123 1948 2176 Maevius

1136 2191 1231 2246 litteris
1259 2189 1293 2244 ad
1319 2205 1425 2246 sorores
1450 2205 1513 2246 suas
1536 2189 1616 2244 iactis
1640 2191 1783 2244 declaravit
1808 2207 1948 2246 commune

1136 2257 1271 2326 futurum,
1295 2257 1424 2328 quidquid
1448 2257 1483 2312 ad
1502 2275 1561 2314 eum
1579 2275 1611 2312 ex
1631 2263 1725 2314 eventu
1742 2257 1796 2314 litis
1813 2259 1947 2312 heredita-

1136 2327 1192 2382 riae
1209 2327 1386 2398 pervenisset‚
1403 2341 1491 2396 aeque
1508 2325 1643 2396 stipulatio
1661 2327 1763 2380 litteras
1781 2331 1871 2380 secuta
1892 2333 1947 2382 ast:

1136 2395 1285 2464 quaesitum
1310 2401 1363 2460 est,
1388 2411 1447 2448 oum
1469 2395 1629 2464 transegerit
1650 2393 1721 2448 idern
1743 2395 1864 2450 Maevius
1888 2411 1947 2450 cum

1136 2463 1236 2534 scripto
1259 2463 1357 2518 herede
1379 2463 1431 2528 ita,
1454 2469 1484 2518 ut
1501 2461 1611 2532 praedia
1628 2469 1655 2518 et
1673 2463 1740 2518 aliae
1758 2461 1889 2532 quaedam
1905 2479 1948 2518 res

1137 2547 1169 2586 ex
1187 2545 1218 2586 ea
1236 2531 1416 2586 hansactione
1434 2531 1469 2584 ad
1487 2547 1546 2586 eum
1563 2533 1738 2600 pervenirent,
1756 2547 1791 2586 an
1806 2547 1839 2584 ex
1853 2531 1947 2586 litteris

1136 2599 1191 2656 suis
1235 2597 1301 2652 ossit
1323 2615 1340 2652 a
1364 2599 1501 2654 sororibus
1525 2599 1668 2654 conveniri.
1701 2599 1839 2668 respondit
1859 2615 1946 2668 posse.

1139 2673 1149 2722 1
1217 2665 1313 2720 andavi
1329 2667 1357 2720 in
1374 2667 1441 2720 haec
1458 2667 1554 2722 verba:
1573 2665 1682 2722 ‘Lucius
1693 2667 1779 2722 Titios
1790 2665 1857 2722 Gaio
1867 2683 1916 2722 suo
1926 2669 1947 2700 ¹⁰

1136 2735 1266 2790 ‘salutem
1299 2735 1366 2788 Peto
1385 2739 1411 2788 et
1428 2735 1525 2788 mando
1544 2733 1607 2800 tibi,
1630 2733 1758 2788 attidem
1775 2735 1849 2790 dicas
1860 2737 1880 2768 ¹⁷
1916 2751 1947 2790 ro

1137 2803 1240 2856 ‘Publio
1254 2803 1359 2856 Maeuio
1378 2817 1394 2856 a
1412 2801 1449 2856 ud
1467 2803 1665 2872 Sempronium:
1684 2817 1803 2872 quaeque
1821 2751 1946 2858 aPudiio

1136 2869 1233 2926 ‘soluta
1250 2869 1298 2924 tibi
1315 2885 1369 2924 aon
1418 2869 1500 2936 erint,
1522 2887 1565 2926 me
1587 2875 1847 2940 repraesentaturum
1864 2871 1947 2926 hao¹⁸

1136 2937 1259 3008 ‘epistula
1274 2953 1356 2992 manu
1374 2953 1433 2992 mea
1447 2939 1500 2992 sori
1519 2943 1548 2992 ta
1562 2943 1655 2994 notum
1669 2939 1719 2992 tibi
1730 2939 1820 2992 facio.’
1839 2953 1946 3008 quaero,

1136 3007 1158 3064 si
1176 3023 1230 3060 non
1247 3005 1436 3070 fideiussisset‚
1460 3023 1490 3062 se
1507 3047 1508 3050 ,
1525 3007 1680 3062 mandasset
1697 3007 1821 3062 creditori
1838 3013 1865 3062 et
1881 3007 1946 3062 alias

1136 3075 1231 3142 egisset
1249 3091 1328 3142 quam
1346 3073 1449 3144 quod¹⁹
1466 3075 1491 3130 ei
1507 3075 1663 3130 mandatum
1681 3079 1764 3142 esset,
1789 3091 1824 3130 an
1842 3075 1947 3130 eodone

1135 3141 1284 3196 mandati²⁰
1301 3147 1444 3196 teneretur.
1471 3143 1611 3212 respondit
1628 3143 1719 3196 teneri.

1378 3327 1379 3330 ,
1505 3281 1571 3342 11²¹.

1444 3381 1509 3432 rao
1528 3379 1632 3434 soora.

1171 3477 1185 3536 1
1212 3479 1332 3536 Peneos
1361 3481 1430 3536 libro
1463 3483 1600 3554 tripectora
1625 3481 1742 3552 remaclo
1769 3481 1806 3536 od
1832 3481 1945 3538 edictam

1135 3549 1254 3604 Societas
1273 3549 1368 3604 cohi²²
1385 3553 1475 3618 potest
1491 3549 1533 3604 vel
1549 3549 1577 3604 in
1595 3553 1762 3618 perpetuum,
1781 3547 1808 3602 id
1826 3555 1866 3606 est
1883 3549 1944 3604 dum

1133 3617 1237 3682 vivunt,
1261 3617 1303 3672 vel
1326 3617 1360 3670 ad
1383 3621 1488 3686 tempus
1511 3619 1552 3672 vel
1570 3631 1602 3670 er
1619 3623 1737 3686 tempore
1754 3617 1796 3672 vel
1813 3619 1863 3672 sub
1882 3633 1945 3672 con·

1136 3693 1147 3740 1
1184 3685 1296 3740 dicione.
1331 3685 1364 3738 Iu
1381 3685 1509 3740 societate
1523 3685 1638 3740 omnium
1653 3685 1783 3740 bonorum
1798 3701 1888 3740 omnes
1903 3699 1945 3740 ras

1134 3767 1203 3822 quae
1220 3753 1373 3808 coeuntium
1390 3757 1453 3808 suat
1471 3753 1596 3808 condono
1616 3753 1852 3820 communicantur,

1168 3817 1187 3878 2
1208 3819 1301 3876 Gerus
1312 3821 1380 3876 libro
1394 3821 1497 3876 decimo
1511 3821 1550 3876 od
1562 3821 1676 3876 edictam
1678 3823 1849 3892 provinciale
1874 3821 1944 3890 quia,

1133 3889 1196 3946 licet
1213 3889 1365 3958 specialiter
1382 3889 1490 3944 traditio
1507 3905 1562 3944 non
1575 3889 1740 3956 interveniat,
1758 3889 1842 3944 tacita
1856 3893 1944 3944 tamen

1134 3957 1251 4012 creditur
1266 3957 1433 4012 intervenire.
1502 3981 1508 3998 ι
1964 3981 1965 3984 “

1167 4021 1185 4084 3
1205 4025 1325 4106 Partes
1338 4025 1407 4080 libro
1418 4025 1561 4146 ,αέραιίιαο
1575 4025 1692 4080 secando
1707 4025 1871 4106 odedictora
1902 4025 1944 4078 Ea

1133 4109 1203 4160 vero,
1223 4109 1291 4162 quae
1308 4111 1336 4148 m
1353 4109 1453 4148 nomam
1471 4109 1503 4148 us
1520 4099 1606 4160 erunt,
1624 4097 1732 4148 manent
1747 4111 1777 4146 rn
1794 4109 1842 4148 suo
1858 4099 1944 4148 statu:

1136 4167 1146 4216 1
1184 4161 1231 4216 sed
1257 4163 1377 4216 actiones
1402 4161 1514 4216 invicem
1539 4161 1707 4230 praestarei³
1733 4161 1836 4216 debent.
1879 4161 1944 4216 Cum

1133 4231 1284 4300 specialiter
1301 4231 1417 4286 omnium
1433 4231 1566 4284 bonorum
1584 4231 1698 4284 societas
1718 4231 1789 4284 coita
1806 4235 1860 4294 est,
1878 4235 1944 4284 tuno

1134 4305 1161 4354 et
1182 4297 1317 4354 hereditas
1343 4303 1370 4354 et
1394 4299 1511 4366 legatum
1533 4303 1561 4352 et
1584 4297 1656 4366 quod
1678 4297 1806 4352 donatum
1834 4303 1874 4352 est
1898 4303 1944 4352 aut

1134 4365 1361 4488 quassuaratione
1379 4365 1540 4446 adquisitum
1555 4365 1762 4420 communioni²i
1781 4365 1942 4436 adquiratur.

1133 4439 1148 4488 2
1211 4435 1286 4490 erllo
1306 4433 1457 4504 quaeritur,
1481 4449 1505 4488 s1
1527 4439 1566 4486 rta
1583 4435 1618 4488 sit
1636 4435 1706 4488 coita
1723 4435 1881 4500 societas²⁵‚
1905 4443 1943 4500 nt,

1133 4503 1156 4558 si
1173 4519 1226 4574 qua
1243 4501 1314 4556 insta
1331 4501 1463 4558 hereditas
1482 4501 1604 4556 alterutri
1620 4503 1770 4568 obvenerit,
1797 4503 1943 4558 communis

1133 4573 1175 4636 sit,
1195 4585 1263 4640 quae
1280 4571 1316 4624 sit
1322 4571 1346 4604 ²⁶
1362 4573 1434 4624 iusta
1451 4569 1593 4636 hereditas,
1611 4575 1701 4624 utrum
1718 4585 1788 4640 quae
1802 4571 1861 4624 iure
1879 4571 1942 4640 legi·

1132 4639 1196 4694 timo
1214 4639 1322 4694 obvenit
1338 4653 1374 4692 an
1391 4639 1470 4694 etiam
1489 4653 1520 4694 ea
1538 4655 1607 4708 quae
1629 4639 1806 4694 testamento?
1834 4645 1860 4694 et
1881 4655 1942 4710 pro-

1132 4707 1247 4762 babilius
1273 4711 1314 4762 est
1340 4709 1376 4762 ad
1401 4707 1543 4778 legitimam
1569 4705 1742 4762 hereditatam
1765 4711 1869 4762 tantum
1892 4708 1942 4762 boc

1133 4779 1148 4830 3
1183 4777 1324 4846 pertinere.
1360 4777 1479 4832 Societas
1505 4777 1527 4830 si
1550 4775 1612 4830 doio
1636 4775 1706 4830 malo
1732 4781 1779 4830 aut
1801 4775 1942 4830 fraudandi

1133 4855 1216 4898 causa
1233 4843 1305 4898 coita
1323 4845 1373 4912 sit,
1395 4845 1454 4912 ipso
1472 4845 1529 4900 iure
1546 4845 1644 4898 artibus
1661 4845 1786 4900 momenti
1803 4849 1857 4912 est,
1882 4845 1944 4914 quia

1132 4911 1198 4966 fides
1215 4913 1287 4966 bona
1305 4913 1440 4968 eorrtraria
1457 4917 1498 4968 est
1514 4911 1604 4966 fraudi
1621 4915 1647 4966 et
1666 4913 1733 4966 dolo.

1166 4979 1186 5038 4
1204 4979 1395 5036 Monnsrrrvus
1410 4981 1478 5038 libro
1496 4983 1573 5036 tertio
1591 4981 1748 5052 requierunt
1784 4979 1942 5036 Societatem

1130 5153 1200 5204 aiiud
1215 5153 1425 5218 quiartesaeae,
1446 5155 1574 5218 tamquam
1595 5153 1710 5204 domiuus
1724 5169 1806 5202 rernm
1823 5167 1942 5214 mearum,

1130 5237 1186 5272 cum
1197 5225 1334 5286 aguratum
1349 5221 1483 5272 habituras
1498 5221 1544 5272 sim
1560 5237 1723 5284 quaecuuque
1737 5221 1845 5286 gesseris
1862 5237 1942 5286 neque

1129 5289 1157 5338 in
1167 5289 1220 5340 ulla
1229 5305 1256 5338 re
1265 5288 1314 5340 tibi
1325 5293 1413 5338 eontra
1422 5289 1536 5338 dicturus
1579 5289 1837 5354 '(14)convenireF
1898 5293 1941 5352 (iti

1128 5357 1228 5410 filiasF
1328 5359 1372 5422 (16)
1391 5357 1455 5408 Gaio
1466 5359 1522 5406 Seio
1532 5359 1668 5424 Hoffmann
1778 5359 1822 5420 (tv)
1841 5357 1911 5408 dicos
1921 5357 1946 5406 F

1130 5431 1173 5490 (18)
1192 5425 1289 5476 haecF
1353 5427 1398 5490 (ta)
1417 5425 1484 5490 quod
1495 5425 1607 5478 oetaeo.
1676 5427 1723 5490 (aot
1742 5425 1880 5478 Titiusins.

1164 5497 1208 5560 (11)
1226 5495 1440 5549 Set.1...a.s...av.
1452 5503 1737 5548 rs..sr.ss..ro.oa..oa
1749 5505 1845 5556 os...va;
1860 5497 1909 5546 Ed.
1920 5503 1941 5544 r.

1129 5575 1164 5618 aa
1175 5575 1209 5616 aa.
1217 5575 1249 5616 41.
1261 5575 1347 5616 vaae.
1360 5575 1395 5618 rs.
1406 5575 1449 5620 so;
1464 5563 1528 5628 Pop.
1541 5565 1771 5624 or.vr.'m.s1...sa;
1788 5563 1851 5630 App.
1863 5573 1898 5614 sa
1908 5589 1941 5598 —

1129 5635 1192 5684 Bes.
1207 5635 1272 5694 12,1.
1283 5661 1317 5670 -
1328 5629 1365 5698 Of
1376 5635 1437 5684 lost.
1449 5633 1473 5696 3,
1484 5643 1523 5692 νεα
1538 5631 1596 5682 dod.
1607 5633 1630 5694 4,
1641 5641 1667 5682 av
1781 5633 1827 5696 (m)
1847 5629 1944 5680 octriF

1129 5703 1175 5766 (13)
1194 5701 1341 5768 prestareF
1440 5701 1485 5762 (14)
1505 5697 1742 5748 communionan
1843 5701 1888 5762 (aar
1908 5697 1941 5746 sit

1128 5771 1234 5820 societas
1244 5771 1311 5820 coita
1318 5769 1457 5822 similiterve
1466 5767 1496 5832 S,
1506 5767 1613 5816 societas
1623 5765 1678 5830 (om.
1688 5767 1722 5816 sit
1731 5765 1807 5828 coita)
1818 5767 1845 5816 F
1892 5767 1940 5828 (aa)

1129 5839 1289 5900 mmmff
