4366 6258
1693 373 1739 418 DE
1761 369 1932 418 AEDILICIO

808 891 942 968 LIBER
962 891 1197 968 vincentne
1220 889 1395 966 PRIMUS.

653 1081 695 1142 1².

311 1179 357 1228 DE
375 1179 549 1230 AEDILIGIO
567 1179 688 1228 EDICTO
706 1179 1035 1232 nT²REnH1B1T10nn

494 1249 539 1296 ET
558 1249 684 1302 QUANTI
701 1249 851 1300 Minonis.

310 1345 322 1400 1
346 1345 491 1400 Uarianae
501 1345 569 1398 libro
579 1347 670 1414 primo
685 1347 722 1400 ad
734 1345 849 1402 edictam
863 1347 990 1398 aedilium
999 1363 1076 1400 curu-

273 1413 337 1468 lium
371 1413 462 1466 Labeo
487 1411 579 1466 scribit
602 1413 717 1468 edictum
739 1413 863 1466 aedilium
890 1413 1019 1466 curulium
1044 1413 1076 1464 de

272 1479 467 1534 venditionibus
491 1495 579 1532 rerum
603 1495 661 1534 esse
684 1487 738 1534 tam
764 1495 854 1534 earum
872 1495 941 1548 quac
958 1479 1008 1534 soli
1024 1479 1077 1532 sint

274 1551 285 1598 t
323 1561 402 1614 quam
417 1561 506 1600 carum
521 1561 589 1614 quae
603 1549 711 1602 mobiles
726 1553 809 1600 autse
818 1551 960 1600 moventes.
995 1547 1078 1600 Aiunt

272 1613 401 1668 aediles³:
418 1615 478 1680 ‘Qui
491 1615 622 1682 mancipia
635 1615 752 1668 vendunt
762 1615 887 1666 certiores
896 1611 997 1666 faciant
1006 1629 1086 1682 emp,

273 1687 366 1746 tores,
389 1681 453 1762 quid
470 1681 555 1734 morbi
572 1683 658 1738 vitiive
681 1683 777 1750 cuique
798 1681 846 1744 sit,
871 1681 929 1748 quis
952 1681 1077 1750 fugitivus

272 1753 371 1804 ‘errove
388 1755 423 1804 sit
438 1765 541 1804 noxave
555 1751 657 1804 solutus
672 1749 786 1804 nonsit:
806 1747 965 1816 eademquei
981 1749 1077 1810 omnia,

272 1823 342 1870 ‘cum
353 1831 383 1870 ea
394 1817 527 1886 mancipia
541 1819 675 1882 venibunt,
689 1816 777 1886 palam
791 1821 864 1870 recte
878 1817 1075 1884 pronuntiante.

273 1885 376 1954 ‘quodsi
393 1885 554 1954 mancipium
572 1887 696 1940 adversus
714 1901 745 1936 ea
762 1883 890 1948 venisset,
914 1883 968 1938 sive
986 1885 1076 1936 adver·

272 1957 327 2006 ‘sus
352 1953 423 2020 quod
446 1953 546 2006 dictum
568 1953 755 2022 promissumve
776 1949 873 2004 fuerit⁵
892 1967 952 2006 cum
968 1949 1076 2014 veniret,

272 2021 387 2084 ‘fuisset
412 2021 481 2086 quod
498 2021 553 2074 eius
571 2021 702 2088 praestari
718 2023 840 2086 oportere
863 2019 979 2074 dicetur:
1005 2035 1076 2086 emp-

273 2087 333 2140 ‘tori
356 2089 528 2156 omnibusque
551 2089 586 2142 ad
608 2103 675 2156 quos
699 2101 730 2140 ea
752 2101 794 2138 res
816 2087 931 2152 pertinet
951 2087 1077 2140 iudicium

273 2155 411 2220 ‘dabimun
428 2161 459 2208 ut
474 2155 678 2224 idmancipium
692 2153 870 2218 redhibeatur.
898 2153 921 2208 si
935 2155 1016 2232 quid6
1029 2169 1076 2206 au·

272 2227 335 2276 ‘tem
357 2229 420 2290 post
440 2225 617 2278 venditionem
633 2221 855 2290 traditionemque
872 2221 987 2276 deterius
1005 2237 1076 2290 emp-

272 2293 346 2345 ‘toris
365 2307 446 2358 opera
463 2291 578 2344 familiae
595 2287 808 2358 procuratorisve
827 2289 882 2342 eius
900 2289 1002 2344 factum
1020 2291 1077 2352 erit,

273 2359 336 2412 ‘sive
353 2359 416 2428 quid
434 2377 466 2412 ex
484 2375 513 2412 eo
532 2365 594 2426 post
610 2359 786 2412 venditionem
802 2363 895 2410 natum
917 2357 1077 2424 adquisitum

272 2425 374 2490 tuerit,
398 2431 425 2480 et
448 2427 471 2480 si
494 2425 555 2494 quid
578 2425 651 2478 aliud
673 2425 702 2476 in
718 2425 867 2476 venditione
885 2425 909 2478 ei
926 2425 1068 2478 accesserit

272 2495 334 2548 ‘sive
358 2493 421 2562 quid
443 2509 477 2548 ex
494 2509 526 2546 ea
542 2509 571 2546 re
588 2491 691 2548 fructus
709 2491 856 2560 pervenerit
873 2491 908 2546 ad
925 2497 1076 2560 emptorem,

272 2569 311 2614 ‘nt
328 2577 360 2616 ea
377 2563 465 2614 omnia
482 2561 610 2614 restituat.
637 2563 700 2614 item
718 2559 740 2614 si
758 2575 823 2627 quas
839 2561 1007 2614 accessiones
1021 2561 1077 2626 ipse

273 2629 453 2698 praestiterit,
481 2635 511 2682 ut
535 2629 654 2698 recipiat.
686 2629 747 2682 item
773 2629 795 2680 si
822 2627 894 2694 quod
918 2629 1077 2696 mancipium

274 2697 420 2764 ‘capitalem
441 2695 562 2750 fraudem
586 2695 734 2758 admiserit,
758 2697 849 2748 mortis
873 2695 1077 2750 consciscendae

274 2765 331 2818 ‘sibi
355 2779 436 2818 causa
459 2765 521 2832 quid
542 2765 648 2830 fecerit,
676 2765 735 2818 inve
760 2763 888 2818 harenam
911 2763 1078 2830 depugnandi

272 2839 363 2886 ‘causa
377 2833 413 2886 ad
425 2833 523 2886 bestias
536 2833 702 2886 intromissus
716 2831 803 2896 fuerit,
823 2845 855 2884 ea
868 2831 957 2884 omnia
971 2831 1000 2884 in
1014 2847 1077 2884 ven-

271 2899 379 2952 ‘ditione
401 2899 604 2968 pronuntianto:
629 2917 662 2954 ex
684 2899 726 2954 his
749 2899 817 2952 enim
841 2899 929 2952 causis
951 2899 1077 2952 iudicium

272 2967 410 3022 ‘dabimus
443 2969 495 3022 hoc
518 2969 629 3036 ampHus
653 2967 675 3022 si
697 2967 755 3036 quis
782 2967 907 3020 adversus
933 2981 965 3020 ea
991 2967 1077 3020 sciens

272 3035 341 3088 ‘dolo
367 3037 435 3088 malo
463 3037 611 3090 vendidisse
636 3037 752 3100 dicetur,
784 3035 911 3088 iudicium
936 3033 1075 3088 dabimus'.

271 3107 285 3154 2
322 3103 410 3156 Causa
426 3103 506 3158 huius
524 3103 602 3158 edicti
617 3103 784 3172 proponendi
802 3109 855 3166 est,
873 3107 904 3156 ut
921 3107 1077 3156 occurratur

269 3169 381 3224 fallaciis
398 3171 567 3226 vendentium
591 3177 617 3224 et
640 3171 801 3240 emptoribus
825 3175 994 3234 sucurratur,
1018 3171 1075 3238 qui-

271 3253 382 3306 cumque
409 3241 512 3308 decepti
538 3255 554 3292 a
578 3239 757 3294 venditoribus
788 3239 901 3310 fuerint;
934 3239 1075 3292 dummodo

270 3307 384 3360 sciamus
401 3307 571 3372 venditorem,
590 3307 692 3362 etiamsi
707 3307 837 3376 ignoravit
851 3323 882 3360 ea
897 3321 964 3374 quae
978 3307 1075 3360 aediles

270 3373 399 3442 praestari
422 3375 528 3440 iubent,
551 3381 641 3430 tamen
657 3375 741 3430 teneri
758 3373 861 3428 debere.
889 3389 938 3428 nec
962 3379 1002 3428 est
1024 3375 1076 3428 hoc

268 3441 401 3510 iniquum:
425 3445 513 3510 potuit
535 3443 603 3496 enim
626 3459 659 3498 ea
675 3449 739 3496 nota
756 3443 855 3502 habere
871 3441 1005 3496 venditor:
1029 3457 1074 3494 ne·

269 3525 321 3578 que
338 3511 423 3562 enim⁷
440 3511 550 3564 interest
568 3511 706 3578 emptoris,
725 3525 773 3564 cur
788 3509 911 3574 fallatur,
929 3509 1077 3576 ignorantia

270 3581 285 3628 3
319 3577 461 3630 venditoris
476 3593 509 3630 an
524 3577 675 3630 calliditate.
711 3577 779 3630 illud
793 3577 929 3630 sciendum
947 3583 988 3628 est
1006 3577 1075 3630 edic-

269 3649 285 3696 4
320 3649 375 3696 tum
392 3643 444 3696 hoe
462 3661 516 3698 non
532 3645 665 3712 pertinere
682 3645 717 3696 ad
730 3643 893 3698 venditiones
908 3643 1020 3696 fiscales.
1048 3643 1077 3696 Si

269 3715 358 3764 tamen
374 3727 417 3764 res
434 3711 542 3778 publiea
559 3711 648 3779 aliqua
664 3711 746 3764 faciat
758 3711 942 3772 venditionem,
961 3711 1076 3764 edictum

269 3781 284 3830 5
319 3777 371 3832 hoc
393 3779 482 3832 locum
497 3779 615 3832 habebit.
650 3779 681 3832 ln
698 3777 871 3846 pupillaribus
890 3793 995 3844 quoque
1012 3793 1074 3830 ven·

269 3849 285 3898 6
320 3845 461 3898 ditionibus
479 3847 528 3898 erit
544 3847 629 3898 edicto
644 3847 727 3898 locus.
764 3843 791 3898 Si
803 3845 971 3912 intellegatur
984 3845 1076 3898 vitium

269 3913 408 3966 morbusve
425 3913 550 3982 mancipii
575 3917 615 3976 (ut
636 3915 791 3982 plerumque
813 3913 894 3980 signis
918 3913 1075 3982 quibusdam

269 3981 356 4036 solent
370 3979 549 4036 demonstrare
560 3981 642 4048 vitia),
656 3985 744 4050 potest
759 3979 810 4034 diei
826 3979 941 4034 edictum
956 3995 1074 4034 cessare:

267 4051 320 4102 hoc
338 4049 405 4102 enim
422 4053 527 4102 tantum
543 4047 699 4102 intuendum
718 4053 771 4112 est,
789 4063 822 4102 ne
839 4053 943 4116 emptor
959 4047 1074 4114 decipia-

269 4121 282 4168 'l
318 4123 371 4170 tur.
407 4117 459 4170 Sed
482 4117 618 4170 sciendum
641 4121 682 4168 est
707 4117 828 4170 morbum
853 4117 926 4184 apud
949 4115 1075 4170 Sabinum

268 4185 307 4238 sic
325 4183 459 4238 definitum
477 4199 534 4238 esse
551 4183 671 4236 habitum
689 4185 815 4250 cuiusque
839 4183 957 4262 corporis
982 4189 1075 4238 conda

268 4257 399 4316 naturam,
419 4251 464 4320 qui
480 4267 558 4306 usum
576 4253 631 4306 eius
647 4251 682 4304 ad
695 4251 724 4304 id
736 4251 801 4304 iacit
816 4251 980 4314 detemorem,
1000 4251 1074 4306 cuius

269 4335 351 4372 causa
368 4323 465 4372 natura
482 4321 558 4372 nobis
577 4321 631 4374 eius
651 4319 768 4386 corporis
787 4317 928 4372 sanitatem
946 4319 1029 4372 dedit:
1046 4319 1075 4372 id

268 4393 357 4440 autem
375 4387 441 4440 alias
458 4387 488 4440 in
503 4393 560 4440 toto
579 4401 703 4456 corpore,
728 4385 792 4438 alias
815 4385 843 4438 iu
860 4391 936 4452 parte
955 4387 1074 4440 accidere

269 4459 392 4522 (namque
413 4453 496 4508 totius
518 4455 636 4522 corporis
659 4454 766 4508 morbus
785 4457 825 4504 est
840 4459 908 4518 puta
924 4453 1018 4522 phacce
1034 4453 1047 4506 f
1062 4483 1087 4494 -f

268 4523 333 4588 brie,
350 4523 433 4592 partis
450 4523 531 4576 veluti
549 4523 677 4586 caecitas,
694 4523 756 4576 licet
773 4519 978 4590 homoiiaque⁸
995 4527 1074 4574 natus

269 4591 327 4654 siti:
345 4591 489 4658 vitiumque
506 4605 523 4642 a
539 4591 631 4642 morbo
650 4591 760 4642 multum
779 4585 898 4654 differre,
922 4593 953 4642 nt
969 4595 1034 4656 puta
1052 4589 1074 4642 si

269 4657 327 4726 quis
344 4657 440 4712 balbus
457 4657 500 4722 sit,
517 4673 579 4710 nam
596 4659 668 4710 hunc
685 4657 807 4708 vitiosum
824 4657 907 4722 magis
922 4671 980 4708 csse
995 4671 1074 4724 quarn

268 4726 429 4780 morbosum.
464 4741 510 4792 ego
536 4731 600 4792 puto
625 4723 722 4778 aediles
743 4721 875 4774 tollendae
902 4723 1074 4776 dubitationis

1127 1085 1141 1132 9
1175 1095 1247 1140 mus,
1271 1079 1317 1146 qui
1340 1079 1456 1132 morbosi
1478 1079 1616 1146 vitiosique
1639 1083 1708 1132 suut.
1743 1077 1823 1146 Apud
1845 1077 1932 1130 Vivia·

1126 1163 1189 1198 num
1206 1147 1356 1214 quaeritur,
1381 1147 1404 1198 si
1420 1161 1510 1198 servus
1527 1147 1597 1198 inter
1613 1147 1743 1200 fanaticos
1761 1161 1815 1198 non
1831 1161 1935 1214 semper

1127 1219 1209 1282 caput
1224 1215 1338 1268 iactaret
1356 1219 1382 1266 et
1399 1213 1488 1282 aliqua
1504 1213 1626 1282 profatus
1645 1219 1722 1278 esset,
1740 1229 1775 1266 an
1788 1213 1869 1266 nihilo
1885 1213 1933 1264 mi-

1130 1297 1182 1336 nus
1205 1299 1287 1336 sanus
1308 1281 1450 1336 videretur.
1484 1287 1510 1334 et
1533 1283 1571 1336 ait
1593 1281 1720 1336 livianus
1742 1281 1824 1334 nihilo
1847 1281 1935 1334 minus

1126 1349 1198 1402 hunc
1221 1363 1317 1402 sanum
1341 1363 1412 1402 esse:
1439 1363 1525 1416 neque
1548 1349 1617 1402 enim
1639 1365 1702 1412 nos,
1725 1349 1823 1416 inquit,
1847 1349 1934 1402 minus

1127 1415 1208 1468 animi
1224 1415 1294 1468 vitiis
1305 1417 1324 1450 ¹⁰
1342 1415 1444 1484 aliquos
1466 1431 1547 1468 sanos
1571 1431 1629 1468 ease
1650 1417 1800 1484 intellegere
1824 1415 1932 1468 debere:

1128 1483 1259 1548 alioquin,
1277 1483 1376 1550 inquit,
1394 1483 1528 1546 futurum,
1552 1489 1582 1536 ut
1599 1483 1627 1534 in
1644 1483 1745 1536 infinito
1763 1483 1814 1536 hac
1831 1483 1935 1536 ratione

1127 1549 1224 1602 mrrltos
1243 1563 1323 1602 sanos
1342 1565 1398 1604 esse
1416 1563 1584 1618 negaremus,
1607 1555 1638 1602 ut
1660 1557 1725 1618 puta
1741 1549 1824 1602 levem
1841 1565 1933 1618 super·

1129 1615 1260 1670 stitiosum
1282 1617 1438 1670 iracundum
1462 1621 1644 1672 contumacem
1667 1623 1695 1672 et
1718 1617 1740 1670 si
1763 1631 1815 1684 qua
1840 1617 1935 1670 similia

1128 1689 1191 1736 sunt
1214 1683 1296 1736 animi
1318 1683 1392 1736 vitia:
1418 1683 1500 1752 magis
1523 1685 1593 1738 euim
1616 1685 1789 1752 decerperis
1812 1685 1934 1750 sanitate,

1129 1765 1208 1818 quam
1226 1753 1259 1804 de
1276 1751 1357 1804 animi
1373 1751 1442 1804 vitiis
1460 1751 1585 1820 promitti.
1611 1753 1743 1804 interdum
1766 1757 1869 1816 tamen,
1893 1753 1933 1804 in·

1129 1819 1192 1886 quit,
1210 1819 1302 1872 vitium
1320 1833 1351 1872 cc
1385 1819 1458 1872 orcle
1475 1837 1559 1888 usque
1577 1819 1612 1872 ad
1629 1819 1744 1872 animum
1758 1819 1893 1888 pervenire
1909 1827 1935 1874 et

1128 1901 1189 1940 eum
1205 1885 1312 1938 vitiare:
1336 1903 1367 1940 ve
1377 1887 1416 1938 uti
1434 1887 1598 1954 confingeret
1614 1889 1766 1954 ppebqtmqi
1776 1889 1808 1948 ¹¹,
1829 1889 1891 1954 quia
1906 1889 1935 1942 id

1129 1953 1153 2008 ei
1175 1969 1209 2008 ex
1230 1951 1350 2008 febribus
1373 1953 1508 2008 acciderit.
1536 1953 1599 2020 quid
1617 1969 1678 2022 ergo
1696 1955 1755 2008 est?
1781 1955 1803 2008 si
1821 1955 1883 2022 quid
1901 1957 1935 2008 sit

1127 2021 1209 2074 animi
1225 2021 1317 2074 vitium
1333 2021 1401 2086 tale,
1419 2027 1449 2074 ut
1466 2023 1494 2074 id
1511 2037 1528 2076 a
1544 2021 1679 2074 venditore
1698 2021 1783 2088 excipi
1800 2027 1935 2090 oporteret

1127 2103 1212 2158 neque
1228 2088 1257 2141 id
1270 2087 1392 2140 venditor
1406 2103 1467 2140 cum
1482 2089 1562 2140 sciret
1576 2089 1782 2156 pronuntiasset,
1800 2103 1833 2140 ex
1847 2095 1935 2156 empto

1132 2161 1160 2208 lo
1196 2171 1256 2208 eum
1263 2155 1356 2208 teneri.
1390 2155 1464 2206 Idem
1472 2155 1599 2208 Vivianus
1609 2155 1654 2220 ait,
1664 2155 1783 2224 quamvis
1793 2155 1935 2224 aliquando

1128 2223 1188 2290 quis
1206 2225 1277 2276 circa
1293 2221 1358 2276 fana
1374 2221 1521 2276 bacchatus
1539 2223 1574 2276 sit
1592 2227 1618 2276 et
1634 2239 1762 2292 responsa
1784 2223 1934 2288 reddiderit,

1127 2295 1231 2356 tamem
1250 2291 1272 2344 si
1289 2307 1361 2344 nunc
1377 2291 1429 2344 hcc
1446 2305 1500 2344 non
1517 2289 1614 2356 faeiat,
1637 2291 1738 2344 nullum
1755 2291 1845 2344 vitium
1863 2307 1934 2344 esse:

1127 2373 1214 2426 neque
1232 2359 1393 2422 eonomine,
1412 2359 1484 2426 quod
1501 2359 1536 2410 ah'
1555 2359 1643 2412 uaudo
1660 2359 1686 2410 id
1705 2359 1776 2422 fecit,
1796 2359 1866 2412 actio
1887 2365 1934 2422 est,

1128 2425 1207 2480 sicuti
1224 2425 1248 2480 si
1265 2425 1407 2494 aliquando
1424 2425 1525 2480 febrem
1538 2377 1649 2478 habuit:
1675 2431 1791 2480 ceterum
1806 2425 1836 2480 ‘si
1853 2427 1935 2480 nihilo

1127 2493 1214 2548 minus
1232 2499 1398 2560 permaneret
1415 2493 1443 2546 iu
1461 2509 1491 2548 eo
1506 2493 1581 2558 «vitio,
1599 2501 1630 2546 ut
1648 2495 1719 2548 circa
1731 2493 1796 2546 fana
1809 2495 1936 2548 bacchari

1128 2561 1226 2616 soleret
1243 2569 1270 2614 et
1286 2563 1362 2630 quasi
1379 2563 1485 2616 demens
1503 2577 1632 2630 responsa
1650 2561 1739 2626 daret,
1763 2563 1864 2614 etiamsi
1887 2579 1935 2632 per

1126 2629 1259 2682 luxuriam
1273 2629 1302 2682 id
1315 2629 1416 2682 factum
1433 2635 1480 2694 est,
1494 2629 1584 2682 vitium
1598 2635 1687 2684 tamen
1703 2645 1769 2694 esse,
1784 2629 1830 2682 sed
1844 2629 1935 2684 vitirrm

1128 2695 1221 2760 animi,
1244 2713 1299 2750 non
1323 2697 1456 2764 corporis,
1482 2697 1595 2764 ideoque
1617 2697 1748 2752 redhiberi
1770 2712 1824 2751 non
1847 2713 1935 2766 posse,

1127 2763 1252 2834 quoniam
1269 2765 1367 2818 aediles
1385 2767 1418 2818 de
1436 2765 1618 2836 corporalibus
1635 2767 1704 2818 vitiis
1718 2765 1875 2834 loquuntur:
1894 2773 1934 2818 at-

1130 2839 1159 2886 ti
1195 2837 1286 2886 tamen
1304 2849 1335 2886 ex
1353 2837 1440 2900 empto
1464 2833 1595 2886 actionem
1619 2833 1740 2886 admittit.
1775 2833 1848 2886 Idem
1871 2833 1937 2886 dicit

1128 2901 1208 2954 etiam
1224 2901 1252 2954 in
1268 2899 1318 2964 his,
1337 2899 1381 2968 qui
1398 2901 1627 2968 praetermodum
1644 2901 1728 2954 nmidi
1745 2899 1833 2968 cupidi
1849 2899 1934 2954 avari·

1129 2983 1181 3036 que
1198 2971 1261 3022 sunt
1279 2973 1326 3022 aut
1342 2967 1464 3022 iracundi

1162 3031 1182 3090 2
1200 3035 1319 3088 Partes
1338 3035 1406 3088 libro
1442 3037 1511 3090 rimo
1529 3035 1566 3088 ad
1583 3035 1695 3090 edictam
1714 3035 1839 3088 aedilium
1856 3051 1935 3092 mera·

1128 3103 1192 3156 tium
1226 3103 1268 3158 vel
1285 3051 1468 3156 melanchoiici
1786 3163 1789 3170 ,

1162 3167 1180 3226 3
1202 3171 1294 3226 Gerus
1314 3171 1381 3226 libro
1399 3173 1491 3238 primo
1514 3169 1553 3224 ad
1574 3169 1687 3224 adiciant
1712 3169 1839 3224 aedilium
1856 3187 1936 3226 carc-

1128 3239 1192 3292 lc'um
1226 3239 1268 3292 vel
1290 3241 1407 3306 protervi
1429 3239 1470 3292 vel
1491 3237 1626 3306 gibberosi
1642 3237 1683 3290 vel
1701 3239 1773 3292 curvi
1790 3239 1831 3292 vel
1847 3239 1934 3306 pruri-

1127 3307 1213 3374 ginosi
1229 3307 1271 3360 vel
1288 3307 1412 3370 scabiosi,
1430 3307 1492 3360 item
1509 3307 1575 3358 muti
1593 3309 1620 3358 et
1637 3307 1724 3358 surdi:

1161 3373 1182 3430 4
1202 3373 1347 3428 decianus
1358 3375 1425 3430 latro
1436 3375 1528 3444 primo
1543 3373 1581 3426 ed
1593 3373 1707 3426 edictam
1722 3373 1848 3426 aedilium
1856 3391 1935 3428 cure-

1127 3441 1192 3496 lc'um
1234 3443 1268 3496 ob
1295 3457 1363 3510 quae
1387 3441 1451 3496 vitia
1476 3447 1555 3510 negat
1579 3439 1780 3494 redhibitionem
1805 3457 1876 3506 esse,
1904 3457 1935 3494 ex

1129 3515 1140 3562 t
1178 3525 1219 3562 em
1239 3515 1266 3564 to
1292 3511 1338 3562 dat
1361 3511 1500 3564 actionem.
1536 3509 1588 3562 Sed
1606 3509 1628 3562 si
1645 3509 1737 3562 vitium
1754 3509 1872 3576 corporis
1890 3525 1935 3562 us-

1144 3593 1179 3630 ue
1204 3527 1239 3630 ad
1264 3579 1380 3632 animum
1403 3583 1538 3646 penetrat,
1565 3577 1635 3630 forte
1661 3577 1682 3630 si
1705 3583 1814 3646 propter
1835 3577 1935 3630 febrem

1125 3595 1270 3712 ihquantur
1287 3645 1381 3708 aliena,
1405 3643 1446 3698 vel
1470 3645 1515 3712 qui
1539 3643 1675 3712 pervices
1692 3659 1766 3698 more
1782 3645 1935 3698 insanorum

1126 3711 1269 3764 deridenda
1292 3713 1449 3778 loquantur,
1472 3713 1500 3762 in
1523 3727 1588 3778 quos
1611 3711 1638 3764 id
1648 3713 1668 3742 ¹²
1685 3711 1765 3764 animi
1787 3711 1879 3764 vitium
1903 3727 1935 3764 ex

1126 3781 1141 3832 2
1178 3777 1296 3846 corporis
1313 3779 1375 3832 vitio
1393 3777 1498 3840 accidit,
1515 3777 1647 3832 redhiberi
1661 3793 1747 3846 posse.
1783 3779 1848 3832 Item
1862 3779 1934 3832 alea-

1125 3851 1199 3898 tores
1223 3851 1250 3898 et
1272 3847 1387 3898 vinarios
1410 3861 1465 3898 non
1490 3847 1620 3898 contineri
1643 3847 1728 3900 edicto
1747 3847 1876 3914 quosdam
1892 3861 1934 3898 re-

1126 3913 1266 3982 spondisse
1282 3913 1444 3982 Pomponius
1462 3913 1508 3976 ait,
1526 3913 1745 3982 quemadmodum
1762 3931 1811 3968 nec
1827 3915 1934 3982 gulosos

1127 3987 1142 4034 3
1178 3997 1227 4034 nec
1243 3981 1399 4048 impostores
1417 3985 1464 4034 aut
1481 3981 1621 4036 mendaces
1640 3987 1686 4034 aut
1699 3981 1835 4050 litigiosos.
1860 3981 1934 4034 Idem

1125 4049 1290 4118 Pomponius
1313 4051 1365 4114 ait,
1389 4049 1508 4118 quamvis
1531 4065 1586 4102 non
1608 4049 1694 4102 valide
1718 4051 1862 4116 sapientem
1880 4063 1934 4102 ser-

1126 4133 1188 4170 vum
1204 4117 1324 4170 venditor
1340 4123 1478 4186 praestare
1496 4117 1599 4180 debeat,
1617 4123 1719 4182 tamen,
1737 4117 1760 4170 si
1770 4117 1814 4170 ita
1831 4117 1935 4168 fatuum

1125 4183 1166 4238 vel
1184 4183 1328 4238 morionem
1345 4185 1506 4248 vendiderit,
1532 4183 1614 4238 utin
1637 4201 1668 4238 θο
1691 4201 1756 4238 usus
1780 4185 1867 4238 nullus
1892 4183 1934 4246 eit,

1126 4251 1209 4304 videri
1223 4251 1322 4306 vitium.
1346 4257 1373 4306 et
1382 4253 1402 4284 ¹³
1415 4251 1533 4306 videmur
1547 4253 1599 4306 hoc
1613 4251 1671 4306 iure
1685 4253 1733 4316 nti,
1751 4257 1782 4306 ut
1795 4251 1851 4306 vitii
1863 4267 1934 4304 mor·

1126 4319 1206 4388 bique
1230 4321 1373 4388 appellatio
1397 4335 1450 4372 nou
1468 4319 1590 4372 videatur
1607 4321 1739 4388 pertinere
1756 4319 1806 4372 nisi
1823 4319 1858 4372 ad
1875 4333 1934 4372 cor·

1125 4401 1206 4506 gera:
1224 4387 1305 4438 animi
1322 4391 1410 4440 autem
1427 4387 1518 4440 vitium
1535 4387 1574 4440 ita
1592 4387 1696 4440 demum
1728 4387 1857 4440 raestabit
1871 4401 1933 4438 ven-

1145 4455 1209 4516 itor,
1228 4453 1251 4506 si
1268 4453 1401 4520 promisit,
1419 4453 1554 4516 siminus,
1571 4471 1633 4508 non.
1660 4461 1687 4508 et
1702 4471 1712 4506 1
1733 4469 1762 4506 eo
1781 4453 1935 4508 nominatim

1127 4521 1160 4576 de
1178 4537 1271 4574 errone
1289 4525 1316 4574 et
1331 4521 1440 4588 fugitivo
1459 4521 1603 4590 excipitur:
1626 4523 1677 4576 hoc
1703 4521 1772 4576 enim
1794 4521 1875 4576 animi
1896 4521 1934 4574 vi·

1126 4591 1193 4642 tium
1210 4595 1259 4654 est,
1277 4605 1331 4642 non
1349 4591 1475 4656 corporis.
1501 4591 1572 4644 unde
1589 4589 1695 4658 quidam
1709 4591 1825 4642 iumenta
1840 4589 1936 4656 pavida

1127 4661 1153 4708 et
1171 4657 1312 4710 calcitrosa
1329 4657 1458 4710 morbosis
1482 4673 1537 4710 non
1560 4671 1618 4710 esse
1642 4657 1839 4710 adnumeranda
1862 4657 1934 4708 dixe-

1126 4729 1203 4778 runt:
1230 4723 1311 4776 animi
1337 4723 1419 4788 enim,
1446 4741 1501 4778 non
1527 4725 1647 4792 corporis
1673 4725 1725 4778 hoc
1750 4725 1841 4778 vitium
1867 4739 1933 4778 esse.

267 4793 354 4860 gratia
371 4793 411 4846 bis
429 4795 498 4844 κατὰ
515 4795 563 4844 τοῦ
580 4789 678 4844 αὐτοῦ9
693 4791 763 4846 idem
782 4787 887 4852 dixisse,
905 4805 939 4842 ne
956 4807 1008 4858 qua
1026 4791 1074 4844 du·
1126 4795 1142 4844 t
1176 4791 1209 4844 In
1233 4807 1335 4846 summa
1361 4791 1384 4846 si
1409 4791 1515 4858 quidem
1540 4791 1621 4844 animi
1643 4795 1747 4844 tantum
1769 4791 1860 4844 vitium
1885 4795 1934 4854 est,

269 4865 284 4912 8
318 4861 411 4912 bitatio
441 4865 599 4926 superesset.
638 4859 753 4912 Proinde
780 4855 801 4910 si
828 4855 891 4936 quid
916 4857 969 4910 tale
993 4857 1076 4910 fuerit
1125 4859 1260 4912 redhiberi
1277 4875 1331 4912 non
1348 4863 1449 4928 potest,
1472 4859 1524 4912 nisi
1547 4859 1569 4912 si
1592 4859 1692 4912 dictum
1717 4863 1757 4912 est
1772 4859 1824 4912 hcc
1841 4859 1935 4912 abesse

267 4927 324 4980 vitii
341 4927 395 4980 sive
417 4927 514 4990 morbi,
539 4927 610 4994 quod
626 4943 705 4980 usum
722 4925 945 4990 ministeriumque
962 4925 1074 4978 hominis
1127 4933 1153 4978 et
1170 4943 1224 4980 non
1241 4927 1330 4978 abest:
1356 4941 1389 4978 ex
1406 4931 1493 4994 empto
1511 4931 1602 4978 tamen
1619 4927 1661 4994 agi
1677 4931 1780 4994 potest,
1803 4925 1826 4978 si
1849 4925 1935 4978 sciens

267 4993 402 5062 impediat,
419 4993 447 5048 id
464 4993 538 5046 dabit
554 4993 722 5048 redhibitioni
739 4993 841 5054 locum,
860 4989 1000 5044 dummodo
1019 5007 1073 5044 me·
1125 4993 1152 5046 id
1178 4993 1270 5044 vitium
1295 4993 1376 5046 animi
1400 4993 1519 5046 reticuit:
1546 4993 1569 5044 si
1595 4999 1683 5044 autern
1709 4993 1826 5062 corporis
1853 4993 1934 5046 solius

268 5061 420 5116 minerimus
452 5077 507 5116 non
532 5063 624 5130 utique
650 5061 786 5130 quodlibet
811 5075 891 5128 quam
916 5059 1074 5114 levissimum
1124 5061 1216 5114 vitium
1240 5065 1350 5126 estant
1373 5065 1399 5112 et
1423 5061 1542 5128 corporis
1566 5065 1592 5114 et
1610 5061 1690 5112 animi
1706 5059 1817 5112 mixtum
1834 5059 1933 5124 vitium,

269 5129 386 5194 efficere,
409 5135 441 5182 ut
462 5131 602 5182 morbosus
624 5129 765 5182 vitiosusve
788 5127 927 5180 habeatur.
963 5127 1074 5194 proinde
1126 5133 1140 5182 5
1175 5127 1317 5182 redhibitio
1334 5129 1424 5180 locum
1440 5129 1557 5180 habebit.
1594 5129 1663 5180 Illud
1680 5129 1730 5182 erit
1744 5127 1932 5192 adnotandum,

268 5195 332 5248 levis
356 5195 486 5250 febricula
509 5201 556 5248 aut
577 5201 652 5248 vetus
676 5201 807 5262 quartana
830 5209 898 5260 quae
914 5197 1005 5248 tamen
1021 5193 1075 5248 iam
1126 5195 1198 5262 quod
1213 5195 1245 5248 de
1259 5195 1350 5250 morbo
1364 5193 1520 5260 generaliter
1538 5195 1666 5262 scriptum
1684 5199 1732 5258 est,
1750 5211 1804 5248 uon
1821 5195 1854 5248 de
1871 5211 1933 5248 son·

268 5263 357 5328 sperni
374 5269 462 5330 potest
478 5263 518 5316 vel
536 5263 719 5316 minusculum
734 5263 866 5314 modicum
880 5259 981 5314 nullum
994 5261 1076 5314 habet
1124 5263 1178 5314 tico
1202 5263 1308 5326 morbo,
1331 5277 1381 5314 nec
1403 5263 1498 5314 mirum
1520 5263 1572 5314 hoc
1595 5263 1677 5316 videri
1696 5261 1858 5330 Pomponius
1883 5263 1934 5316 ait:

267 5329 297 5384 in
311 5343 339 5382 se
353 5329 485 5394 delictum,
503 5331 578 5398 quasi
592 5331 792 5398 pronuntiatum
805 5327 923 5384 nonsit:
943 5329 1076 5384 contemni
1125 5329 1191 5382 nihil
1214 5329 1283 5382 enim
1299 5329 1336 5382 ibi
1355 5329 1441 5398 agitur
1459 5329 1492 5382 de
1510 5345 1542 5382 ea
1559 5345 1603 5394 re,
1628 5329 1671 5384 cui
1687 5329 1731 5384 hic
1747 5329 1805 5398 ipse
1827 5331 1935 5384 morbus

269 5395 338 5450 enim
359 5397 427 5452 haec
449 5403 601 5466 potuerunt.
628 5399 739 5466 exempli
754 5397 845 5465 itaque
867 5397 953 5464 gratia
974 5395 1074 5452 refera-
1097 5419 1101 5448 t
1126 5401 1142 5452 6
1176 5397 1272 5450 obstet
1307 5397 1380 5450 idem
1395 5397 1433 5450 ait
1446 5413 1501 5450 non
1516 5413 1620 5452 omnem
1634 5399 1754 5452 morbum
1769 5399 1833 5452 darc
1847 5399 1933 5452 locum

1751 5513 1932 5522 ——u——nu

304 5569 333 5632 (ι)
351 5567 1072 5626 Ed.tanc.s.to,1a..14.1v...aaae.aa...m.ee...ca;Sat.
1126 5565 1309 5626 (samaritani.
1377 5567 1408 5624 let
1429 5565 1544 5632 quoeF²
1612 5569 1643 5628 (vt
1662 5567 1785 5620 enimdel.
1847 5571 1879 5632 (a)
1898 5571 1934 5620 ite

269 5643 519 5686 acuitatem.
535 5635 1075 5702 aetenamPaper...ee;App.eues.-·-
1127 5637 1182 5686 dcta
1253 5639 1284 5696 (a)
1304 5633 1644 5698 idesteidemsignificcntes
1714 5639 1758 5698 (rol
1777 5637 1935 5688 animivitiis

269 5701 666 5766 Bar.19,lo.—Cs.00d.4,58'
708 5707 740 5766 (a)
758 5701 939 5754 deceatne]
991 5705 1023 5764 (3)
1042 5705 1074 5766 cf}
1125 5705 1266 5754 minuerer.
1319 5707 1358 5766 (11)
1369 5705 1397 5752 id
1404 5701 1558 5754 estrfurenti
1611 5707 1654 5766 (12)
1664 5719 1713 5768 qno
1724 5705 1793 5758 itF
1839 5707 1933 5768 (raised

268 5771 369 5820 edictum
384 5787 464 5818 eorum
474 5769 542 5832 apati
553 5767 655 5818 Gellium
665 5771 688 5830 4,
698 5781 737 5830 n,1
874 5771 906 5832 (4)
924 5785 1003 5834 caque
1013 5771 1074 5820 liat.
1125 5771 1305 5836 Bpakcrsdock
