4366 6258
271 373 377 426 causis
398 373 541 422 uncum
1061 349 1102 422 15
1809 355 1914 420 11de

270 545 346 608 aluit,
368 559 401 598 ex
423 543 561 596 novissimo
584 541 670 594 reditu
692 547 795 608 tempus
812 535 986 592 restitutionis
1004 553 1061 592 esse
1084 543 1127 600 16
1162 553 1227 592 esse.
1262 541 1328 594 Item
1345 553 1490 610 paganum,
1515 535 1559 606 qui
1581 533 1608 586 in
1621 531 1798 612 'expeditione
1816 551 1912 588 consu-

270 613 293 670 ei
308 611 509 680 computandum
524 609 613 662 Labeo
631 613 716 674 putat.
740 607 788 660 sed
809 607 939 660 donnes
957 605 1061 674 quidem
1110 603 1174 658 laris
1190 603 1266 658 iussu
1281 607 1424 664 transierat
1439 607 1476 660 ibi
1493 621 1527 660 ue
1542 605 1572 658 in
1588 617 1644 658 acre
1658 601 1803 680 canderet:
1821 601 1913 656 heredi

269 675 570 734 absentiaeannumcolli
588 679 642 738 ant,
657 673 774 742 singulae
782 673 957 738 mmusanno,
971 679 1061 726 11111111
1112 677 1125 724 l
1161 673 1231 726 enim
1255 673 1311 726 eius
1337 691 1462 730 succurre
1499 691 1543 728 um
1569 673 1617 726 est.
1652 667 1702 748 Qui
1726 685 1767 748 111
1789 669 1913 736 publicae

269 761 362 802 annum
385 745 409 796 ei
431 745 522 798 damus
545 691 588 796 ad
602 741 792 796 restitutionem
816 757 851 796 an
872 757 934 796 vero
957 745 1061 794 tantum
1112 739 1455 808 cansaltomamprofeetus
1470 747 1519 808 est,
1535 735 1914 814 abessere1pubhcaeeansa

269 811 395 880 temporis,
410 815 537 878 quantum
549 807 690 862 novissima
707 809 761 862 eins
776 809 897 862 absentia
911 805 1060 876 occuparit,
1109 805 1221 860 ridetur.
1264 807 1311 860 sed
1329 813 1356 860 et
1371 809 1395 862 si
1412 815 1485 862 exue
1501 809 1614 880 patriam
1631 821 1707 862 suam
1727 805 1913 882 reipubhoae

268 887 283 934 4
313 877 463 932 videndum:
487 881 514 930 et
536 881 601 942 puto
625 891 723 930 aunum
740 875 864 930 dandum.
899 875 929 928 Si
952 891 1012 930 oum
1032 875 1060 928 in
1111 889 1194 928 causa
1210 871 1346 942 profectus
1364 875 1406 938 sit,
1424 877 1511 942 etiam,
1529 877 1552 932 si
1568 891 1616 946 per
1632 875 1724 930 urbem
1737 871 1761 926 ei
1775 877 1827 926 1ter
1841 889 1912 926 com-

268 945 396 1018 provincia
413 943 570 1000 domicilium
585 941 711 1008 haberes,
729 957 801 996 esses
818 945 925 996 autem¹
941 943 970 996 in
986 943 1060 1008 urbe,
1112 945 1126 994 8
1160 943 1235 1012 petit,
1252 943 1291 996 rei
1306 941 1430 1012 publicae
1448 959 1530 998 causa
1553 947 1636 998 abest.
1671 939 1794 996 Similiter
1817 939 1913 1008 quiin

268 1033 300 1070 an
320 1013 381 1066 mihi
404 1027 488 1064 annus
512 1009 603 1074 cedat,
628 1009 705 1078 quasi
726 1009 881 1078 experiundi
902 1015 1061 1080 potestatem
1110 1009 1247 1078 provincie
1265 1013 1313 1072 est,
1331 1013 1362 1062 ut
1376 1009 1488 1076 primurn
1505 1017 1552 1064 aut
1569 1013 1645 1066 domo
1661 1027 1710 1066 sua
1723 1007 1858 1078 profectus
1874 1013 1914 1062 est

267 1081 390 1138 habeam?
416 1087 442 1132 et
464 1077 502 1132 ait
517 1075 607 1132 Labeo
625 1093 678 1132 non
696 1077 798 1132 cedere.
825 1093 873 1146 ego
890 1081 980 1132 autern
996 1083 1060 1146 puto
1111 1081 1173 1142 aut,
1197 1093 1257 1132 cum
1281 1077 1310 1130 in
1326 1075 1418 1130 eadem
1434 1077 1569 1144 provincia
1586 1081 1656 1148 degit
1673 1079 1713 1134 rei
1728 1077 1849 1148 publicae
1867 1075 1913 1130 ad-

267 1153 315 1204 hoc
330 1147 367 1200 ita
382 1161 486 1210 verum,
510 1145 534 1198 si
554 1145 596 1198 ius
613 1145 755 1200 revocandi
772 1145 879 1198 domum
895 1145 1061 1200 adversarius
1111 1145 1299 1198 ministrandae
1325 1159 1419 1208 causa,
1443 1145 1520 1198 simul
1537 1161 1614 1214 agere
1630 1163 1686 1202 rem
1702 1147 1835 1216 publicam
1853 1159 1928 1216 111-Ὶ

267 1215 366 1270 habuit:
390 1213 413 1266 si
429 1213 529 1278 minus,
550 1213 632 1266 videri
648 1227 707 1266 esse
724 1213 878 1282 experiundi
893 1217 1060 1282 potestatem,
1112 1217 1126 1264 c
1160 1213 1209 1280 pit,
1228 1211 1263 1264 ad
1280 1209 1473 1264 similitudinem
1490 1211 1607 1266 absentis
1624 1213 1744 1270 habetur.
1774 1213 1839 1268 ¹⁰Et
1853 1213 1915 1266 dum

268 1287 281 1336 5
314 1281 372 1348 quia
390 1285 416 1332 et
431 1279 532 1332 Rornae
549 1281 691 1334 contestari
707 1281 779 1334 litem
801 1281 896 1348 potuit.
932 1281 1017 1334 Exem
1035 1279 1061 1334 lo
1112 1285 1156 1332 eat
1178 1279 1207 1330 in
1231 1285 1319 1334 castra
1341 1285 1368 1334 et
1391 1279 1496 1342 redeat,
1522 1279 1560 1330 rei
1582 1281 1704 1348 publicae
1726 1297 1809 1338 causa
1831 1281 1916 1346 abest,

267 1347 428 1402 rescissoriae
445 1345 555 1402 actionis
574 1347 652 1402 etiam
671 1349 843 1416 exception,
862 1347 908 1416 qui
921 1349 961 1402 rei
974 1297 1061 1416 pudli-
1112 1345 1184 1414 quod
1202 1351 1229 1402 et
1246 1347 1361 1402 eundum
1377 1345 1456 1400 sitin
1479 1351 1567 1400 castra
1588 1347 1730 1404 militaturo
1754 1357 1781 1406 et
1802 1349 1915 1404 redeun-

269 1429 312 1470 cae
328 1429 407 1468 causa
424 1413 499 1480 afrtit,
519 1415 655 1484 competit:
673 1415 743 1468 forte
760 1415 783 1468 si
799 1431 841 1468 res
860 1417 893 1468 ab
912 1431 943 1470 eo
957 1431 1061 1482 posses·
1112 1415 1183 1468 dum.
1208 1413 1335 1470 Viviauus
1352 1413 1444 1468 scribit
1457 1413 1599 1468 Proculum
1616 1417 1783 1484 respondisse
1800 1417 1917 1482 militem,

268 1489 282 1536 6
314 1483 410 1534 sionem
426 1485 523 1534 nancto
540 1483 713 1536 vindicentur.
747 1483 892 1536 iunctione
901 1483 1062 1548 rescissoria,
1112 1483 1158 1550 qui
1175 1487 1323 1536 commeatu
1341 1483 1418 1546 absit,
1436 1481 1499 1536 dum
1515 1479 1621 1534 domum
1637 1483 1710 1534 vadit
1726 1491 1773 1538 aut
1785 1485 1861 1550 redit,
1880 1485 1918 1540 rei

284 1565 330 1602 uae
351 1549 477 1602 adversus
497 1549 606 1604 militem
629 1549 768 1618 competit,
795 1549 982 1618 aequissimum
1006 1567 1063 1606 esse
1113 1549 1235 1618 publicae
1253 1565 1335 1606 causa
1352 1549 1452 1614 abesse,
1472 1549 1533 1606 dum
1550 1549 1621 1604 domi
1638 1549 1680 1612 ait,
1698 1565 1752 1604 non
1769 1555 1870 1608 abesse.

266 1567 420 1684 domponius
437 1617 476 1670 ait
492 1615 548 1670 eius
566 1633 669 1684 quoque
686 1617 820 1684 temporis,
838 1633 889 1686 quo
906 1619 1003 1672 absens
1016 1619 1062 1672 de·
1147 1613 1187 1672 36
1211 1615 1356 1672 Uarianos
1370 1617 1437 1672 libro
1455 1621 1533 1670 scuto
1551 1615 1589 1670 ud
1604 1615 1688 1686 aequm
1705 1615 1805 1672 Iulium
1821 1627 1847 1672 et
1864 1619 1918 1672 Pu-

266 1681 351 1736 iensns
367 1699 420 1736 non
438 1683 606 1746 estimatus
625 1699 685 1738 eum
701 1689 852 1754 praestare:
871 1699 933 1754 ergo
948 1691 975 1740 et
988 1685 1063 1738 militi
1107 1685 1187 1754 pium
1220 1683 1410 1752 Reipublicae
1427 1699 1509 1738 causa
1526 1683 1620 1738 abesse
1637 1697 1682 1736 eos
1701 1683 1771 1736 solos
1787 1687 1917 1754 intellegi-

268 1747 393 1804 debebunt
409 1749 525 1804 restitui:
542 1751 676 1820 utrimque
693 1753 763 1804 actio
781 1753 838 1816 erit,
1113 1765 1180 1810 mus,
1199 1751 1245 1818 qui
1260 1767 1315 1804 non
1332 1753 1375 1804 sui
1393 1751 1523 1806 commodi
1540 1765 1629 1814 causa,
1648 1749 1695 1804 sed
1712 1751 1798 1804 coacti
1813 1753 1918 1806 absunt.

298 1811 334 1870 29
350 1819 517 1870 Araruanos
529 1817 715 1888 librosepta'mo
725 1819 909 1886 quaestionum
943 1819 1065 1874 videlicet
1148 1813 1188 1874 37
1206 1819 1326 1870 Pactus
1337 1819 1404 1872 libro
1420 1819 1496 1870 tertio
1512 1817 1549 1870 ud
1564 1815 1754 1888 icqcmluda'um
1770 1817 1920 1886 etPupium

268 1881 613 1950 necmofficiumpublicum
627 1885 668 1940 vel
682 1883 777 1938 damno
793 1885 834 1938 vel
849 1885 1005 1952 compendio
1019 1885 1062 1938 sit.
1113 1885 1162 1948 Hi,
1188 1885 1233 1952 qui
1249 1885 1277 1936 in
1294 1883 1430 1952 provincia
1446 1899 1495 1938 sua
1513 1885 1582 1938 ultra
1598 1889 1702 1952 tempus
1719 1897 1737 1936 a
1754 1883 1920 1938 constitutio-

297 1945 333 2006 30
351 1949 543 2006 Pannosla'bro
553 1951 709 2006 duodecimo
719 1951 879 2006 udeda'ctum
914 1951 981 2004 (ium
989 1951 1063 2006 miles
1113 1953 1192 2006 nibus
1210 1967 1367 2006 conoessum
1384 1953 1512 2016 adsident,
1529 1951 1638 2020 publica
1655 1965 1737 2004 causa
1754 1951 1848 2004 abesse
1864 1965 1920 2004 non

266 2017 307 2086 qui
323 2017 496 2086 usucapiehat
518 2017 661 2074 decesserit
683 2023 711 2072 et
732 2019 810 2074 heres
832 2019 980 2088 impleverit
998 2035 1062 2074 usu·
1112 2019 1309 2086 intelleguntur.
1377 2041 1378 2044 ¹

266 2083 408 2152 cepionem,
428 2101 541 2154 aequum
558 2091 600 2140 est
615 2085 730 2140 rescindi
747 2085 819 2154 quod
835 2091 929 2154 postea
947 2101 1062 2156 usucap·
1148 2083 1188 2144 38
1211 2085 1357 2140 Uarianos
1371 2085 1438 2140 libro
1455 2089 1533 2140 scorto
1550 2087 1589 2140 od
1604 2085 1688 2156 locem
1706 2083 1804 2138 Iulium
1822 2089 1848 2138 et
1864 2083 1918 2138 Pa-

265 2157 316 2206 tum
332 2157 379 2218 est,
396 2157 427 2206 ut
445 2153 535 2206 eadem
551 2153 579 2206 in
596 2153 746 2218 heredibus,
766 2155 811 2222 qui
827 2155 854 2206 in
872 2169 958 2208 usuca
976 2155 1062 2206 ionem
1107 2155 1186 2224 ptam
1213 2153 1242 2206 Si
1259 2153 1301 2206 cni
1317 2155 1345 2206 in
1362 2153 1498 2222 provincia
1515 2169 1564 2206 sua
1581 2153 1704 2220 princeps
1722 2153 1842 2206 adsidere
1859 2167 1919 2218 spe·

265 2217 417 2284 succedunt,
443 2221 573 2272 servanda
598 2221 663 2274 siut:
696 2221 759 2288 quia
803 2221 917 2274 ossessio
964 2221 1063 2272 efunoti
1114 2221 1175 2272 ciali
1183 2221 1311 2274 beneficio
1325 2221 1482 2290 permiserit,
1496 2227 1560 2288 puto
1577 2237 1636 2274 eum
1649 2221 1689 2272 rei
1702 2219 1825 2288 publicae
1841 2233 1922 2272 causa

266 2285 335 2354 quasi
350 2285 487 2338 iniuncta²
504 2287 641 2342 descendit
657 2287 691 2340 ad
713 2237 836 2340 heredem
860 2293 887 2338 et
908 2287 1063 2354 plerumque
1114 2287 1222 2340 abesset
1259 2287 1313 2340 uod
1330 2287 1353 2340 si
1369 2303 1424 2340 non
1441 2303 1474 2340 ex
1490 2287 1620 2354 permissu
1636 2287 1688 2340 hoc
1705 2285 1806 2350 feeerit,
1826 2299 1919 2340 conse-

267 2357 276 2404 1
309 2353 423 2404 nondum
439 2353 585 2408 hereditate
602 2353 675 2408 adita
692 2353 847 2422 completur.
875 2353 903 2406 Si
916 2355 949 2418 is,
966 2353 1011 2422 qui
1025 2353 1064 2408 rei
1114 2359 1226 2422 quanter
1262 2355 1375 2418 'cemus,
1400 2371 1461 2408 oum
1484 2355 1583 2408 cumen
1605 2353 1725 2418 admisit,
1751 2369 1804 2406 non
1820 2353 1921 2406 habere

264 2419 378 2488 publicae
397 2437 479 2474 caasa
496 2419 579 2484 aierit,
602 2421 723 2488 usucapit
746 2425 773 2474 et
794 2425 857 2488 post
873 2421 1063 2490 usucapionem
1114 2437 1174 2474 eum
1190 2421 1326 2490 privilegia
1343 2437 1441 2486 eorum,
1460 2423 1506 2490 qui
1521 2421 1560 2476 rei
1576 2421 1699 2488 publicae
1718 2435 1799 2474 causa
1814 2419 1920 2472 absunt.

264 2487 408 2542 alienaverit
425 2505 493 2554 rem,
512 2489 645 2542 restitutio
662 2487 785 2542 facienda
803 2489 861 2552 erit,
881 2493 907 2542 et
924 2489 988 2542 licet
1005 2489 1062 2542 siue
1115 2493 1127 2540 1
1165 2487 1278 2542 Tamdiu
1295 2489 1333 2542 rei
1349 2488 1473 2558 publicae
1490 2503 1572 2542 causa
1589 2487 1683 2542 abesse
1701 2489 1759 2556 quis
1782 2487 1921 2550 videbitur,

265 2553 318 2608 dolo
335 2553 429 2608 afuerit
447 2559 474 2608 et
490 2557 648 2624 usneeperit,
666 2557 740 2608 luero
760 2555 816 2608 eius
830 2557 936 2608 occurri
950 2559 1061 2622 oportet.
1113 2555 1239 2622 quamdiu
1256 2555 1344 2610 officio
1362 2555 1450 2622 adque
1464 2561 1584 2622 praeestr
1603 2555 1672 2622 quod
1687 2555 1710 2608 si
1723 2555 1827 2608 finitum
1841 2553 1923 2608 1111111

264 2621 319 2674 item
343 2635 375 2674 ex
398 2623 505 2690 reliquis
532 2623 652 2674 omnihus
676 2623 763 2676 causis
785 2621 918 2674 restitutio
940 2619 1064 2674 iacienda
1113 2621 1245 2686 officium,
1268 2623 1322 2674 iam
1340 2623 1436 2676 desinit
1452 2623 1546 2676 abesse
1562 2621 1601 2676 rei
1617 2623 1740 2690 publicae
1758 2635 1848 2674 causa.
1874 2619 1923 2674 sed

264 2689 315 2752 erit,
330 2689 408 2740 veluti
426 2689 449 2742 si
467 2689 591 2744 adversus
609 2705 669 2744 eum
686 2689 889 2758 pronuntiatum
905 2689 949 2742 sit.
1112 2689 1147 2740 ad
1173 2689 1359 2744 revertendum
1383 2689 1422 2742 illi
1446 2695 1566 2758 tempora
1593 2689 1805 2756 computabimus
1832 2689 1921 2742 statim

293 2753 327 2812 31
346 2755 426 2810 loun
440 2757 508 2812 libro
526 2759 768 2826 quiuquupcastmo
786 2759 864 2812 tortio
888 2755 926 2808 ud
947 2755 1062 2810 edictum
1112 2761 1193 2824 atque
1210 2755 1288 2810 desiit
1304 2757 1344 2812 rei
1361 2757 1484 2824 publicae
1502 2773 1584 2810 causa
1600 2757 1695 2810 abesse
1712 2773 1744 2812 ea
1762 2757 1857 2824 quibus
1880 2771 1922 2808 re·

264 2821 288 2876 Si
302 2823 336 2888 is,
354 2825 429 2878 cuius
446 2839 502 2878 rem
519 2825 642 2892 usucapit
657 2825 696 2876 rei
713 2825 838 2890 publicae
856 2839 939 2876 causa
956 2823 1061 2888 absens,
1112 2823 1179 2876 verti
1195 2823 1224 2876 in
1241 2825 1334 2878 urbem
1351 2825 1452 2892 potuit:
1472 2827 1498 2878 et
1515 2825 1566 2876 erit
1582 2823 1747 2878 moderatum
1764 2829 1885 2892 tempora
1899 2823 1923 2878 ei

263 2891 447 2958 possessionem
470 2905 534 2944 suae
551 2893 590 2946 rei
607 2891 640 2944 ab
659 2891 703 2944 illo
721 2897 869 2958 usucaptae
886 2895 1002 2944 nanctus
1019 2891 1060 2954 sit,
1113 2889 1191 2954 dare,
1217 2905 1285 2958 quae
1308 2891 1352 2944 lex
1373 2891 1566 2944 revertentibus
1589 2891 1723 2958 praestitit
1731 2893 1761 2944 ¹¹.
1795 2905 1877 2960 quare
1901 2889 1924 2944 si

209 2975 210 2978 ¹
263 2959 307 3010 etsi
321 2965 414 3024 postea
431 2959 554 3022 amiserit,
572 2973 626 3010 non
643 2957 823 3028 temporalem,
842 2957 889 3010 sed
906 2963 1062 3026 perpetuam
1113 2973 1165 3026 quo
1190 2957 1327 3010 deflexerit
1336 2959 1357 2990 ¹²
1375 2971 1440 3010 suae
1461 2959 1501 3010 rei
1523 2973 1619 3022 causa,
1642 2975 1697 3012 non
1722 2957 1872 3012 dubitamus
1896 2957 1924 3010 id

263 3025 336 3076 habet
351 3025 489 3078 actionem.
1112 3031 1217 3090 tempus
1244 3025 1267 3076 ei
1292 3039 1346 3076 non
1371 3025 1516 3092 proficere,
1542 3025 1688 3094 habitaque
1713 3025 1923 3078 dinumeratione

292 3087 329 3148 32
345 3091 534 3152 Mannarruus
548 3089 617 3144 libro
635 3105 705 3142 uouo
723 3091 881 3160 sepulcrum
905 3091 1009 3146 Abesse
1023 3091 1062 3144 rei
1112 3091 1253 3158 temporis,
1281 3107 1332 3160 quo
1357 3091 1452 3144 reverti
1475 3091 1576 3160 potuit,
1603 3091 1692 3146 statim
1718 3107 1779 3144 eum
1805 3091 1923 3146 dicemus

278 3159 375 3214 ublicae
392 3175 475 3214 causa
491 3157 652 3224 intellegitur
674 3163 701 3210 et
716 3157 754 3220 is,
780 3159 826 3226 qui
849 3157 884 3210 ab
909 3159 976 3212 urbe
999 3173 1060 3226 pro·
1112 3157 1213 3210 desisse
1236 3157 1416 3226 reipublicae
1434 3173 1516 3212 causa
1534 3157 1635 3214 abesse.
1662 3159 1742 3226 plane
1768 3157 1791 3212 si
1812 3157 1922 3212 infirmi·

261 3175 339 3280 dectus
356 3231 409 3290 est,
427 3227 489 3280 lieet
505 3223 623 3278 nondum
640 3225 800 3292 provinciam
820 3225 995 3286 excesserit³z
1016 3225 1062 3278 sed
1112 3229 1168 3276 tate
1184 3225 1326 3292 impeditus
1345 3225 1500 3278 continuare
1516 3225 1567 3278 iter
1584 3241 1638 3280 non
1655 3227 1757 3292 potuit,
1781 3225 1924 3280 habebitur

262 3295 299 3346 ett
312 3295 384 3362 isqui
394 3293 513 3358 excessit,
532 3291 617 3346 donec
635 3293 662 3344 iu
680 3293 773 3346 urbem
788 3297 945 3346 revertatur.
967 3295 993 3346 et
1010 3291 1062 3346 hoo
1112 3291 1181 3344 ratio
1207 3293 1395 3356 humanitatis,
1422 3293 1501 3346 sicuti
1523 3291 1618 3346 haberi
1641 3293 1710 3346 solet
1732 3297 1759 3346 et
1781 3293 1874 3346 hiems
1898 3299 1925 3346 et

261 3361 467 3430 adpreconsules
482 3361 635 3428 legatosque
650 3373 741 3414 eorum
755 3365 782 3412 et
797 3359 851 3412 ad5
866 3373 919 3422 eos,
939 3359 985 3428 qui
999 3375 1061 3426 pro·
1113 3359 1287 3424 navigationis
1306 3363 1332 3412 et
1350 3365 1497 3412 ceterorum
1514 3375 1584 3428 quae
1601 3375 1667 3414 casn
1685 3359 1849 3428 contingunt.

260 3427 342 3480 vinciis
365 3433 507 3496 praesunt,
531 3431 750 3496 procuratoresve
773 3425 938 3494 principum,
966 3427 1012 3494 qui
1033 3427 1062 3478 in
1146 3421 1189 3488 39Ι
1205 3425 1325 3480 Pactus
1340 3427 1407 3480 libro
1428 3427 1521 3496 primo
1544 3427 1736 3480 sententiolam
1769 3427 1796 3480 Is
1820 3427 1864 3494 qui
1886 3427 1925 3480 rei

260 3495 390 3562 provinciis
408 3499 546 3556 tenentur,
564 3493 694 3562 pertinet,
714 3499 740 3546 et
757 3493 792 3544 ad
809 3493 931 3546 tribunos
950 3493 1062 3546 militum
1112 3493 1236 3560 publicae
1254 3509 1337 3546 causa
1355 3491 1476 3546 afuturus
1494 3497 1566 3556 erat,
1591 3493 1615 3546 si
1636 3499 1839 3572 procuratorem
1862 3495 1923 3548 reli-

260 3567 284 3614 et
299 3561 444 3628 praefectos
464 3565 492 3614 et
508 3561 617 3614 comites
634 3561 793 3628 legatorum,
813 3559 858 3628 qui
877 3559 912 3614 ad
929 3559 1062 3612 aerarium
1113 3561 1212 3628 querit,
1231 3575 1279 3628 per
1297 3575 1375 3628 quem
1394 3559 1498 3612 defendi
1514 3559 1616 3628 potuit,
1640 3577 1668 3614 1n
1685 3561 1817 3628 integrum
1834 3561 1924 3616 volens

260 3627 332 3682 delati
349 3635 395 3682 aut
412 3629 440 3682 in
458 3627 676 3682 commentarium
693 3627 821 3694 principis
839 3627 938 3682 delati⁶
956 3633 1026 3682 sunt.
1112 3627 1217 3680 restitui
1233 3643 1287 3680 non
1307 3627 1422 3680 auditur.
1829 3689 1830 3692 Ἴ

289 3691 324 3754 33
341 3695 421 3748 1111111
432 3697 499 3748 libro
508 3697 645 3772 stimulari
652 3695 684 3748 dc
693 3695 839 3748 aoructcutis
848 3697 956 3748 casibus
989 3695 1062 3748 Inter
1147 3691 1187 3750 40
1211 3693 1356 3748 Uarianae
1372 3693 1440 3748 libro
1457 3695 1551 3762 quinto
1569 3695 1725 3764 opinionum
1761 3695 1788 3748 Si
1807 3713 1860 3764 qua
1877 3697 1924 3748 nri-

260 3777 307 3826 eos,
323 3763 367 3832 qui
384 3779 417 3816 ex
434 3763 550 3830 generah
568 3761 690 3816 clausula
707 3763 873 3826 adiuvantur,
893 3767 920 3814 et
936 3761 996 3814 fisci
1012 3777 1060 3828 pa·
1111 3761 1152 3814 liti
1177 3763 1314 3814 accusatio
1343 3765 1477 3830 competat
1501 3769 1634 3828 ternpore,
1678 3779 1713 3818 uo
1737 3763 1777 3816 rei
1802 3763 1926 3832 publicae

260 3834 270 3881 1
302 3835 392 3884 tronus
419 3835 633 3882 connumeratur.
675 3829 746 3894 Eos,
773 3829 818 3898 qui
842 3829 913 3882 netis
940 3829 1062 3882 scribunt
1114 3833 1126 3880 1
1163 3843 1272 3898 operam
1290 3829 1377 3892 dedit,
1395 3843 1449 3880 non
1466 3829 1617 3896 peremitur.
1654 3781 1731 3896 (duod
1749 3845 1779 3884 eo
1797 3837 1926 3898 ternpore,

258 3901 313 3952 acta
333 3895 498 3966 praesidum,
521 3897 701 3964 reipublicae
719 3913 801 3952 causa
818 3913 873 3952 non
890 3897 986 3952 abesse
1004 3913 1060 3950 cer·
1112 3911 1164 3964 quo
1182 3897 1210 3948 in
1227 3895 1316 3950 insula
1332 3895 1427 3964 aliquis
1443 3895 1496 3948 fuit
1513 3911 1547 3950 ex
1562 3911 1651 3964 poena
1668 3897 1692 3952 ei
1705 3899 1832 3968 irrogata,
1850 3899 1925 3952 cuius

257 3969 270 4018 2
301 3969 356 4018 tum
373 3969 420 4018 est.
455 3965 570 4018 Militum
587 3963 691 4030 medici,
710 3965 836 4032 quoniam
853 3963 973 4018 officium
990 3965 1062 4034 quod
1110 3963 1307 4018 restitutionem
1324 3963 1482 4032 impetravit,
1500 3965 1534 4018 ah
1553 3965 1778 4032 aliousurpatnm
1793 3967 1925 4030 carbonis,

257 4039 343 4098 gerunt
360 4037 386 4086 et
403 4033 509 4102 publice
525 4033 637 4112 prodest
654 4037 681 4086 et
696 4031 819 4086 fraudem
834 4033 871 4086 eis
887 4033 993 4086 adferre
1007 4047 1060 4084 non
1112 4045 1181 4098 quae
1197 4047 1253 4084 non
1271 4037 1347 4084 eraut
1364 4031 1495 4100 adempta,
1513 4033 1656 4100 probatum
1671 4033 1760 4098 fuerit,
1779 4049 1845 4088 suae
1862 4049 1925 4086 cau·

257 4099 693 4162 debet⁷,restituti0n1sauxilium
709 4099 852 4168 implorare
889 4103 990 4152 essunt.
1112 4113 1158 4150 sae
1175 4099 1368 4152 restituendum
1386 4105 1434 4152 est.

287 4163 324 4222 34
340 4165 508 4220 Iavonnnus
520 4167 588 4222 libro
604 4167 855 4236 quintodecimocx
866 4117 958 4222 dasem
982 4167 1060 4220 Miles
1146 4163 1185 4222 41
1205 4165 1350 4220 turrinus
1369 4167 1437 4222 libro
1462 4169 1619 4238 tricensimo
1643 4169 1736 4236 quinto
1760 4167 1924 4242 clipeatorum

257 4233 638 4300 commeatuacceptosidomo
654 4249 704 4288 sua
719 4239 767 4298 est,
784 4235 962 4304 reipublicae
977 4249 1062 4288 causa
1112 4233 1141 4286 Si
1165 4233 1224 4300 quis
1247 4235 1318 4288 Titio
1341 4235 1480 4302 legaverit,
1508 4235 1530 4288 si
1553 4235 1646 4288 mortis
1670 4249 1735 4288 suae
1756 4239 1875 4298 tempore
1898 4249 1926 4284 m

257 4305 267 4352 1
301 4303 391 4354 abesse
408 4317 463 4354 nou
480 4299 593 4354 videtur.
626 4301 678 4368 Qui
695 4317 789 4372 operas
807 4303 836 4354 111
851 4303 970 4372 publico,
989 4301 1062 4372 qnod
1112 4301 1191 4354 ltalia
1208 4307 1294 4366 esset,
1318 4307 1366 4354 aut
1388 4303 1416 4356 iu
1441 4319 1525 4356 annos
1550 4303 1682 4370 singulos,
1706 4299 1777 4370 quod
1801 4299 1829 4350 in
1846 4299 1925 4352 Italia

255 4369 413 4438 vectigalium
423 4383 505 4422 eausa
519 4369 637 4422 locatum
653 4375 701 4434 cst,
717 4369 770 4432 dat,
786 4369 825 4422 rei
839 4369 964 4438 publicae
978 4385 1062 4424 causa
1112 4371 1198 4432 esset,
1224 4375 1251 4422 et
1268 4369 1293 4424 ei
1310 4387 1466 4436 succursum
1483 4369 1577 4434 tuerit,
1602 4369 1664 4438 qrria
1682 4369 1716 4420 ob
1733 4367 1774 4430 id,
1799 4365 1871 4432 quod
1887 4367 1927 4420 rei

254 4451 303 4488 non
320 4435 402 4490 abest.
1111 4435 1237 4504 publicae
1254 4453 1338 4492 causa
1355 4437 1431 4502 afuit,
1449 4439 1573 4490 exclusus
1590 4435 1672 4488 thenit
1690 4449 1706 4486 a
1721 4435 1824 4500 legato:
1851 4431 1925 4486 fidei-

284 4499 322 4558 35
340 4501 458 4558 Pacius
470 4501 539 4558 libro
554 4505 632 4558 tortio
648 4505 685 4558 ud
698 4503 893 4576 teqcmlulium
908 4503 1060 4576 ctPupa'om
1112 4505 1281 4560 commissum
1304 4507 1337 4558 ab
1356 4521 1387 4560 eo
1405 4505 1527 4560 relictum
1544 4507 1679 4570 praestare
1701 4501 1811 4568 cogitur.
1846 4501 1926 4554 Mna-

254 4567 300 4636 Qni
321 4571 474 4636 mittuntur,
500 4575 531 4624 ut
553 4571 651 4626 milites
674 4571 803 4626 ducerent
828 4577 876 4624 aut
900 4573 1061 4626 reducerent
1115 4585 1223 4624 cunnos
1237 4579 1328 4628 notat:
1352 4573 1410 4642 quis
1435 4573 1504 4624 enim
1527 4569 1660 4624 dubitabit
1683 4569 1756 4622 salva
1779 4567 1926 4636 legatorum

254 4641 297 4690 aut
320 4637 422 4706 legendi
448 4639 600 4702 curarent⁸,
626 4639 666 4692 rei
690 4639 815 4708 publicae
842 4655 925 4694 eausa
952 4639 1059 4694 absunt.
1108 4643 1140 4692 et
1155 4639 1421 4696 fideicommissorum
1439 4653 1521 4692 causa
1535 4637 1612 4690 militi
1625 4635 1730 4690 restitui
1743 4635 1925 4704 hereditatem,

254 4705 265 4756 1
298 4703 333 4756 Hi
355 4721 474 4774 quoque,
497 4705 543 4774 qui
559 4705 633 4760 missi
650 4711 713 4760 snnt
729 4707 765 4760 ad
781 4707 970 4774 gratulandum
986 4707 1060 4776 prin·
1112 4723 1193 4774 quam
1211 4709 1245 4762 ob
1262 4707 1290 4762 id
1307 4707 1437 4778 perdidit,
1455 4705 1526 4774 quod
1542 4705 1581 4756 rei
1598 4703 1721 4770 publicae
1738 4719 1821 4760 causa
1839 4705 1935 4760 afuit?

253 4771 266 4822 1
299 4771 357 4840 cipi.
392 4773 459 4828 item
483 4779 642 4842 procurator
667 4773 803 4838 Caesaris,
828 4791 883 4828 non
907 4777 995 4828 solum
1019 4775 1061 4828 cui
1147 4771 1188 4832 42
1211 4775 1349 4828 Arsanus
1370 4775 1437 4828 libro
1461 4773 1554 4840 quinto
1579 4771 1742 4840 clipeatorum
1776 4773 1839 4828 Non
1863 4789 1926 4828 vere

251 4849 334 4892 rerum
351 4841 502 4908 provinciae
521 4843 650 4910 cuiusque
672 4843 828 4910 procuratio
850 4843 980 4896 mandata
1001 4843 1060 4906 erit,
1112 4841 1210 4894 dieitur
1226 4843 1407 4910 reipublicae
1425 4837 1619 4892 eausaabesse
1637 4855 1713 4906 eum,
1737 4843 1783 4912 qui
1806 4843 1848 4896 sui
1870 4843 1925 4912 pri-

253 4905 297 4958 sed
318 4911 345 4960 et
368 4907 405 4972 is,
430 4909 474 4962 cui
495 4925 584 4962 rerum
608 4909 728 4976 quamvis
745 4927 799 4964 non
817 4911 943 4964 omnium.
969 4911 1060 4978 itaque
1112 4909 1168 4962 vati
1185 4909 1285 4976 negotii
1303 4923 1386 4962 causa
1402 4907 1431 4960 in
1447 4905 1578 4974 legatione
1595 4913 1644 4960 est.

251 4971 1060 5046 1111111113·11111111111111111111111111111111111111111111111-
1146 4971 1186 5032 43
1205 4979 1374 5030 Aneroancs
1391 4975 1458 5028 libro
1475 4975 1587 5044 septimo
1607 4979 1793 5044 quaestionum
1829 4977 1926 5046 Siquis

252 5041 265 5092 3
299 5057 345 5096 cae
363 5059 446 5098 eausa
462 5047 557 5098 abesse
579 5045 777 5110 intelleguntur.
812 5045 970 5098 Praefectus
1011 5061 1060 5098 uo·
1112 5043 1257 5112 stipulatus
1282 5043 1318 5096 sit
1339 5045 1367 5098 in
1391 5057 1475 5094 annos
1499 5043 1632 5112 singulos,
1658 5047 1746 5114 quoad
1755 5047 1775 5080 ¹³
1797 5047 1826 5098 in
1848 5047 1927 5098 ltalia

252 5123 299 5174 que
314 5111 428 5178 Aegypti
444 5113 484 5166 rei
506 5113 631 5182 publicae
656 5125 738 5168 causa
761 5113 852 5176 abest,
878 5113 957 5232 {nive
981 5061 1061 5166 adam
1112 5115 1183 5164 esset
1199 5113 1242 5164 vel
1257 5111 1315 5178 ipse
1331 5109 1374 5164 vel
1391 5109 1543 5176 promissor,
1563 5118 1590 5166 et
1607 5113 1734 5168 alteruter
1750 5113 1927 5182 reipublicae

249 5175 282 5228 ob
300 5193 408 5232 oausam
431 5179 470 5234 rei
511 5179 616 5234 ublicae
638 5177 726 5246 gratia
746 5183 825 5230 1111111
847 5195 880 5230 ur
899 5193 942 5232 em
965 5179 1059 5234 aberit.
1112 5193 1196 5230 causa
1213 5179 1308 5230 abesse
1326 5179 1458 5244 coeperit,
1483 5179 1602 5234 officium
1625 5183 1754 5250 praetoris
1779 5187 1820 5236 est
1843 5181 1926 5234 intro·

251 5249 264 5294 t
297 5243 348 5298 Sed
365 5251 393 5298 et
409 5247 438 5298 in
455 5197 637 5302 urdauicianis
655 5245 782 5300 militibus
804 5245 876 5298 idem
902 5245 978 5300 divus
995 5247 1075 5302 Pius¹
1112 5245 1212 5298 ducere
1235 5245 1327 5296 utilem
1357 5245 1497 5302 actionem.
1534 5249 1626 5302 eadem
1650 5251 1769 5302 dicemus
1794 5253 1821 5302 et
1844 5249 1867 5302 si
1888 5249 1928 5302 ita

250 5311 263 5362 5
297 5313 441 5368 constituit.
478 5315 634 5382 Quaesitum
652 5319 693 5368 est
710 5311 743 5366 de
761 5329 801 5376 ec,
821 5313 866 5380 qui
884 5311 920 5364 ad
937 5329 1059 5380 compes·
1112 5317 1245 5380 concepta
1267 5311 1404 5380 stipulatio
1427 5315 1521 5370 fuerit:
1547 5319 1578 5370 ‘si
1601 5317 1780 5386 quinquennio
1806 5315 1926 5382 proximo

250 5379 342 5434 cendos
360 5383 444 5434 malos
468 5381 590 5438 homines
613 5383 710 5438 missus
734 5387 787 5446 est,
815 5395 850 5432 an
873 5379 913 5434 rei
935 5381 1061 5448 publicae
1112 5377 1361 5444 ‘Romaeiuerit'¹⁴,
1378 5383 1479 5438 velita:
1497 5385 1529 5438 ‘si
1541 5383 1644 5438 Romae
1660 5401 1714 5438 non
1727 5383 1848 5446 fuerit¹⁴,
1864 5397 1926 5436 cen-

250 5461 328 5502 causa
344 5449 463 5504 abesset:
483 5455 510 5504 et
525 5451 628 5518 placuit
644 5449 684 5502 rei
697 5449 822 5516 publicae
837 5461 921 5500 causa
935 5461 997 5500 oum
1011 5449 1059 5500 ab·
1112 5451 1179 5500 ‘turn
1196 5445 1263 5500 dare
1280 5447 1429 5514 spondeac’

252 5619 276 5682 11)
293 5623 375 5670 autem
385 5623 431 5674 del.
507 5623 542 5690 (2)
559 5623 759 5686 quasiunctaF¹
835 5621 866 5684 (3)
886 5615 1059 5668 accesseritP.
1115 5615 1157 5676 (δ’)
1175 5611 1329 5668 ibidemser.
1407 5623 1440 5686 (p)
1458 5637 1544 5672 rerum
1553 5621 1673 5684 S‚0m.F
1737 5621 1781 5678 (lo)
1799 5615 1872 5664 miles
1880 5615 1925 5662 ins.

251 5683 326 5740 Fata
412 5691 443 5752 (t)
462 5689 616 5752 etS,om.F
698 5693 731 5754 (5)
749 5689 782 5740 ad
791 5689 837 5740 del.
935 5687 969 5748 (6)
986 5683 1062 5734 relati
1115 5685 1155 5740 (111
1174 5681 1315 5746 praestitit}
1325 5688 1486 5750 praesidibus
1495 5687 1644 5752 praestituit
1652 5703 1700 5734 aer.
1769 5683 1814 5742 (11)
1833 5677 1932 5744 quode·

252 5753 365 5806 Budaeus
467 5761 499 5822 (tl
517 5755 644 5806 debentF
743 5759 776 5820 (sl
794 5769 881 5804 curam
890 5755 996 5818 agerent
1004 5753 1061 5802 dett.
1115 5749 1266 5798 duxeritF²
1335 5757 1378 5816 (13)
1397 5755 1512 5818 quodF¹
1583 5755 1626 5814 (11)
1645 5749 1722 5800 1111111
1732 5767 1778 5798 ser.

1006 5833 1009 5840 ’
1707 5833 1723 5878 9
