4366 6258
1057 349 1121 422 tit
1808 355 1917 418 XXXI

262 373 301 418 ET
321 373 588 420 uinetcouussssIs

263 543 291 596 28
325 539 455 592 commissi
471 537 563 606 petitio
575 537 630 592 uon
642 537 781 606 supererit.
817 539 963 596 Oumiuter
979 539 1058 592 liber·
1110 537 1251 590 commissa
1267 539 1382 594 moriens
1394 533 1668 600 libertisuiridebuit,
1685 533 1917 602 eorundemprae·

262 615 301 664 tos
317 605 351 660 ad
361 605 461 676 praedii
471 607 588 674 legatum
600 607 697 658 liberta
712 621 816 676 quoque
829 605 923 664 firisset
935 607 1059 670 admissa,
1110 603 1214 658 diorum
1230 603 1285 658 suis
1298 619 1402 672 quoque
1413 607 1515 662 libertis
1532 607 1648 660 finctum
1662 601 1781 670 reliquit:
1798 601 1863 654 iuris
1878 601 1917 670 ig-

263 673 345 744 quod¹
362 679 490 742 patronus
507 673 582 742 petit,
599 677 630 724 ut
646 673 679 726 de
696 673 803 728 nomine
814 673 930 730 familiae
947 691 1000 728 nou
1014 687 1059 726 ex·
1110 669 1249 724 notatione
1265 671 1334 738 lapsi
1343 673 1388 740 qui
1395 679 1487 740 petere
1516 673 1607 728 raedia
1617 689 1651 728 ex
1660 669 1748 724 mariti
1757 673 1917 722 testamento

262 745 320 806 iret,
343 739 464 794 heredem
481 739 594 794 libertae
614 739 696 794 filiurn
713 745 816 808 partem
839 741 955 808 praedii,
982 755 1062 808 quam
1111 737 1272 804 debuerunt,
1296 737 1441 792 seeundum
1465 739 1696 796 fieicommissum
1720 739 1791 790 inter
1814 739 1915 790 ceteros

263 815 291 868 29
323 813 407 862 mater
423 807 541 878 accepit,
566 807 680 862 retinere
702 811 786 862 ιιιιιιι
803 813 852 862 ιιι.
888 807 954 862 Gum
971 807 1061 862 eristi·
1111 805 1190 872 longo
1215 811 1335 886 tempore
1359 811 1545 884 perpeperunt.
1586 825 1641 862 non
1664 807 1723 862 ideo
1752 809 1914 874 peremptam

262 881 341 934 maret
357 875 391 928 ad
408 875 491 928 solam
509 875 695 930 consobrinam
713 891 789 928 suam
806 877 878 930 bona
893 881 1061 944 perventura,
1112 871 1194 928 uideri
1230 871 1365 928 ιιιιιοιιιι
1379 889 1477 940 prrorts
1493 873 1690 932 fideicommissi
1707 871 1833 930 ιοιιιιιιι.

263 943 381 1002 codicillis
404 943 438 996 ab
463 943 513 996 ea²
530 943 609 998 iactis
631 943 753 1012 pluribus
779 943 984 996 fideicommissa
1000 943 1061 996 reli·
1147 935 1186 996 80
1204 889 1285 994 insu
1303 941 1370 994 libro
1391 941 1482 1018 primo
1505 941 1686 1010 definitionum
1726 943 1857 1012 Legatum
1878 941 1916 994 ita

263 1017 357 1084 querat.
396 1011 454 1066 iure
478 1011 654 1066 successionis
677 1011 713 1064 ad
735 1011 803 1066 duos
826 1009 943 1064 eiusdem
965 1009 1062 1078 gradum
1112 1007 1257 1062 dominium
1272 1009 1312 1062 rei
1328 1007 1449 1074 legatarii
1464 1005 1536 1072 lacit,
1554 1013 1584 1060 ut
1601 1009 1733 1066 hereditas
1751 1009 1855 1066 heredis
1873 1023 1916 1064 res

262 1079 421 1152 possessione
437 1077 561 1132 devoluta
578 1079 725 1132 rationibus
743 1077 885 1146 aequitatis
902 1083 930 1132 et
940 1077 1063 1144 perpetui
1112 1075 1238 1144 singulas.
1273 1075 1344 1144 quod
1361 1089 1392 1130 eo
1411 1075 1540 1144 pertinet,
1563 1081 1607 1138 ut,
1633 1079 1657 1132 si
1678 1093 1746 1144 pure
1763 1095 1806 1132 res
1823 1077 1917 1132 relicta

263 1147 334 1204 edicti
352 1145 470 1214 exemplo
493 1161 543 1214 pro
560 1151 637 1224 parte
659 1143 768 1198 dimidia
784 1145 920 1198 mulierem
944 1145 1062 1198 relevan·
1113 1143 1149 1198 sit
1165 1147 1192 1196 et
1208 1143 1351 1210 legatarius
1368 1159 1423 1198 uon
1439 1141 1588 1210 repudiavit
1610 1141 1729 1198 defuncti
1745 1147 1917 1206 voluntatem,

263 1217 317 1270 dam
333 1213 470 1282 respondi:
488 1213 536 1266 sed
551 1211 688 1268 libertates
699 1213 734 1266 ab
752 1225 784 1264 ιι
794 1211 978 1282 praestandas,
997 1225 1064 1280 quas
1112 1215 1188 1264 recta
1204 1209 1247 1264 via
1265 1209 1416 1276 dominium,
1434 1207 1505 1278 quod
1522 1207 1677 1264 hereditatis
1694 1211 1752 1280 ιιιιι,
1772 1213 1806 1266 ad
1817 1213 1916 1282 legatu-

263 1289 291 1336 30
315 1279 468 1336 intercidere
477 1279 678 1334 damni³causa
689 1281 786 1334 durum
797 1279 943 1334 videbatur.
974 1279 1062 1346 Pater,
1114 1279 1182 1334 rium
1198 1283 1317 1332 transeat
1334 1293 1479 1348 numquam
1495 1277 1596 1332 factum
1612 1277 1725 1334 heredis.

263 1351 303 1420 qui
319 1349 372 1402 filio
390 1349 524 1402 semissem
542 1347 653 1404 dederat
671 1351 697 1402 et
714 1347 850 1402 sororibus
868 1347 925 1402 eius
942 1347 1062 1416 impube·
1148 1343 1185 1406 81
1205 1345 1323 1400 Partus
1339 1345 1416 1426 libro⁸
1430 1363 1500 1426 bouq
1518 1345 1702 1416 quaestuosum
1736 1345 1766 1402 st
1787 1349 1846 1418 quis
1863 1355 1917 1404 tes·

262 1419 329 1474 ribus
363 1417 514 1480 ιιιιιιιιιιιι,
542 1417 637 1496 quibus
655 1415 765 1468 fratrem
781 1419 895 1468 tutorem
912 1415 999 1480 dedit,
1023 1415 1064 1468 ιιι
1113 1419 1230 1468 ternanto
1248 1413 1320 1468 iacto
1337 1429 1354 1468 a
1370 1413 1431 1468 filius
1449 1429 1512 1480 suis,
1540 1429 1607 1482 quos
1624 1411 1734 1468 heredes
1750 1415 1916 1482 instituisset,

263 1433 477 1540 aerariorum:
506 1483 564 1548 ιιιι,
584 1489 725 1538 contentus
749 1483 800 1538 eris
824 1499 871 1550 pro
890 1489 936 1538 tuo
955 1483 1063 1538 semisse
1112 1481 1315 1538 fideicommissa
1331 1483 1481 1552 reliquisset
1496 1499 1551 1536 nou
1563 1481 1756 1562 utalegitimis
1767 1483 1917 1552 heredibus,

264 1551 353 1606 ‘aureis
365 1551 585 1616 ducentisetvos
603 1551 683 1616 filiae,
701 1567 751 1618 pro
763 1549 857 1606 uestris
869 1551 1062 1620 quadrantibus
1113 1551 1161 1606 sed
1177 1557 1207 1606 ut
1224 1567 1241 1606 a
1258 1551 1372 1618 scriptis,
1391 1555 1419 1604 et
1435 1555 1621 1604 testamentum
1633 1549 1722 1618 abque
1739 1565 1803 1604 casu
1814 1551 1917 1606 irritum

263 1619 381 1674 ‘centenis
400 1619 505 1672 aureis'.
539 1619 596 1672 viee
613 1625 706 1672 mutua
723 1619 814 1674 liberis
831 1617 1064 1674 fideicommissum
1113 1619 1214 1674 factum
1231 1619 1273 1684 sit,
1290 1617 1339 1672 filii
1355 1619 1390 1672 ab
1407 1617 1533 1672 intestato
1559 1619 1692 1672 venientes
1715 1615 1919 1676 fideicommissa

263 1687 411 1746 hereditatis
419 1687 558 1754 reliquisse
569 1703 623 1740 nou
635 1687 783 1752 ridebatur,
792 1687 840 1742 sed
854 1687 1063 1742 aestimationem
1114 1703 1147 1742 ex
1163 1687 1339 1742 ιιιιιιιιιιι9
1355 1691 1492 1756 praestare
1511 1685 1633 1754 compelli
1650 1701 1704 1738 non
1740 1691 1842 1740 essunt.

263 1759 299 1822 (ut
314 1771 329 1808 ι
346 1753 501 1822 parentibus
518 1753 591 1822 irugi
606 1753 665 1810 fieri
688 1755 771 1822 solet)
794 1755 948 1826 patrimonii
964 1755 1006 1810 sui
1022 1753 1062 1810 fe*
1148 1751 1188 1812 82
1205 1755 1285 1810 iuna
1299 1755 1365 1810 libro
1378 1755 1479 1810 decimo
1492 1755 1676 1824 quaestionum
1705 1701 1818 1808 ilpebitor
1829 1753 1919 1810 decem

263 1823 331 1886 cisse,
349 1837 398 1876 nee
415 1821 515 1876 idcirco
533 1821 643 1876 fratrem
659 1823 759 1876 iudicio
778 1823 878 1878 tutelae
895 1825 982 1878 bonae
999 1821 1063 1876 fidei
1113 1821 1209 1890 legauit
1219 1823 1351 1890 creditori,
1370 1837 1438 1892 quoe
1456 1823 1551 1892 sipost
1566 1837 1665 1876 annum
1682 1823 1732 1876 sub
1749 1821 1860 1892 pignore
1874 1823 1917 1876 de·

262 1891 370 1946 rationes
383 1889 541 1960 qutandoque
549 1891 760 1960 praescriptione
773 1891 969 1944 demonstratae
978 1905 1062 1958 quan·
1112 1889 1202 1944 hebet.
1237 1907 1299 1954 non,
1316 1895 1347 1944 ut
1364 1891 1472 1958 quidam
1488 1895 1599 1960 putant,
1621 1889 1701 1944 medii
1716 1897 1770 1944 tem
1790 1889 1842 1942 oris
1859 1895 1918 1942 tan-

263 1963 287 2012 31
322 1957 404 2010 titatis
418 1957 596 2012 exclusurum.
632 1957 704 2014 Titio
721 1957 801 2012 fratri
818 1957 996 2016 suobdaetius
1014 1959 1062 2012 he·
1112 1963 1170 2010 turn
1187 1957 1353 2012 commodum
1370 1975 1404 2012 ex
1420 1963 1578 2012 testamento
1596 1957 1716 2020 debetur,
1734 1905 1788 2012 seri
1799 1961 1856 2012 tota
1873 1957 1920 2010 de·

262 2023 391 2080 ruditatem
409 2023 468 2088 Seii,
487 2041 504 2078 a
521 2041 573 2092 quo
585 2025 664 2080 heres
674 2025 813 2080 institutus
831 2031 896 2090 erat,
914 2031 977 2092 post
990 2041 1076 2079 mom,
1114 2041 1171 2078 cem
1193 2023 1248 2092 peti
1271 2031 1397 2092 possunt:
1427 2041 1477 2080 nec
1500 2025 1605 2080 tollitur
1631 2027 1738 2092 petitio,
1769 2025 1919 2080 siinterim

261 2101 309 2146 tem
320 2093 541 2146 suamrestituere
550 2097 658 2160 rogatus
668 2093 761 2148 eodem
773 2093 843 2146 Titio
855 2093 952 2146 herede
961 2093 1062 2160 scripto
1113 2107 1199 2146 annus
1217 2095 1411 2160 supervenerit:
1437 2107 1499 2146 nam
1517 2091 1630 2160 sufficit,
1657 2093 1728 2160 quod
1743 2093 1846 2148 utiliter
1863 2093 1920 2146 dies

278 2159 328 2222 etit,
354 2167 384 2212 ut
400 2161 515 2212 moriens
533 2161 619 2214 Titius
637 2165 693 2212 tam
710 2175 787 2214 suam
810 2173 889 2228 quam
914 2159 969 2212 Seii
985 2161 1061 2214 here·
1114 2159 1202 2214 cessit.
1238 2159 1308 2230 quod
1325 2161 1419 2214 siuivo
1435 2165 1564 2216 testatore
1583 2175 1668 2214 annus
1683 2161 1860 2230 superveniat,
1880 2161 1919 2214 di·

261 2177 361 2280 iitatem
390 2225 546 2296 Sempronio
578 2225 739 2282 restitueret.
785 2243 844 2280 cum
870 2241 903 2280 ex
928 2227 1062 2282 fructibus
1114 2227 1226 2282 cendum
1243 2227 1293 2282 erit
1309 2227 1403 2282 inutile
1420 2227 1491 2282 effici
1508 2227 1631 2296 legatum.
1649 2227 1919 2296 quamquameousti·

261 2293 339 2348 medio
356 2299 474 2362 tempore
491 2293 625 2362 perceptis
637 2293 834 2350 fideicommissi
848 2293 965 2350 debitam
977 2311 1061 2364 quau-

261 2361 356 2414 titatem
374 2361 458 2416 Titius
476 2363 648 2430 percepisset,
667 2363 738 2416 aeris
756 2361 837 2416 ιιιιιι
853 2363 912 2416 loco
930 2379 986 2416 non
1003 2377 1062 2418 esse

261 2427 434 2482 deducendum
450 2427 682 2482 fideicommissum
704 2429 845 2498 respondi,
869 2431 995 2498 quoniam
1017 2445 1061 2484 ra-

260 2497 325 2548 tione
350 2497 563 2564 compensationis
587 2511 667 2564 perce
686 2497 741 2550 isse
771 2495 889 2550 debitum
911 2497 1059 2552 videbatur.

260 2563 331 2632 plane
348 2563 370 2614 si
393 2577 426 2616 ea
441 2563 498 2630 lege
521 2563 641 2618 Maevius
684 2563 762 2616 itium
784 2563 909 2618 heredem
930 2563 1061 2630 instituat,

260 2645 289 2684 ne
304 2629 532 2686 fideicommissum
551 2643 585 2684 ex
595 2635 756 2686 testamento
769 2629 822 2686 Seii
839 2631 979 2696 retmeatl,
998 2633 1062 2686 Pal-

260 2695 348 2752 cidiam
366 2699 576 2766 compensationi
593 2697 726 2764 sufficere,
746 2699 793 2754 sed
809 2699 950 2768 iniquitate
967 2713 1062 2752 occur·

260 2767 336 2818 rere⁵.
374 2765 531 2834 prudentius
554 2771 644 2820 autern
666 2765 775 2830 fecerit,
798 2767 822 2820 si
845 2781 879 2820 err
902 2771 1061 2822 testamento

260 2833 341 2886 fratris
358 2833 533 2886 hereditatem
549 2833 729 2902 repudiaverit
752 2839 779 2888 et
794 2833 915 2888 intestati
930 2833 1061 2902 possessi-

260 2917 328 2954 onem
344 2899 490 2968 acceperit:
509 2915 560 2954 nec
572 2899 705 2956 videbitur
716 2899 779 2956 dolo
791 2899 894 2966 fecisse,
914 2917 975 2954 cum
987 2899 1061 2954 irau-

260 2971 286 3020 32
319 2967 376 3022 dem
392 2967 545 3022 excluserit.
581 2969 615 3020 ‘A
630 2971 657 3022 te
674 2973 746 3036 peto,
773 2967 882 3034 marite,
906 2967 931 3022 si
947 2969 1012 3036 quiid
1028 2969 1060 3020 li-

261 3035 384 3088 ‘berorum
395 3035 531 3098 habueris,
548 3035 601 3088 illis
619 3035 729 3102 praedia
746 3037 881 3104 relinquas
898 3037 948 3100 uel,
966 3037 990 3088 si
1007 3051 1061 3089 non

260 3103 391 3166 ‘habueris
410 3101 462 3154 tuis
480 3101 537 3154 site
553 3101 618 3156 meis
630 3103 789 3220 propinquis
806 3109 854 3156 aut
866 3103 946 3156 etiam
957 3103 1059 3156 libertis

260 3169 374 3222 uostris.
409 3185 463 3222 nou
479 3183 540 3222 esse
561 3169 652 3222 datam
675 3169 847 3234 sectionem,
871 3169 918 3224 sed
942 3169 1062 3224 ordinem

260 3241 286 3290 33
318 3235 464 3304 scripturae
482 3235 582 3288 factam
594 3235 796 3290 substitutioni6
814 3235 948 3304 respondi.
978 3235 1061 3290 Vicos

260 3303 350 3358 civitati
360 3303 476 3366 relictos,
495 3303 541 3370 qui
552 3303 676 3372 proprios
687 3301 755 3358 fines
769 3303 913 3368 habebant
932 3319 1061 3358 excausa

258 3369 444 3424 fideicommissi
466 3387 521 3424 uon
538 3371 598 3442 ideo
620 3371 709 3424 minus
732 3369 825 3424 deberi
846 3371 962 3438 placuit,
989 3367 1061 3438 quod

258 3441 361 3492 testator
377 3437 443 3492 fines
461 3453 554 3490 eorum
571 3435 783 3518 significaturum
794 3443 822 3490 et
839 3437 990 3490 ιιιιιιιιιιι
1004 3435 1060 3490 ior-

258 3519 327 3570 nam,
345 3521 424 3574 quam
442 3505 573 3560 celebrari
584 3505 694 3572 singulis
707 3505 784 3558 annis
795 3505 888 3568 voluit,
908 3505 962 3558 alia
974 3505 1060 3574 scrip-

258 3579 312 3626 tura
328 3589 356 3628 se
374 3571 573 3628 declaraturum
590 3571 713 3640 promisit
723 3587 756 3626 ac
773 3577 868 3640 postea
884 3577 970 3626 morte
982 3589 1060 3640 prae-

259 3645 342 3694 tentus
359 3655 413 3694 non
430 3639 501 3694 fecit.
1008 3667 1009 3670 =

288 3703 323 3766 78
341 3707 422 3762 [ιιι
443 3707 512 3760 libro
539 3723 610 3760 aeuo
635 3721 826 3776 responsuram
869 3705 920 3774 Qui
947 3705 1060 3760 solidum

259 3775 480 3830 fideicommissum
510 3773 612 3830 frustra
643 3775 753 3842 petebat
783 3773 882 3826 herede
911 3771 1060 3826 Falcidiam

260 3843 387 3904 obiciente,
414 3841 437 3898 si
453 3847 558 3910 partem
573 3841 680 3896 interim
703 3841 769 3896 solvi
793 3841 845 3896 sibi
871 3839 1061 3896 desideraverit

259 3925 333 3978 neque
350 3909 498 3978 acceperit,
522 3909 551 3962 in
574 3925 632 3964 eam
654 3925 757 3962 moram
774 3923 870 3976 passus
887 3907 1059 3976 intellegitur.

260 3983 270 4028 t
302 3979 366 4030 dum
382 3981 444 4046 post
460 3981 573 4030 mortem
597 3975 724 4044 emptoris
747 3975 925 4030 uenditionem
947 3975 987 4028 rei
1010 3991 1060 4044 pu-

258 4043 334 4098 blicae
344 4043 516 4112 praediorum
529 4043 644 4110 optimus
662 4043 846 4108 maximusque
860 4043 985 4110 princeps
997 4057 1060 4096 nos·

257 4117 293 4164 ter
308 4111 417 4166 Seuerus
434 4111 573 4180 Augustus
590 4111 707 4164 rescindi
731 4111 875 4164 heredibus
896 4109 984 4192 pretio
1002 4123 1060 4162 res·

258 4177 328 4232 tituto
344 4177 479 4244 iussisset,
506 4177 540 4232 de
556 4177 672 4246 pecunia
692 4177 837 4246 legatario,
861 4193 905 4232 cur
920 4177 1060 4246 praedium

258 4251 401 4314 emptores
419 4261 450 4300 ιι
473 4245 642 4314 possessione
665 4245 813 4314 legaverat,
842 4245 997 4300 coniectura
1013 4259 1059 4298 vo·

257 4311 357 4368 luntatis
381 4329 430 4382 pro
453 4313 534 4368 modo
557 4313 749 4368 aestimationis
764 4371 765 4374 ,
779 4317 884 4434 qartem
907 4311 1060 4368 soluendam

258 4381 270 4432 2
301 4397 357 4436 esse
374 4381 509 4448 respondi.
544 4381 633 4434 Etiam
657 4397 701 4436 res
728 4381 784 4450 pub
797 4381 838 4434 'ca
863 4379 1060 4436 fideicommissi

257 4453 311 4526 post
325 4463 426 4502 moram
443 4463 540 4504 usuras
558 4453 698 4516 praestare
722 4447 837 4516 cogitur,
862 4447 909 4502 sed
926 4447 1059 4516 damnum,

258 4515 359 4582 siquod
376 4531 409 4570 ex
427 4531 459 4570 ea
476 4531 506 4570 re
523 4515 605 4570 fuerit
622 4521 752 4582 secumm,
779 4517 813 4570 ab
831 4515 873 4570 his
891 4515 1060 4572 sarciendam

257 4579 312 4648 erit,
336 4583 381 4650 qui
405 4589 468 4650 post
494 4583 594 4636 dictam
614 4583 774 4636 sententiam
791 4583 939 4636 iudicatum
959 4585 1061 4640 solvere

1112 2295 1176 2350 terit
1191 2295 1226 2350 ab
1243 2295 1326 2350 initio.
1357 2295 1395 2350 sic
1409 2301 1435 2350 et
1445 2295 1474 2350 in
1494 2295 1555 2350 dote
1566 2296 1720 2364 praelegata
1729 2299 1750 2330 ¹⁰
1763 2311 1919 2364 responsum

1113 2367 1155 2418 est
1171 2367 1255 2416 totam
1272 2379 1329 2418 eam
1354 2379 1387 2416 ex
1412 2369 1570 2418 testamento
1596 2365 1652 2444 peti
1674 2379 1759 2430 posse.
1802 2363 1919 2432 alioquin

1112 2431 1259 2486 seeundum
1280 2431 1353 2484 iilam
1376 2431 1536 2484 senteutiam
1558 2431 1581 2486 si
1603 2431 1794 2486 mterusurium
1816 2437 1919 2484 tantum

1113 2503 1155 2552 est
1169 2497 1199 2550 in
1215 2495 1311 2566 legato,
1330 2497 1394 2566 quid
1412 2497 1537 2562 dicemus,
1555 2499 1579 2554 si
1596 2497 1694 2552 firudus
1712 2499 1816 2566 legatus
1835 2497 1919 2552 sites

1112 2565 1154 2620 die
1172 2563 1299 2620 debitus?
1316 2581 1377 2620 nam
1394 2581 1446 2620 uec
1462 2567 1577 2634 pecunia
1594 2567 1650 2632 peti
1666 2569 1762 2634 potest,
1780 2581 1848 2634 quae
1865 2581 1919 2620 non

1112 2637 1153 2688 est
1169 2633 1270 2702 legata,
1294 2649 1343 2688 ιιι
1364 2647 1429 2702 pars
1445 2631 1522 2686 fundi
1546 2633 1625 2688 faede
1649 2633 1826 2698 inueniretur,
1851 2647 1919 2700 quae

1114 2705 1126 2752 l
1161 2701 1248 2768 possit
1264 2717 1314 2768 pro
1333 2701 1470 2754 commodo
1495 2701 1558 2768 peti.
1595 2701 1623 2754 Si
1640 2701 1729 2756 Primo
1753 2707 1779 2756 et
1796 2699 1919 2754 Secundo

1112 2773 1139 2822 et
1155 2767 1248 2822 Tertio
1265 2767 1407 2824 heredibus
1429 2767 1557 2822 institutis
1581 2767 1620 2822 sie
1643 2767 1731 2836 legata
1754 2767 1863 2822 denus:
1889 2767 1919 2822 ‘si

1112 2835 1185 2890 ‘mihi
1200 2833 1306 2890 Primus
1323 2835 1401 2890 heres
1424 2851 1478 2890 non
1494 2835 1558 2902 erit,
1583 2833 1721 2890 Secundus
1739 2835 1810 2890 Titio
1829 2835 1920 2890 decem

1111 2901 1197 2956 ‘datos
1216 2905 1239 2956 si
1257 2903 1395 2972 Secundus
1413 2901 1478 2956 mihi
1493 2901 1571 2956 heres
1589 2917 1643 2956 non
1661 2903 1719 2968 erit,
1736 2901 1842 2956 Primus
1859 2903 1920 2958 Seio

1112 2969 1233 3024 ‘fundum
1245 2971 1428 3024 Tusculanum
1444 2967 1522 3032 dato',
1540 2969 1660 3038 utrisque
1677 2969 1859 3024 omittentibus
1873 2971 1920 3022 he·

1111 3037 1251 3092 ruditatem
1267 3037 1357 3092 Primo
1375 3043 1402 3092 et
1419 3037 1541 3090 Secundo
1559 3037 1750 3104 quaerebatur,
1774 3037 1919 3100 substituti,

1111 3121 1178 3172 quos
1196 3103 1233 3160 ιιι
1252 3103 1368 3166 dederat,
1387 3119 1422 3158 an
1439 3109 1466 3156 ιι
1483 3103 1527 3156 cui
1543 3103 1631 3172 legata
1647 3109 1787 3170 praestare
1804 3103 1920 3158 debent?

1112 3175 1143 3236 20
1167 3171 1202 3224 ab
1228 3177 1342 3238 utroque
1367 3169 1512 3226 substituto
1543 3169 1631 3250 legata
1656 3169 1794 3224 debentur.
1838 3169 1920 3224 Servo

1111 3235 1200 3292 alieno
1238 3253 1298 3292 osse
1314 3253 1370 3292 rem
1388 3237 1488 3292 domini
1503 3237 1588 3304 legari
1604 3235 1703 3290 Valens
1727 3235 1834 3292 scribit:
1856 3237 1920 3292 item

1110 3303 1140 3356 id
1156 3253 1236 3372 quoti
1246 3305 1351 3358 domino
1370 3305 1428 3358 eius
1445 3319 1512 3370 pure
1530 3305 1650 3356 debetur.
1685 3319 1746 3358 cum
1757 3303 1828 3358 enim
1844 3319 1920 3358 seruo

1111 3371 1197 3424 aheno
1215 3371 1317 3440 aliquid
1333 3371 1361 3424 iu
1369 3375 1527 3424 testamento
1538 3371 1641 3436 damus,
1656 3369 1755 3424 domini
1762 3385 1878 3440 persona
1887 3369 1921 3424 ad

1110 3439 1162 3492 hoe
1180 3443 1285 3490 tantum
1294 3437 1443 3506 inspicitur,
1461 3443 1491 3490 ut
1499 3437 1535 3490 sit
1551 3453 1612 3492 cum
1619 3451 1652 3490 eo
1661 3439 1813 3490 testamenti
1829 3437 1920 3504 factio,

1112 3511 1229 3560 ceterum
1238 3521 1271 3560 ex
1280 3505 1474 3574 personaserri
1485 3505 1605 3560 constitit
1615 3505 1739 3572 legatum.
1758 3505 1853 3562 etideo
1862 3521 1920 3560 rec·

1109 3571 1209 3628 tissime
1226 3571 1344 3626 lulianus
1365 3571 1457 3626 definit
1473 3571 1501 3626 id
1518 3571 1623 3628 demum
1640 3587 1715 3628 seruo
1733 3571 1821 3626 abeno
1838 3571 1921 3640 legari

1110 3655 1198 3708 posse,
1208 3637 1518 3706 quodipseliberiactus
1528 3655 1623 3706 capere
1634 3643 1734 3706 posset.
1756 3639 1920 3694 calumniosa

1111 3705 1286 3760 estenimilla
1304 3705 1440 3760 adnotatio
1458 3721 1538 3772 posse
1554 3707 1638 3772 legari
1655 3721 1732 3760 seruo
1749 3711 1776 3760 ιι
1794 3707 1919 3774 quamdin

1111 3773 1761 3842 seruiatrnamethoclegatumexpersonaservi
1770 3773 1920 3828 viresacei-

1110 3841 1164 3908 pit:
1174 3839 1291 3908 alioquin
1300 3847 1326 3896 et
1334 3840 1401 3895 illud
1411 3841 1598 3896 adnotaremus
1611 3857 1671 3896 esse
1681 3841 1812 3910 quosdam
1822 3857 1920 3906 servos,

1111 3907 1165 3976 qui,
1183 3907 1245 3962 licet
1262 3907 1413 3962 libertatem
1436 3907 1563 3976 consequi
1579 3925 1633 3962 non
1651 3915 1778 3976 possunt,
1802 3915 1921 3964 attamen

1109 3975 1225 4042 legatum
1247 3979 1275 4028 et
1301 3975 1476 4030 hereditatem
1500 3981 1614 4042 possunt
1638 3975 1779 4044 adquirere
1804 3975 1919 4030 domino.

1111 4057 1144 4096 ex
1160 4041 1207 4096 iilo
1224 4041 1305 4110 igitur
1321 4045 1481 4110 praecepto,
1508 4041 1581 4108 qtrod
1603 4041 1715 4096 dicimus
1739 4043 1808 4096 serui
1823 4041 1920 4112 inspici

1109 4123 1253 4176 personam
1268 4109 1297 4162 in
1307 4109 1482 4174 testamentis,
1502 4109 1654 4164 dictumest
1671 4125 1748 4164 servo
1759 4109 1919 4164 hereditario

1110 4175 1194 4244 legari
1210 4189 1299 4242 posse.
1332 4175 1371 4228 ita
1388 4191 1443 4230 non
1459 4177 1563 4240 mirum,
1588 4177 1611 4230 si
1627 4193 1670 4230 res
1688 4177 1789 4232 domini
1805 4183 1833 4232 et
1849 4175 1921 4246 quod

1111 4243 1137 4298 ei
1154 4243 1266 4298 debetur
1283 4259 1359 4298 servo
1377 4243 1436 4298 eius
1451 4247 1549 4312 pure¹¹
1571 4243 1656 4312 legari
1676 4243 1777 4312 possit,
1801 4243 1920 4314 quamvis

1111 4309 1217 4366 domino
1235 4311 1293 4366 eius
1310 4327 1365 4366 non
1380 4317 1491 4380 possent
1507 4313 1575 4366 haee
1592 4311 1693 4366 utiliter
1709 4311 1802 4380 legari.

1146 4375 1185 4438 83
1204 4381 1281 4432 lanu
1310 4379 1377 4434 libro
1410 4381 1551 4434 undecimo
1601 4381 1769 4434 questionum
1806 4379 1920 4432 Latinus

1109 4445 1224 4514 Largus.
1259 4445 1383 4502 Proxime
1400 4461 1434 4502 ex
1451 4447 1524 4502 facto
1546 4447 1639 4502 inudit
1657 4465 1669 4502 s
1688 4447 1758 4502 ecies
1781 4447 1852 4498 talis.
1887 4443 1919 4496 li·

1110 4513 1230 4570 bertinus
1248 4519 1392 4582 patronum
1417 4529 1450 4570 ex
1473 4515 1583 4570 semisse
1605 4515 1654 4570 her
1688 4529 1731 4568 em
1754 4511 1871 4570 instituit
1893 4515 1921 4564 et

1109 4579 1193 4634 filiam
1215 4597 1293 4636 suam
1316 4597 1349 4636 ιιι
1366 4581 1419 4636 alio
1442 4583 1565 4638 semisse:
1592 4581 1660 4636 fidei
1687 4579 1819 4636 commisit
1839 4577 1919 4646 fihae,

258 4651 462 4716 supersederunt.
497 4667 549 4706 nec
566 4649 640 4704 aliud
657 4651 807 4704 servabitur
829 4651 858 4704 in
875 4651 930 4706 litis
948 4651 1060 4720 sumpti·
1110 4653 1142 4702 ut
1158 4649 1317 4718 quibusdam
1339 4649 1444 4706 ancfllis
1466 4651 1574 4720 patroni
1596 4649 1762 4712 restitueret,
1788 4663 1848 4702 cum
1868 4647 1920 4702 hae

257 4713 308 4780 bus,
324 4717 348 4770 si
364 4717 432 4774 ratio
443 4717 566 4786 litigandi
576 4733 631 4772 nou
643 4717 708 4772 ituit:
727 4717 860 4786 igneum
871 4719 968 4774 etenim
981 4735 1060 4788 prae·
1109 4717 1289 4772 manumissae
1306 4723 1403 4786 essent,
1421 4723 1456 4782 et,
1475 4717 1499 4774 si
1510 4717 1602 4772 eadem
1616 4715 1672 4768 filia
1682 4715 1827 4794 hereseon
1841 4719 1919 4780 esset,

256 4783 383 4840 audentes
407 4787 495 4840 audiri
516 4801 572 4840 non
597 4789 730 4852 oportere.
774 4785 846 4852 quod
870 4785 900 4838 in
923 4787 1060 4842 tutoribus
1111 4783 1250 4840 substituit
1265 4783 1291 4840 ei
1309 4783 1415 4840 easdem
1432 4785 1553 4840 ancillas.
1588 4783 1713 4852 quoniam
1729 4781 1785 4834 filia
1802 4797 1857 4836 non
1872 4799 1920 4836 vo·

257 4853 269 4900 3
302 4867 402 4920 quoque
419 4855 558 4922 probetur.
593 4851 738 4906 Praedium
753 4857 833 4920 pater
858 4853 891 4906 de
908 4851 1011 4906 familia
1027 4855 1059 4906 li-
1109 4851 1161 4906 luit
1177 4853 1254 4908 heres
1271 4853 1407 4918 exsistere,
1425 4853 1539 4906 ancillae
1556 4851 1632 4906 iussu
1650 4849 1755 4916 domini,
1774 4849 1855 4906 idest
1870 4867 1920 4920 pa-

256 4915 371 4972 berorum
388 4921 501 4974 alienari
516 4921 606 4974 uerbis
623 4919 821 4974 fideicommissi
833 4919 978 4988 prohibuit.
1013 4937 1059 4976 su·
1109 4921 1182 4992 moui
1198 4921 1323 4976 adierunt
1334 4921 1452 4976 defuncti
1463 4917 1646 4972 hereditatem.
1680 4921 1743 4986 post
1754 4917 1920 4986 aliquantum

255 4997 354 5050 promus
372 5005 404 5040 es
422 4987 523 5054 liberis,
542 4989 587 5056 qui
603 4987 839 5042 fideicommissum
855 4993 947 5056 petere
961 4987 1059 5068 potuit,
1109 4987 1237 5058 temporis
1255 4991 1289 5044 ab
1307 5005 1338 5044 eo
1355 4987 1534 5042 maumnissae
1547 4985 1719 5054 quaerebant,
1737 5001 1773 5040 ιι
1783 4987 1919 5042 fideicom-

255 5061 304 5106 uou
323 5053 422 5110 ideireo
439 5055 527 5110 minus
545 5055 678 5110 actionem
695 5055 819 5110 inbonis
846 5055 902 5110 suis
918 5053 1059 5124 rebquisse
1109 5057 1220 5110 missum
1256 5055 1375 5110 etereab
1392 5053 1609 5120 eodempatrono
1623 5053 1735 5122 possint.
1770 5071 1919 5124 rogoergo,

255 5119 320 5176 usus
338 5129 384 5188 est,
404 5123 475 5192 quod
491 5123 616 5180 heredem
626 5125 790 5178 exuauum⁷
809 5123 866 5178 siue
877 5121 968 5178 liberis
981 5123 1059 5178 deee—
1128 5123 1175 5178 uid
1192 5123 1225 5180 de
1236 5073 1294 5180 irco
1312 5121 1444 5178 existimes
1462 5119 1605 5176 rescribas.
1639 5123 1764 5192 respondi
1781 5139 1831 5178 nec
1843 5139 1919 5192 repe-

256 5189 270 5236 4
302 5187 361 5244 deus
379 5191 480 5246 babuit.
522 5191 551 5246 Si
569 5191 686 5248 creditor
706 5193 741 5248 ab
760 5209 792 5248 eo
809 5191 855 5262 qui
871 5195 1059 5248 testamentum
1108 5199 1188 5248 utum
1205 5191 1290 5248 videri
1305 5191 1333 5244 iu
1349 5191 1422 5242 hunc
1439 5203 1532 5242 casum
1547 5187 1793 5260 fideicommissum,
1817 5191 1864 5248 sed
1881 5191 1920 5246 ai-

256 5251 313 5308 ieclt
329 5257 434 5312 domurn
450 5265 590 5328 acceptam
606 5261 666 5314 iure
683 5261 802 5330 pignoris
820 5259 945 5326 uendidit,
966 5265 1061 5314 contra
1109 5265 1242 5314 teretrum
1259 5259 1350 5338 datum
1366 5257 1409 5312 uel
1424 5255 1656 5338 fideicommissum
1681 5261 1724 5316 vel
1739 5261 1827 5330 ipsam
1844 5259 1920 5314 here-

256 5331 392 5390 emptorem
414 5327 612 5382 fideicommissi
635 5345 733 5396 causa,
764 5329 872 5386 tametsi
896 5329 1060 5382 voluntatem
1111 5329 1229 5384 ditatam.
1263 5327 1358 5380 melius
1382 5329 1473 5380 autern
1494 5325 1549 5382 dici
1564 5329 1593 5382 iu
1615 5329 1730 5386 eundern
1746 5345 1838 5384 casum
1855 5329 1918 5384 sub-

256 5389 367 5446 deiuncti
383 5411 438 5448 uon
453 5395 594 5464 ignorauit,
611 5395 679 5450 nihii
698 5397 862 5454 decernetur.
1110 5397 1218 5452 stitutus
1235 5393 1327 5458 uderi
1343 5391 1373 5446 iu
1412 5407 1473 5448 uem
1495 5405 1588 5452 casum
1607 5397 1843 5452 fideicommissum
1864 5413 1919 5452 rue-

287 5457 322 5516 79
340 5461 851 5536 Iosrrlibtuandecimorcsponsorum
879 5463 1059 5534 Quaelfidei·
1110 5467 1236 5528 morunt,
1254 5467 1282 5516 et
1298 5461 1358 5516 ideo
1376 5411 1413 5516 ai
1429 5463 1644 5522 substitutionem
1662 5483 1707 5522 eas
1724 5465 1824 5520 vocari.
1859 5481 1920 5518 cum

257 5573 294 5580 h..

255 5629 281 5692 (ι)
299 5633 588 5700 ιιιοιι]ιιιιιιιιιιιιιιν.
647 5639 681 5698 (a)
700 5637 843 5690 adeamF²
910 5641 942 5704 (a)
960 5635 1056 5698 damni]
1107 5631 1445 5692 iaetamsubstitutionemS
1495 5641 1527 5704 (ι)
1545 5637 1737 5690 extraneumF³
1796 5641 1829 5704 ts)
1847 5653 1918 5702 prae-

254 5697 402 5754 dimidiiscr.
470 5707 501 5766 (4)
519 5705 627 5756 retineat
636 5705 683 5768 F³,
693 5705 866 5756 ιιιιοιιιιιιἰ
935 5707 968 5770 (t)
987 5705 1056 5756 suifi-
1108 5701 1278 5756 diauxorias.
1355 5707 1388 5770 (a)
1407 5707 1743 5760 uenientesf.c.ert.bisF
1815 5707 1860 5772 (ιο)
1879 5721 1917 5756 re-

255 5783 306 5818 oere
315 5777 339 5820 et
348 5771 478 5836 iniquitati
488 5789 618 5824 occurrere
626 5791 673 5824 sor.
711 5775 745 5838 (t)
764 5775 807 5824 sed
817 5773 904 5824 ordine
914 5775 1055 5840 scripturae
1107 5771 1192 5836 legata
1200 5791 1246 5824 str-
1316 5779 1356 5836 till
1372 5773 1477 5828 debetur
1485 5793 1548 5844 pura
1557 5793 1627 5828 seruo
1637 5775 1691 5824 eius
1699 5775 1803 5828 Zoesr'us
