4366 6258
249 405 284 454 ar
304 403 564 454 usuccmorusus
1042 367 1105 452 teu
1718 375 1862 442 XXXXl
1883 379 1901 442 3

249 571 320 630 aedes
342 585 375 624 ex
399 569 504 622 duabus
527 567 608 622 rebus
626 571 763 632 constant,
788 583 821 622 cx
838 569 895 624 solo
914 573 941 622 et
959 581 1051 636 super·
1103 581 1163 618 rum
1186 569 1235 620 est
1248 571 1275 620 et
1295 583 1390 622 aurum
1408 569 1435 622 ει
1450 577 1578 634 gemmam
1595 557 1725 630 possideri
1742 563 1770 612 et
1787 559 1906 628 usucapi,

250 641 314 704 ieie,
340 643 369 692 et
398 635 555 688 universitas
584 649 675 688 earum
702 637 897 702 possessionem
924 633 1053 702 temporis
1105 637 1120 686 ι
1156 649 1217 686 oum
1238 637 1378 702 utrumque
1399 637 1506 688 maneat
1528 633 1668 700 integrum.
1702 625 1744 680 De
1766 627 1845 682 tertio
1862 643 1907 706 gq-

251 715 261 764 ι
292 703 463 760 immobilium
490 715 579 754 rerum
608 699 724 754 omniurn
752 705 863 758 mutem.
905 703 933 756 Si
963 707 1053 770 autem

250 775 364 832 columna
382 769 468 826 euicta
485 769 579 836 fuerit,
596 773 663 836 puto
680 775 708 822 ιε
724 785 758 824 ex
776 775 865 838 empto
884 787 945 822 cum
962 769 1053 824 rendi·

250 857 300 898 tore
317 843 388 892 reete
405 843 529 892 acturum
547 837 591 892 ει2
615 851 646 890 eo
669 853 839 904 generarem
857 835 959 890 salvam
976 835 1052 890 babi-

250 919 262 968 t
293 913 390 962 tamum.
425 905 454 960 Si
471 909 560 958 autem
577 903 701 958 demolita
719 905 812 958 domus
830 911 879 968 est,
898 919 933 958 cx
949 903 1052 970 integro

250 993 286 1036 res
308 973 417 1028 mobiles
440 971 615 1040 possidendae
640 979 715 1038 sunt,
734 979 912 1038 attempero,
936 971 1008 1040 quod
1025 971 1053 1024 in

251 1041 405 1110 usucapione
423 1055 512 1094 rerum
528 1039 665 1094 mobiiium
683 1039 855 1094 constitutum
875 1043 930 1104 est,
954 1055 1053 1092 usuca-

251 1113 356 1186 piantur.
392 1113 419 1162 et
441 1123 495 1160 uon
515 1109 609 1174 potes³
632 1113 704 1162 recte
725 1107 766 1160 uti
786 1121 819 1160 eo
841 1111 975 1174 temporo,
1018 1121 1053 1158 uo

251 1187 273 1236 in
293 1175 413 1232 aedificio
436 1175 559 1230 fuerunt:
586 1191 648 1228 nam
669 1171 892 1244 quemadmodum
917 1123 1053 1228 cessitius

251 1255 273 1306 at
299 1249 435 1312 separatas
463 1243 497 1296 ab
527 1243 647 1298 aedificio
675 1259 729 1296 non
755 1241 912 1312 possedisti,
941 1239 980 1294 sic
1003 1257 1053 1296 nec

251 1329 324 1386 penes
350 1317 377 1366 te
404 1311 523 1380 singulae
551 1317 598 1366 aut
620 1315 759 1378 separatae
776 1309 888 1362 fueruat
910 1313 938 1364 ει
956 1307 1053 1364 cohae-

252 1381 362 1438 rentibus
392 1381 433 1434 his
462 1381 489 1432 iu
518 1379 652 1444 aedificio,
680 1377 807 1446 depositis
837 1375 958 1442 aedibus,
985 1393 1054 1444 quae

251 1455 295 1506 hoc
309 1463 413 1516 quoque
428 1447 515 1516 ipsum
530 1447 687 1502 conusens.
714 1461 801 1514 neque
818 1445 888 1498 enim
905 1445 990 1514 recipi
1006 1463 1053 1528 po·

252 1521 304 1580 lest,
321 1515 452 1570 eteoclem
470 1531 513 1568 res
531 1519 558 1570 ει
574 1519 605 1568 ιιι
621 1529 664 1568 ιεε
682 1513 733 1568 soii
750 1519 777 1568 ot
794 1519 931 1582 tamquam
948 1513 1053 1568 mobdis

251 1585 281 1640 sit
316 1597 429 1636 essessa.

280 1599 318 1708 ili
336 1651 507 1704 Postremus
520 1649 589 1702 libro
603 1651 745 1704 vicesisimo
764 1655 861 1730 quarto
875 1651 913 1704 ud
926 1647 1053 1714 Quintium

252 1717 363 1776 Mecium
396 1717 450 1774 Ubi
472 1717 516 1772 lex
536 1717 639 1772 inhibet
661 1733 865 1786 usucapronem,
887 1719 960 1774 bona
986 1717 1053 1774 fides

253 1795 262 1842 l
295 1787 441 1856 possidenti
470 1785 534 1842 nihil
559 1785 677 1856 prodest.
713 1789 850 1840 Interdum
873 1787 977 1842 etiamsi
999 1805 1054 1842 non

252 1855 326 1910 fuerit
342 1855 468 1910 inchoata
486 1855 612 1924 usucapio
631 1871 648 1908 a
665 1855 803 1924 defuncto,
821 1857 945 1924 procedit
962 1855 1053 1912 heredi

251 1923 314 1978 sius:
331 1923 414 1976 veluti
431 1923 453 1978 si
468 1923 567 1990 uitium,
587 1923 657 1990 quod
670 1925 793 1978 obstabat
811 1941 866 1978 nou
879 1939 912 1978 ex
928 1939 1052 1994 persona,

251 1989 292 2044 sed
308 2005 342 2044 ex
357 2007 394 2056 re,
413 1997 554 2060 purgatum
570 1991 665 2056 inerit,
683 1999 714 2044 ut
730 1999 796 2062 puta
814 1993 837 2046 si
857 1991 917 2046 fisci
933 2007 977 2046 res
995 2007 1053 2048 asse

251 2057 351 2112 desierit
367 2065 415 2112 aut
431 2059 531 2114 furtiva
548 2065 594 2112 aut
612 2059 637 2114 vi
653 2077 785 2128 possessa.
904 2125 905 2128 Ἴ

279 2121 317 2182 25
341 2125 498 2182 Lrorrurns
523 2125 657 2182 Burrnus
681 2129 749 2182 libro
774 2131 868 2200 primo
896 2127 1053 2200 repuleram

251 2193 315 2274 ὃίιε1
323 2195 492 2262 possessione
509 2197 638 2264 usucapio
656 2197 807 2264 contingere
825 2211 881 2250 nou
898 2201 995 2262 potest.

280 2255 318 2316 ib
341 2259 487 2316 Uerrucius
512 2263 579 2318 libre
605 2263 747 2316 uicensimo
769 2279 840 2316 uerae
863 2261 900 2314 ad
923 2261 1053 2318 Sabinum

251 2327 395 2396 Numquam
419 2329 573 2398 superficies
598 2331 654 2384 siue
677 2331 735 2384 solo
759 2331 819 2398 oapi
835 2331 916 2398 longo
935 2335 1053 2398 tempore

251 2401 341 2466 potest.

279 2461 317 2518 27
344 2463 423 2518 Ioum
454 2465 521 2520 libro
551 2467 704 2536 lrdqeusr'mc
729 2467 822 2536 prime
855 2465 892 2518 ud
923 2465 1053 2536 Stabiarum

251 2531 337 2586 Celsus
359 2531 427 2586 libro
451 2533 603 2612 trigessimo
626 2539 720 2600 quarto
745 2549 835 2588 errare
858 2549 904 2588 ees
928 2533 981 2596 ait,
1007 2533 1053 2602 qui

251 2599 432 2666 existimarent,
452 2617 526 2654 eurus
543 2599 583 2654 rei
601 2601 711 2670 quisque
728 2601 800 2656 bena
817 2599 870 2656 fide
888 2601 1001 2670 adeptus
1019 2601 1054 2656 sit

250 2667 452 2736 possessionem,
475 2683 524 2736 pro
546 2685 594 2722 suc
612 2685 760 2736 usucapere
788 2685 848 2724 cum
869 2671 966 2738 posse⁵
987 2669 1054 2724 nihil

250 2735 351 2800 referre,
369 2737 462 2790 emerit
479 2751 528 2792 nec
545 2753 586 2802 ne,
605 2737 732 2790 donatum
749 2737 784 2792 sit
801 2755 850 2792 uec
868 2755 915 2802 ue,
934 2737 957 2792 si
974 2737 1053 2794 modo

250 2809 362 2870 emptum
383 2805 425 2856 vel
446 2803 574 2856 donatum
591 2803 642 2858 sibi
659 2805 858 2872 existimaverit,
882 2805 945 2872 quia
968 2821 1053 2874 neque

250 2887 304 2950 ριο.
316 2869 404 2938 legato
427 2887 514 2938 neque
535 2887 584 2938 pro
610 2871 707 2926 donato
731 2887 818 2940 neque
841 2887 891 2940 pro
909 2873 972 2926 dote
989 2889 1053 2926 usu-

251 2953 321 3004 εεριο
340 2939 435 3002 ualeat,
455 2939 478 2992 si
494 2939 568 2992 nulla
585 2939 706 3002 donatio,
725 2939 799 2992 nulia
816 2939 876 3004 dos,
895 2941 998 2994 nullum
1015 2941 1053 2992 le-

250 3011 333 3074 gatum
351 3005 393 3058 sit.
429 3005 499 3058 idem
524 3011 549 3058 et
566 3007 594 3058 iu
614 3007 667 3058 litis
685 3007 868 3060 aestimatione
886 3007 987 3074 piacet,
1014 3011 1053 3070 ut,

251 3071 372 3126 uisitare
390 3073 449 3142 quis
467 3073 519 3126 litis
538 3073 746 3128 aestimationem
764 3073 888 3138 subierit,
906 3089 1054 3142 usucapere

251 3157 300 3196 uon
334 3141 408 3196 ussit.

281 3157 508 3264 aspromosres
529 3209 597 3262 libro
614 3209 725 3278 septimo
743 3207 844 3262 decium
869 3209 906 3262 ed
922 3209 1053 3262 Saoterum

251 3277 277 3328 Si
292 3291 366 3330 seruo
384 3275 479 3328 furiosi
500 3275 542 3328 rel
558 3275 667 3328 infantis
685 3289 728 3328 res
746 3275 846 3328 tradita
863 3275 912 3340 sit,
937 3291 989 3328 usu
1006 3291 1055 3344 ρει

251 3359 306 3398 eum
323 3357 369 3396 eas
386 3357 515 3410 personas
533 3357 628 3410 capere
645 3357 725 3422 posse
742 3347 855 3396 constat.

281 3407 320 3466 29
346 3409 424 3464 ieeur
453 3409 521 3464 libro
550 3411 691 3464 uicensimo
717 3409 834 3464 seeundo
863 3409 901 3462 ud
924 3409 1054 3462 Sabinum

252 3481 313 3532 cnm
331 3477 404 3532 solus
420 3479 497 3532 heres
516 3493 614 3542 essem,
638 3477 816 3534 existimarem
837 3481 927 3530 autem
944 3481 971 3530 te
988 3493 1053 3544 quo-

251 3561 298 3616 que
320 3559 369 3614 ριο
392 3549 468 3612 ρειιε
490 3543 615 3606 ]ιειει1ειιι
637 3559 708 3608 εεεε,
734 3559 777 3598 res
803 3543 978 3598 hereditarias
1004 3559 1053 3612 pro

251 3619 322 3682 parte
344 3611 393 3666 tibi
411 3611 516 3666 tradidi.
551 3613 661 3680 propius
684 3615 737 3676 εει,
761 3615 792 3664 ut
812 3627 864 3666 usu
889 3625 933 3664 aas
958 3625 1054 3680 capara

251 3697 300 3736 nou
316 3679 411 3748 possis,
431 3679 493 3748 quia
510 3695 559 3734 nec
577 3697 626 3748 ριο
644 3679 741 3734 herede
754 3679 868 3748 usucapi
900 3685 970 3732 otest
983 3679 1054 3748 quod

1104 703 1167 754 uere
1186 715 1326 778 corporum
1342 701 1482 756 udendum
1498 705 1547 756 est.
1583 715 1637 754 non
1658 699 1747 750 autem
1766 709 1832 760 grex
1848 711 1908 774 um·

1104 781 1197 820 versus
1214 781 1253 820 ειε
1270 765 1374 836 capitur
1390 785 1441 822 usu
1457 767 1588 838 quomodo
1604 763 1724 836 singulae
1736 777 1788 826 ret,
1806 779 1855 818 ¹10⁰
1869 779 1908 818 ⁸1⁰

1105 833 1236 914 quomodo
1254 835 1434 890 cohaerentes.
1461 837 1525 904 quid
1541 853 1603 904 ergo
1620 835 1680 892 est?
1702 833 1754 888 etsi
1767 845 1800 886 ea
1811 835 1908 886 natura

1104 919 1161 956 crus
1184 907 1239 966 est,
1267 907 1297 956 ut
1322 901 1512 958 adiectionibus
1539 921 1681 972 corporum
1706 905 1826 966 maneat,
1853 915 1907 954 non

1103 971 1198 1024 ιιειιι12
1220 973 1309 1024 tamen
1330 969 1446 1024 universi
1461 971 1547 1038 gregis
1564 973 1620 1026 ulia
1635 979 1678 1030 est
1694 969 1837 1040 usucapio,
1861 968 1908 1024 sed

1106 1037 1269 1118 singulorum
1291 1037 1443 1090 animalium
1464 1039 1543 1092 sicuti
1562 1041 1713 1118 possessio,
1736 1041 1773 1096 ita
1796 1045 1822 1094 et
1844 1055 1907 1092 usu-

1105 1121 1191 1174 capro.
1226 1123 1274 1160 nec
1296 1105 1319 1158 si
1342 1105 1404 1174 quid
1428 1109 1544 1174 emptum
1566 1107 1714 1164 ammixtum
1737 1107 1819 1162 inerit
1836 1105 1908 1176 gregi

1104 1173 1218 1242 augendi
1235 1173 1291 1228 eius
1308 1173 1402 1242 gratia,
1420 1171 1519 1228 idcirco
1537 1177 1711 1242 possessionis
1727 1193 1807 1232 causa
1821 1181 1907 1230 muta-

1105 1243 1191 1310 bitur,
1208 1247 1251 1306 ιιι,
1269 1241 1292 1296 si
1308 1243 1356 1296 reli
1374 1243 1455 1294 ιιιιε13
1471 1257 1536 1308 grex
1553 1243 1662 1298 dominii
1678 1245 1729 1300 mei
1746 1245 1794 1310 sit,
1814 1245 1908 1300 14Ιιεεε

1106 1325 1209 1380 quoque
1231 1309 1299 1378 oris,
1322 1261 1374 1366 sesi
1392 1309 1511 1378 singulae
1534 1327 1610 1364 suam
1634 1327 1741 1368 causam
1764 1315 1908 1378 habebunt,

1105 1379 1143 1432 ita
1160 1385 1198 1446 ut,
1217 1379 1239 1432 si
1256 1393 1323 1448 quae
1340 1377 1454 1448 furtivae
1472 1383 1557 1444 erunt,
1579 1381 1632 1432 siut
1649 1381 1755 1450 quidem
1772 1397 1806 1436 ex
1821 1397 1908 1450 grege,

1104 1463 1158 1500 non
1175 1453 1264 1510 tamen
1279 1447 1479 1514 usucapiantur.

1139 1511 1176 1572 31
1195 1513 1332 1568 Passus¹⁵
1350 1515 1417 1568 libre
1433 1515 1587 1584 trigessimo
1601 1515 1716 1568 recaredo
1731 1515 1767 1570 od
1780 1515 1908 1570 Sabinum

1105 1583 1256 1652 Numquam
1282 1581 1309 1634 in
1337 1579 1545 1650 usucapionibus
1572 1581 1638 1636 iuris
1664 1597 1736 1636 ειιοι
1762 1585 1910 1652 possessori

1104 1651 1225 1720 prodest:
1250 1657 1276 1704 et
1292 1649 1352 1704 ideo
1370 1649 1500 1706 Proculus
1518 1649 1569 1714 ait,
1594 1649 1617 1702 si
1636 1665 1684 1718 ρει
1702 1665 1818 1704 errorem
1834 1651 1909 1706 initio

1105 1717 1262 1774 venditionis
1283 1723 1356 1774 tutor
1377 1717 1479 1786 pupillo
1502 1723 1596 1772 auctor
1619 1717 1706 1774 faetus
1730 1717 1826 1772 situel
1847 1725 1909 1786 post

1105 1791 1212 1858 longum
1228 1795 1330 1856 tempus
1347 1785 1503 1840 venditionis
1521 1791 1660 1854 peractum
1670 1787 1698 1852 ¹⁶,
1722 1787 1834 1856 usucapi
1855 1805 1909 1842 non

1109 1863 1116 1908 1
1155 1873 1242 1924 ροεεε,
1262 1855 1323 1924 quia
1340 1855 1405 1910 iuris
1423 1871 1497 1910 ειιοι
1511 1861 1558 1910 εει.
1586 1855 1617 1908 Ιιι
1630 1855 1839 1924 usucapionibus
1853 1873 1909 1912 mo·

1106 1927 1120 1978 i
1155 1925 1248 1978 biliam
1262 1923 1415 1990 continuum
1430 1927 1534 1990 tempus
1547 1927 1710 1978 numeratur.
1736 1923 1833 1978 Servus
1847 1923 1910 1978 licet

1104 1993 1133 2044 in
1145 1993 1269 2046 libertate
1282 1995 1408 2056 moretur,
1426 1991 1491 2044 nihii
1503 1991 1622 2060 possidet
1634 2005 1683 2046 nec
1697 2007 1745 2060 ρει
1760 1991 1908 2044 sumebas.

1106 2061 1198 2128 atquin
1215 2061 1238 2114 si
1254 2059 1359 2114 nomine
1376 2059 1501 2126 abouius,
1520 2059 1584 2112 dum
1599 2059 1626 2112 in
1644 2059 1766 2114 libertate
1783 2063 1909 2122 moratur,

1106 2133 1201 2182 nactus
1216 2127 1296 2182 luerit
1307 2127 1509 2196 possessionem,
1528 2125 1650 2196 adquiret
1664 2125 1697 2192 ei,
1716 2127 1791 2180 cuins
1804 2125 1909 2180 nomine

1107 2201 1121 2248 3
1156 2201 1251 2250 nactus
1268 2195 1357 2248 fuerit.
1393 2195 1422 2249 Si
1439 2211 1530 2250 sersus
1547 2209 1620 2248 meus
1637 2191 1764 2248 vallilias
1782 2193 1910 2260 peculiari

1105 2263 1145 2316 sel
1169 2263 1248 2316 etiarn
1269 2277 1328 2316 meo
1351 2263 1456 2316 nomine
1478 2263 1542 2330 quid
1563 2265 1648 2328 tenet,
1672 2265 1766 2330 utego
1784 2275 1833 2326 per
1850 2275 1910 2314 eum
1954 2293 1956 2298 ·

1104 2331 1229 2398 ignorans
1246 2329 1397 2398 possideam
1413 2331 1455 2386 rel
1472 2331 1552 2384 etiam
1562 2331 1731 2400 usucapiam:
1750 2329 1807 2384 siis
1822 2325 1911 2380 ferrare

1105 2397 1230 2468 coeperit,
1247 2397 1331 2452 donec
1348 2397 1376 2452 in
1391 2397 1482 2452 eadem
1496 2413 1578 2452 causa
1592 2413 1635 2452 res
1649 2397 1738 2464 fuerit,
1756 2397 1908 2466 intellegen-

1106 2467 1169 2520 dum
1187 2471 1227 2520 est
1244 2473 1270 2520 et
1286 2467 1482 2536 possessiouem
1499 2467 1571 2534 apud
1587 2483 1629 2520 me
1646 2481 1782 2522 remanere
1802 2473 1829 2518 et
1845 2481 1908 2520 usu-

1107 2533 1243 2602 capionem
1265 2534 1422 2602 procedere,
1451 2535 1530 2590 acuti
1553 2551 1602 2604 ρει
1625 2533 1783 2588 dormientes
1805 2549 1910 2602 quoque

1107 2617 1152 2656 eos
1175 2601 1245 2656 idem
1265 2601 1342 2656 uobis
1367 2601 1538 2672 contingeret.
1573 2601 1695 2672 idemque
1717 2600 1861 2656 incolens
1883 2609 1910 2656 et

1106 2675 1121 2724 4
1154 2669 1292 2740 inquilino,
1310 2687 1359 2740 ρει
1376 2687 1442 2740 quos
1459 2669 1633 2740 possidemus,
1652 2669 1791 2726 dicendum
1806 2675 1854 2724 est.
1881 2669 1910 2722 Si

1105 2737 1130 2792 si
1153 2745 1200 2792 aut
1221 2739 1289 2792 clam
1311 2743 1360 2792 aut
1379 2739 1501 2806 precario
1523 2739 1716 2808 possessiouem
1737 2743 1833 2792 nactus
1850 2737 1909 2860 quis

1105 2811 1200 2926 qostea
1217 2807 1303 2860 furere
1321 2807 1451 2874 coeperit,
1474 2811 1501 2860 et
1522 2807 1656 2876 possessio
1674 2813 1701 2860 et
1718 2821 1800 2860 causa
1817 2821 1850 2860 aa
1868 2821 1909 2860 em

1123 2879 1184 2926 urat
1201 2873 1233 2926 de
1250 2875 1310 2938 boc,
1328 2873 1400 2942 quod
1416 2875 1537 2944 precario
1551 2873 1668 2928 furiosus
1682 2873 1800 2940 habet¹⁷,
1819 2887 1908 2940 quem-

1105 2941 1246 2994 admodum
1273 2941 1414 2994 interdicto
1445 2957 1550 3010 quoque
1579 2941 1620 2994 uti
1647 2941 1789 3010 possidetis
1816 2939 1910 2994 furiosi

1105 3009 1210 3062 nomine
1232 3013 1305 3062 reeta
1328 3007 1479 3076 experimur
1496 3007 1584 3062 ειιιε18
1604 3007 1779 3076 possessionis
1796 3007 1909 3070 nomine,

1105 3091 1184 3142 quarn
1197 3081 1259 3130 ante
1270 3075 1389 3130 furorem
1401 3091 1450 3144 per
1463 3091 1491 3130 se
1505 3075 1547 3130 rel
1559 3079 1621 3144 post
1634 3073 1751 3130 iurarem
1766 3091 1815 3142 per
1829 3075 1910 3128 alium

1106 3149 1119 3196 5
1154 3147 1251 3196 nactus
1269 3149 1317 3196 est.
1352 3143 1475 3198 vacuum
1495 3147 1614 3210 tempus,
1636 3143 1707 3210 quod
1728 3149 1789 3196 aute
1812 3141 1911 3196 aditam

1104 3211 1278 3264 hereditatem
1296 3211 1336 3264 vel
1353 3217 1416 3278 post
1430 3209 1530 3264 aditam
1543 3211 1700 3276 intercessit,
1718 3211 1752 3262 ad
1767 3209 1909 3278 usucapio·

1106 3283 1121 3332 6
1155 3293 1216 3330 nem
1238 3277 1329 3332 heredi
1352 3277 1482 3346 procedit.
1520 3277 1548 3330 Si
1569 3277 1710 3332 defunctus
1733 3277 1810 3340 emit,
1833 3277 1909 3330 heres

1106 3349 1194 3398 autem
1219 3349 1297 3412 putat
1322 3359 1383 3398 eum
1412 3359 1446 3398 ex
1472 3343 1622 3398 donationis
1646 3359 1728 3398 causa
1750 3343 1908 3412 possedisse,

1105 3427 1156 3466 usu
1174 3427 1234 3466 eum
1252 3417 1390 3480 capturum
1406 3409 1527 3466 Iulianus
1544 3409 1590 3464 ait.

1139 3475 1180 3536 32
1199 3477 1368 3532 Postremus
1388 3479 1455 3532 libre
1473 3479 1627 3548 trigessimo
1643 3479 1760 3534 seeundo
1781 3479 1818 3532 cd
1833 3477 1911 3534 Subi-

1105 3563 1167 3598 uuur
1203 3545 1232 3600 Si
1254 3547 1298 3598 iux
1319 3561 1377 3600 rem
1396 3545 1521 3600 furtivam
1544 3559 1560 3598 a
1583 3545 1689 3600 domino
1707 3547 1801 3600 emerit
1818 3551 1844 3598 ει
1880 3563 1910 3600 ιο

1104 3613 1205 3666 tradita
1226 3613 1363 3678 habuerit,
1387 3613 1489 3668 desinet
1509 3627 1568 3666 eam
1588 3629 1638 3682 pro
1660 3613 1758 3668 furtiva
1774 3613 1848 3692 possi
1867 3629 1911 3668 ere

1108 3685 1119 3734 1
1156 3687 1182 3734 et
1198 3679 1307 3750 incipiet
1328 3697 1378 3748 pro
1396 3697 1445 3736 suo
1461 3679 1605 3748 possidere.
1640 3679 1750 3760 Siquis
1774 3679 1815 3746 m,
1839 3679 1910 3750 quod

245 3751 282 3804 ab
303 3747 400 3802 herede
420 3763 575 3816 possessum
596 3753 637 3802 est
659 3763 744 3816 neque
767 3747 849 3800 aliam
872 3761 954 3800 uam
971 3745 1054 3802 habes
1106 3749 1236 3818 possidet,
1259 3765 1314 3802 non
1335 3753 1414 3818 putat
1434 3749 1486 3802 sibi
1506 3763 1554 3818 ρει
1571 3749 1641 3816 leges
1658 3749 1737 3804 heere
1754 3763 1909 3820 usucapere,

252 3833 355 3872 eausam
368 3815 530 3884 possidendi.
554 3815 594 3868 ita
611 3821 699 3868 tamen
716 3817 768 3868 hoc
785 3829 877 3868 rerum
895 3819 943 3880 est,
961 3815 984 3868 si
1001 3831 1056 3870 non
1106 3817 1245 3870 dicendum
1267 3821 1321 3880 εει,
1346 3815 1449 3870 etiamsi
1471 3821 1554 3880 erret,
1580 3831 1633 3870 non
1654 3817 1799 3886 procedere
1820 3823 1917 3870 tamen

252 3901 282 3938 ex
300 3883 482 3938 transactione
501 3883 531 3936 id
551 3881 652 3936 factum
668 3883 757 3936 fuerit.
793 3883 864 3936 idern
882 3883 1005 3946 dicimus,
1031 3883 1055 3934 si
1106 3883 1161 3938 eius
1186 3883 1387 3952 usucapionem,
1411 3883 1452 3938 rel
1474 3883 1611 3952 quianon
1634 3883 1911 3938 bonafiderideatur

251 3957 279 4006 tu
294 3967 399 4020 quoque
417 3949 550 4004 existimes
568 3955 595 4004 to
611 3949 735 4004 heredem
752 3967 829 4020 esser
848 3965 911 4002 nam
928 3949 972 4004 hio
989 3965 1055 4018 quo·
1105 3951 1241 4020 possidere
1258 3951 1299 4004 rel
1316 3951 1378 4018 quia
1394 3949 1422 4004 in
1439 3949 1497 4004 iure
1514 3951 1612 4004 erranti
1629 3967 1683 4006 non
1700 3951 1827 4022 procedat
1845 3967 1909 4006 usu-

252 4035 298 4090 que
314 4019 447 4086 possessio
464 4017 520 4072 seri
536 4019 640 4072 heredis
659 4017 776 4072 obstabit
792 4017 852 4072 tibi.
1106 4025 1121 4072 ‘i
1157 4019 1242 4086 capio.
1276 4017 1408 4072 Incertam
1430 4025 1533 4086 partem
1553 4017 1689 4086 possidere
1711 4033 1788 4072 nemo
1805 4025 1908 4088 potest:

245 4131 246 4134 ι
282 4083 320 4144 30
344 4087 424 4140 ineu
448 4087 516 4140 libre
542 4087 696 4156 tripertitae
722 4085 760 4140 od
783 4085 914 4140 Sabinum
954 4083 1055 4138 Rerum
1105 4085 1165 4140 ideo
1188 4085 1321 4154 sipiares
1344 4083 1555 4150 sintiuluudo,
1579 4087 1623 4154 qui
1646 4087 1780 4154 ignorent,
1802 4093 1910 4156 quotam

254 4153 363 4210 mixtura
384 4151 459 4208 facta
482 4169 518 4206 an
539 4153 730 4222 usucapionem
748 4153 878 4222 cuiusque
894 4153 1055 4220 praeceden-
1106 4153 1216 4234 quisque
1232 4159 1335 4222 partem
1349 4153 1492 4222 possideat,
1510 4153 1640 4208 neminem
1654 4169 1746 4208 eorum
1759 4171 1832 4208 mera
1845 4171 1908 4222 sup-

254 4229 301 4276 tcm
320 4221 503 4288 interrumpit,
526 4221 669 4290 quaeritur.
704 4219 757 4274 tria
774 4227 863 4276 autem
879 4237 977 4288 genera
993 4225 1056 4276 suut
1106 4221 1201 4276 trlitate
1219 4221 1355 4290 possidere
1370 4221 1462 4276 Labeo
1480 4221 1580 4276 scribit.

252 4305 403 4360 corporum,
430 4305 526 4354 unum,
552 4289 624 4358 quod
650 4289 801 4342 continetur
827 4305 881 4344 uno
908 4287 1004 4358 spiritu
1029 4293 1056 4342 ει
1140 4285 1179 4348 33
1198 4289 1417 4342 Ιιιιιιιιιιεῐιιιο
1435 4287 1660 4360 quadragensimo
1679 4297 1777 4360 quarto
1795 4291 1908 4360 digesto-

253 4357 351 4414 Graeee
368 4355 524 4424 ἡνωμένονθ
540 4363 658 4424 ιοεειιιι,
680 4363 711 4410 ut
728 4357 807 4410 homo
824 4355 846 4410 ti
882 4373 927 4410 um
943 4357 1012 4426 lapis
1029 4361 1056 4410 ει
1105 4373 1166 4410 ruer
1203 4357 1263 4412 Non
1284 4355 1370 4410 solum
1391 4357 1477 4412 bonae
1498 4357 1560 4410 fidei
1578 4363 1721 4426 emptores,
1745 4357 1791 4412 sed
1809 4363 1836 4412 et
1853 4375 1908 4412 om·

252 4425 357 4480 similia:
383 4425 509 4490 alterum,
537 4425 609 4492 quod
631 4441 664 4478 cx
688 4373 915 4492 conungenuiiu,
939 4423 992 4480 boe
1015 4427 1056 4478 εει
1106 4441 1162 4490 nes,
1181 4423 1227 4492 qui
1243 4423 1380 4492 possident
1397 4439 1430 4480 ex
1443 4441 1475 4480 ea
1487 4439 1578 4492 causa,
1596 4441 1674 4494 quam
1689 4423 1818 4492 usucapio
1834 4423 1909 4492 sequi
1933 4429 1934 4432 ’

252 4493 367 4560 pluribus
385 4493 454 4548 iuter
468 4509 498 4548 εε
512 4493 715 4546 cohaerentibus
732 4497 846 4560 constat,
865 4491 936 4562 quod
954 4513 1054 4560 σννημ-
1106 4493 1182 4560 εοΙει,
1199 4499 1303 4560 partum
1321 4491 1432 4546 ancillae
1448 4493 1561 4546 fmtirae
1578 4509 1629 4548 usu
1646 4509 1722 4546 suum
1739 4491 1849 4556 faciunt,
1866 4491 1908 4546 id·

253 4565 344 4624 usecffl
364 4567 487 4626 vocatur,
512 4567 542 4614 ut
558 4559 709 4616 aedificium
726 4561 801 4616 nasis
820 4561 977 4616 armarium:
1001 4567 1054 4614 ter·
1106 4577 1157 4630 que
1174 4559 1276 4614 ratione
1298 4561 1364 4616 iuris
1379 4559 1560 4616 introductum
1577 4561 1704 4616 arbitror:
1726 4575 1788 4612 nam
1805 4573 1839 4612 ex
1856 4573 1908 4626 qua

248 4627 325 4692 tium,
344 4629 416 4696 quod
433 4645 466 4684 ex
483 4627 643 4684 distantibus
662 4635 780 4696 constat,
797 4635 828 4682 ut
847 4645 960 4700 corpora
976 4627 1055 4698 plura
1106 4645 1188 4684 causa
1214 4629 1271 4696 quis
1296 4629 1419 4684 ancillam
1440 4635 1611 4698 usucaperes,
1637 4629 1689 4684 nisi
1709 4627 1753 4682 lex
1770 4627 1908 4680 duodecim

254 4699 320 4750 ιιιιιι8
337 4698 432 4762 soluta,
452 4697 497 4750 sed
515 4697 562 4750 uni
578 4697 678 4750 nomini
696 4699 825 4762 subiecta,
843 4699 925 4752 veluti
938 4697 1054 4766 populus
1106 4697 1256 4752 tabularum
1272 4697 1313 4752 val
1330 4697 1421 4750 Atinia
1438 4699 1569 4762 obstaret,
1595 4713 1629 4752 ex
1646 4713 1677 4750 ea
1701 4711 1783 4750 eausa
1799 4707 1908 4748 necesse

253 4759 315 4832 leg'o
332 4781 405 4834 grex.
440 4765 554 4834 primum
570 4779 654 4832 genus
671 4767 854 4834 ιιειιιερίειιε9
875 4767 1056 4836 quaestionem
1106 4771 1146 4820 est
1163 4771 1267 4834 partum
1283 4765 1410 4834 usucapi,
1435 4765 1459 4822 si
1475 4765 1546 4834 apud
1569 4781 1628 4820 eum
1647 4765 1791 4830 conceptus
1810 4767 1836 4816 et
1852 4761 1908 4816 edi-

257 4835 265 4882 t
299 4849 352 4886 noc
374 4831 470 4900 habet,
494 4833 639 4886 secundum
661 4839 688 4888 et
708 4835 817 4888 tertium
838 4835 928 4890 habet.
962 4835 1054 4888 Labeo
1105 4839 1149 4888 tus
1176 4849 1206 4888 eo
1231 4839 1350 4904 tempore
1375 4833 1464 4900 fuerit,
1490 4849 1542 4902 quo
1568 4833 1692 4886 fruticem
1718 4843 1776 4882 esse
1797 4833 1908 4884 matrem

253 4895 322 4954 libris
341 4899 515 4968 epistularum
524 4903 545 4930 ¹⁰
562 4901 612 4966 ait,
638 4899 660 4954 si
676 4901 713 4964 is,
736 4901 780 4954 cui
797 4901 832 4954 ad
849 4903 999 4970 tegrdarum
1014 4901 1056 4954 vel
1109 4907 1118 4954 1
1156 4901 1212 4954 eius
1233 4903 1380 4970 ignorabat.
1415 4901 1491 4968 Quod
1518 4899 1594 4968 vulgo
1621 4897 1796 4966 respondetur
1821 4897 1908 4966 ipsum

254 4967 432 5022 columnarum
458 4967 648 5036 usucapionem
674 4967 767 5020 decem
792 4969 849 5022 dies
878 4975 1055 5036 superessent,
1105 4969 1157 5026 sibi
1180 4983 1287 5024 oausam
1309 4969 1485 5040 possessionis
1502 4973 1605 5020 mutare
1622 4979 1676 5018 non
1692 4979 1785 5032 posse,
1811 4965 1907 5020 totiens

252 5029 279 5084 iu
294 5035 443 5090 aedificium
461 5051 505 5090 eas
524 5035 687 5098 coniecisset,
707 5035 790 5088 nihilo
808 5035 896 5092 minus
914 5051 975 5090 eum
991 5053 1055 5092 usu-
1105 5053 1194 5092 rerum
1216 5043 1270 5104 εει,
1297 5037 1418 5108 quotiens
1448 5035 1506 5106 quis
1529 5035 1610 5088 sciret
1637 5047 1665 5088 se
1686 5033 1758 5086 bona
1779 5031 1830 5088 fide
1853 5053 1908 5090 non

254 5107 403 5178 captiuum,
432 5103 456 5158 si
477 5103 627 5158 aedificium
649 5101 819 5172 possedisset.
856 5103 920 5172 quid
942 5121 1004 5174 ergo
1027 5103 1056 5158 iu
1105 5105 1240 5186 possidere
1257 5111 1284 5160 et
1299 5107 1367 5160 lucri
1383 5103 1498 5158 faciendi
1517 5117 1598 5156 causa
1613 5101 1741 5170 brciperet
1758 5101 1905 5170 possidere:

254 5163 303 5230 ιιι,
327 5185 396 5238 quae
417 5187 472 5224 nou
490 5171 594 5240 quidem
611 5171 781 5238 implicantur
797 5173 878 5226 rebus
895 5173 984 5238 soii¹¹,
1007 5173 1056 5228 sed
1105 5173 1184 5242 idque
1204 5189 1253 5242 ρει
1274 5173 1340 5226 haec
1363 5171 1472 5240 probari
1493 5185 1580 5238 passe.
1615 5169 1716 5238 siquis
1739 5173 1906 5226 emeritiuu-

255 5235 358 5290 mobiiia
375 5245 545 5306 permanent,
563 5245 593 5292 ut
609 5239 637 5292 iu
654 5239 734 5292 auido
751 5239 873 5308 gemma?
894 5239 923 5292 iu
940 5255 993 5308 quo
1010 5255 1054 5294 re·
1107 5241 1170 5296 dum
1191 5241 1278 5296 sciens
1300 5241 1334 5294 ab
1358 5255 1403 5304 eo,
1428 5239 1503 5292 cuius
1526 5253 1581 5292 non
1597 5243 1667 5306 erat,
1690 5239 1835 5308 possidebit
1857 5257 1906 5308 pro

255 5405 282 5464 (u
300 5407 360 5458 talia
372 5419 537 5474 mactemus:
554 5413 582 5458 nt
590 5413 681 5476 potius,
695 5425 752 5460 cum
761 5409 832 5460 aedes
841 5425 870 5458 ax
879 5407 975 5460 duabus
983 5409 1056 5462 rebus
1106 5409 1218 5460 ficioser.
1278 5411 1309 5472 (ι)
1327 5423 1373 5472 pro
1382 5421 1427 5458 suo
1435 5421 1568 5472 usucapere
1577 5425 1710 5476 cumposse
1720 5413 1765 5462 del.
1829 5417 1861 5472 (ει
1881 5413 1908 5462 id

255 5477 376 5538 constant,
395 5491 423 5524 ex
437 5475 490 5526 solo
505 5479 529 5524 et
542 5477 684 5542 superficie,
701 5477 850 5528 universitas
864 5491 948 5526 earum
961 5493 1055 5542 posses-
1108 5489 1155 5528 est:
1173 5475 1320 5524 continuum
1378 5475 1410 5536 (ι)
1428 5477 1513 5526 idest:
1531 5477 1691 5530 coniunctum
1747 5483 1780 5542 (a)
1799 5479 1906 5528 nondel.

255 5537 320 5616 mone
328 5543 445 5606 temporis
453 5541 618 5594 immobilium
626 5561 710 5594 rerum
718 5545 932 5594 domiuummutat
974 5545 1006 5608 (a)
1026 5557 1056 5592 ax
1107 5545 1223 5608 Beracps
1276 5545 1309 5604 (a)
1327 5543 1485 5608 usucapione]
1494 5545 1671 5596 huiuscemodi
1680 5565 1725 5598 scr.
1773 5551 1818 5608 ιιι)
1836 5543 1908 5594 libris

257 5607 345 5658 rusi*²
401 5611 432 5672 (3)
449 5611 567 5674 potasti*
615 5613 646 5674 tt)
665 5627 723 5662 nam
731 5609 936 5676 quemadmodum
944 5627 984 5662 eas
992 5609 1056 5662 olas
1106 5611 1269 5674 posteriorum
1277 5627 1323 5660 scr.
1387 5613 1427 5674 (11)
1445 5611 1536 5664 sobsF
1595 5617 1638 5680 (ιι)
1654 5613 1755 5664 idcmF
1808 5615 1851 5674 (13)
1868 5627 1907 5662 re·

257 5675 280 5722 ει
292 5679 414 5740 separatas
429 5677 460 5728 ab
475 5677 586 5728 aedificio
600 5695 651 5730 non
664 5679 793 5744 possedisti
806 5677 855 5728 nisi
863 5677 980 5740 depoitis
988 5677 1055 5728 aedi·
1106 5675 1183 5738 liquis
1199 5677 1223 5726 F
1308 5679 1351 5742 (rt)
1367 5677 1401 5728 sit
1414 5681 1459 5730 ius.
1552 5683 1595 5746 (ta)
1613 5683 1765 5746 Pomponius
1780 5679 1907 5744 Scluitiup

257 5737 312 5806 bus,
328 5759 391 5806 quae
404 5745 453 5794 boe
467 5761 566 5810 quoque
580 5745 661 5810 ipsum
674 5745 816 5808 continent,
833 5745 868 5794 sic
882 5759 928 5794 uec
942 5761 1017 5808 penes
1031 5747 1055 5794 te
1107 5745 1153 5806 (16)
1170 5743 1768 5814 iactussitposttempusvenditioneperactaser.
1815 5749 1860 5806 titt
1878 5743 1908 5794 dc

257 5807 365 5870 singulae
380 5815 423 5860 aut
437 5815 561 5874 separatae
576 5813 678 5860 fuerunt
693 5811 882 5862 cohaerentibus
894 5809 934 5860 his
947 5811 975 5860 in
988 5809 1055 5860 aedi·
1106 5809 1680 5876 hocquodprecarioiuriosusbabetabundent
1719 5815 1767 5880 (ιε)
1781 5813 1878 5862 oiusbis
1887 5811 1912 5860 ι’

1659 5897 1708 5950 83*
