4366 6258
262 345 352 420 XVII
377 359 390 418 1

264 541 353 610 candi)
377 543 424 594 aut
446 539 470 592 si
491 537 622 592 redundet
643 537 672 592 in
695 553 754 592 eum
777 539 866 610 captio
890 541 936 610 qui
953 539 1071 608 suscepit

263 609 427 664 mandatum.
464 613 490 660 ιι
513 607 617 676 quidem
642 605 709 660 siis
733 607 777 658 cui
798 607 953 664 mandatum
977 611 1017 662 est
1040 613 1071 662 ιι

264 675 364 756 aliquid
381 679 544 730 mercaretur
560 679 694 730 mercatus
712 691 765 728 non
782 675 818 730 sit
833 691 919 744 neque
935 675 1069 730 renuntia-

263 749 331 798 ιιι-ιι
348 757 376 796 ιι
393 757 447 796 ιιι
465 749 615 822 empturum
633 741 713 810 idque
726 757 783 808 sua,
801 761 856 798 non
869 745 977 798 alterius
992 743 1071 810 culpa

264 809 369 872 iecerit,
393 811 513 864 mandatu
536 811 641 864 ιιιιοιι
663 811 747 864 teneri
773 827 832 864 eum
859 811 992 866 convenit:
1017 809 1070 864 hoe

264 877 377 946 amplius
394 877 535 942 tenebitur,
552 877 633 932 sicuti
649 877 722 932 Mela
739 895 844 948 quoque
861 877 980 946 scripsit,
998 879 1020 932 si
1039 895 1069 932 eo

264 953 384 1012 tempore
400 961 448 1014 per
470 943 588 1000 fraudem
612 947 815 1012 renuntiaverit,
839 945 975 1000 cuniam
998 951 1071 1000 recte

266 1027 354 1066 emere
370 1027 424 1066 non
440 1017 532 1082 posset
541 1013 557 1066 ¹.

299 1075 337 1138 23
356 1077 612 1134 Hannossnrenus
632 1081 700 1136 libro
723 1081 839 1138 recaredo
857 1081 926 1134 iuris
942 1081 1070 1150 epitoma·

263 1163 336 1226 ram·
358 1147 427 1200 Sane
454 1147 476 1202 si
500 1147 656 1204 valetudinis
682 1149 826 1204 ιιιιιιιι2
850 1147 891 1202 vel
917 1147 1070 1216 capitalium

263 1215 462 1268 immunitiarum

299 1279 339 1336 24
356 1281 475 1336 Parrus
496 1281 564 1336 libro
586 1285 704 1340 secundo
720 1283 930 1338 srrctcrrtiurum³
964 1299 1012 1338 seu
1036 1285 1070 1338 ob

263 1351 356 1404 inanes
374 1349 412 1402 rei
430 1349 566 1404 actiones*

298 1413 337 1474 25
355 1417 610 1472 Hrnnoenrmrus
629 1419 698 1474 libro
720 1417 837 1474 serundo
860 1417 929 1472 iuris
945 1419 1072 1488 epitoma-

233 1551 234 1554 ,
263 1501 324 1538 rum
358 1501 405 1538 seu
422 1485 456 1538 ob
475 1483 553 1540 aliam
570 1487 668 1540 iustam
683 1501 791 1542 causam
807 1485 991 1540 excusationes
1007 1487 1071 1540 alle-

263 1557 314 1620 get,
333 1551 479 1606 audiendus
496 1559 544 1606 ιιι.

298 1615 338 1676 26
356 1619 474 1674 Pronus
494 1621 562 1676 libro
585 1621 740 1692 triqaasimo
763 1619 880 1672 secundo
903 1621 942 1674 ud
957 1621 1072 1674 edietum

263 1687 336 1742 inter
359 1705 455 1744 causas
477 1687 615 1744 omittendi
638 1687 757 1740 mandati
774 1687 854 1742 etiam
872 1703 943 1744 mors
961 1687 1071 1740 manda·

264 1755 329 1810 toris
353 1763 406 1812 est:
431 1773 492 1810 nam
516 1757 670 1810 mandatum
689 1755 798 1810 solvitur
815 1761 908 1810 morte.
936 1755 958 1810 si
981 1761 1072 1810 tamen

263 1841 311 1894 per
327 1825 502 1894 ignorantiam
527 1825 661 1894 impletum
687 1827 741 1888 est,
767 1829 917 1892 competere
941 1825 1072 1878 actionem

263 1893 384 1948 utilitatis
401 1891 594 1948 causedicitur.
621 1891 741 1944 lulianus
756 1907 861 1960 quoque
875 1891 982 1960 scripsit
996 1909 1072 1946 man-

264 1959 363 2014 datoris
381 1965 467 2014 morte
484 1959 549 2014 solvi
566 1959 736 2022 mandatum,
755 1959 802 2014 sed
820 1959 1006 2026 obligationem
1023 1961 1071 2014 ali-

265 2031 275 2080 l
331 2029 419 2082 nando
438 2027 542 2082 durare.
579 2025 681 2108 Siquis
701 2027 813 2080 debitori
831 2043 879 2082 suo
898 2029 1071 2092 mandaverit,

263 2101 294 2148 nt
307 2047 377 2150 'litio
395 2095 515 2160 solveret,
534 2101 561 2150 ιι
578 2095 681 2150 debrtor
699 2099 803 2150 mortuo
822 2111 861 2158 eo,
881 2113 940 2150 cum
956 2095 983 2150 id
997 2095 1071 2164 igno-

263 2167 279 2218 2
314 2169 399 2230 raret,
417 2163 537 2228 solverit,
561 2163 668 2218 liberari
686 2179 746 2218 enm
764 2169 877 2234 oportet.
913 2165 1014 2218 Abesse
1031 2163 1071 2218 in·

263 2233 393 2302 tellegitur
416 2233 531 2302 pecunia
552 2233 702 2286 fideiussori
725 2233 803 2286 etiam
823 2233 845 2288 si
864 2231 969 2288 debitor
986 2233 1019 2286 ab
1038 2249 1069 2288 eo

263 2301 397 2370 delegatus
415 2301 450 2356 sit
467 2301 603 2366 creditori,
628 2301 691 2356 licet
712 2301 735 2356 is
758 2301 884 2356 solvendo
908 2317 961 2356 uon
983 2301 1071 2366 inerit,

263 2371 326 2438 quia
342 2371 442 2422 bonum
460 2385 555 2424 nomen
572 2369 639 2422 facit
656 2369 783 2434 creditor,
798 2369 847 2488 Ipoi
866 2369 981 2422 admittit
998 2369 1071 2422 debi-

264 2443 278 2492 3
313 2443 397 2494 torem
422 2437 580 2506 delegatum.
615 2437 644 2490 Si
665 2437 703 2502 is,
745 2437 774 2490 ui
819 2437 948 2492 deiussori
974 2437 1074 2492 donare

263 2505 327 2568 vult,
345 2505 500 2560 creditorem
520 2505 576 2560 eius
593 2503 693 2560 habeat
707 2503 739 2558 de
758 2503 852 2560 itorem
868 2521 946 2560 suurn
962 2521 1074 2574 eumque

263 2573 426 2638 liberaverit,
444 2575 570 2626 ιοιιιιιο
589 2577 650 2642 aget
666 2573 806 2626 fideiussor
823 2573 955 2638 mandati,
977 2579 1071 2694 guate-

263 2657 312 2696 nus
330 2641 395 2694 nihil
413 2641 530 2704 intersit,
554 2645 642 2694 utrum
667 2655 789 2692 nummos
808 2641 913 2694 solverit
932 2657 976 2694 cre
995 2641 1073 2694 ιιοιιὅ

263 2713 279 2762 4
314 2725 349 2762 an
374 2723 432 2762 eum
452 2707 608 2762 liberaverit.
644 2707 788 2762 Praeterea
806 2707 942 2762 sciendum
961 2713 1001 2764 est
1019 2725 1072 2762 non

263 2777 322 2846 plus
345 2775 528 2830 fideiussorem
554 2791 633 2830 conse
651 2777 678 2830 ui
703 2775 798 2830 debere
822 2777 942 2830 mandati
965 2777 1071 2842 iudicio,

263 2851 278 2898 ι
314 2861 391 2914 quam
410 2845 480 2914 qnod
495 2845 609 2900 solverit.
675 2845 775 2898 andatn
790 2851 835 2900 ιιο
851 2845 969 2900 ιιιιιιιιι
982 2845 1072 2900 ιιιιι

263 2919 290 2968 ιι
312 2913 479 2982 procuratori
503 2915 639 2968 creditoris
663 2915 744 2968 solvi:
770 2913 792 2968 si
815 2929 891 2968 verus
915 2921 1074 2982 procurator

262 2981 327 3046 fuit,
346 2983 434 3036 statim
454 2981 573 3036 inundati
590 2997 679 3052 agam:
705 2981 777 3050 quod
800 2983 823 3036 si
839 2989 999 3050 procurator
1017 2999 1073 3036 non

263 3055 278 3106 6
314 3055 362 3114 est,
380 3055 497 3118 repetam
518 3051 550 3106 ab
569 3067 609 3106 eo.
636 3049 699 3106 Non
713 3049 809 3116 omnia,
828 3067 898 3118 quae
911 3049 1071 3118 impensurus

263 3135 316 3174 non
334 3119 385 3174 fuit
403 3119 557 3184 mandator,
575 3119 729 3190 imputabit,
754 3119 834 3174 veluti
852 3117 924 3188 quod
942 3119 1071 3188 spoliatus

263 3187 297 3242 sit
320 3203 338 3240 a
361 3187 509 3242 latronibus
532 3193 579 3242 aut
601 3187 740 3256 naufragio
763 3205 806 3242 res
824 3187 942 3242 amiserit
957 3187 998 3240 vel
1014 3189 1072 3242 lan·

262 3271 344 3324 gnere
361 3271 409 3308 suo
428 3271 589 3324 suorumque
605 3257 786 3324 adprehensus
802 3255 1072 3326 quaedamerogave-

263 3325 310 3376 rit:
336 3339 397 3378 nam
421 3325 488 3378 haec
513 3325 596 3392 magis
614 3325 722 3378 casibus
740 3339 820 3394 quarn
838 3325 965 3378 mandato
984 3325 1019 3376 im
1040 3341 1071 3378 ι-

263 3395 277 3444 i
312 3391 364 3446 tari
389 3397 501 3460 oportet.
543 3391 596 3448 Sed
623 3409 683 3448 cum
710 3409 815 3458 servus,
842 3407 919 3462 quem
946 3409 1008 3446 man
1027 3397 1073 3446 atu

262 3475 321 3514 meo
341 3475 458 3526 emeras,
475 3459 576 3514 lurtum
593 3461 643 3514 tibi
658 3461 782 3526 fecisset,
800 3461 926 3516 Neratius
944 3463 981 3514 ait
998 3475 1072 3514 man-

263 3527 318 3580 dati
336 3529 441 3582 actione
457 3535 484 3582 te
502 3535 721 3594 consecuturum,
745 3535 776 3582 nt
798 3545 890 3584 servus
914 3529 963 3582 tibi
987 3543 1074 3582 noxae

262 3595 390 3660 dedatur,
408 3595 431 3650 si
448 3601 537 3652 tamen
555 3597 612 3652 sine
629 3597 710 3666 culpa
725 3603 774 3650 tua
790 3597 819 3650 id
836 3597 975 3652 acciderit:
1001 3595 1073 3664 quod

263 3663 286 3718 si
308 3679 356 3732 ego
379 3665 489 3718 scissem
512 3665 591 3718 talem
610 3679 669 3720 esse
686 3679 789 3718 servum
808 3681 856 3718 nec
875 3665 1072 3732 praedixissem,

263 3739 294 3786 ιι
311 3733 399 3802 possis
416 3747 591 3802 praecavere,
614 3739 679 3788 ιιιι
698 3733 790 3802 quanti
806 3739 855 3788 tua
871 3733 989 3798 intersit,
1013 3739 1073 3786 tan·

263 3805 278 3854 8
311 3805 369 3854 tum
386 3801 435 3854 tibi
453 3801 584 3868 praestari
601 3805 715 3868 oportet.
743 3801 832 3856 Faber
849 3801 978 3854 mandatu
995 3799 1074 3856 amici

215 3871 217 3874 ’
263 3869 304 3922 sui
322 3867 385 3924 emit
402 3883 505 3922 servum
533 3867 624 3922 decem
648 3875 675 3922 et
698 3869 827 3922 fabricam
851 3869 955 3934 docuit,
979 3867 1074 3922 deinde

262 3937 380 3990 vendidit
398 3951 457 3990 eum
480 3935 585 4006 viginti,
608 3951 674 4006 quos
698 3937 818 3990 mandati
839 3937 938 3992 iudicio
962 3943 1073 3992 coactus

263 4009 304 4060 est
321 4003 435 4060 solvere:
459 4021 522 4060 mox
539 4003 615 4074 quasi
632 4005 712 4060 homo
730 4021 784 4060 non
803 4009 861 4060 erat
877 4021 974 4070 sanus,
998 4021 1072 4074 emp-

262 4073 315 4128 tori
333 4075 474 4128 damnatus
497 4077 551 4128 est:
575 4073 647 4126 Mela
664 4075 703 4126 ait
719 4091 774 4128 non
790 4079 987 4142 praestaturum
1004 4073 1032 4126 id
1050 4073 1074 4126 ei

262 4141 455 4206 mandatorem,
479 4141 531 4196 nisi
564 4147 718 4208 estnequam
735 4141 842 4198 emisset
855 4141 913 4196 sine
928 4141 987 4196 dolo
1002 4141 1072 4196 malo

263 4209 318 4264 eius
336 4209 387 4264 hoc
405 4209 496 4288 sitium
515 4157 613 4264 halrere
625 4207 749 4288 'coeperit
765 4225 864 4264 servus.
891 4211 939 4264 sed
956 4207 980 4264 si
996 4211 1072 4264 iussu

262 4277 426 4332 mandatoris
446 4293 505 4332 eum
524 4279 657 4342 docuent,
676 4283 771 4330 contra
787 4275 859 4332 iore:
877 4283 943 4332 tunc
959 4277 1027 4330 enim
1047 4281 1074 4330 et

262 4345 409 4402 mercedem
429 4351 457 4400 ιι
474 4345 576 4400 cibaria
593 4351 812 4410 consecuturum,
836 4345 887 4400 nisi
904 4345 927 4400 si
945 4347 1073 4414 nigratis

262 4415 370 4468 doceret
386 4419 495 4482 rogatus
515 4415 555 4468 sit.

297 4477 337 4538 27
358 4481 450 4536 Gerus
470 4481 538 4536 libro
555 4483 645 4536 normi
662 4483 700 4536 ad
715 4483 829 4536 ιιιιιιιι
846 4483 1012 4550 provinciale
1046 4481 1074 4534 Si

263 4549 321 4618 quis
341 4549 420 4604 alicui
434 4549 579 4618 scripserit,
596 4555 628 4604 ιι
642 4549 785 4604 debitorem
802 4563 879 4604 suum
893 4549 1012 4614 liberati,
1031 4565 1072 4604 se·

263 4635 315 4688 que
338 4633 395 4672 eam
420 4619 576 4686 pecuniam,
604 4633 683 4688 quam
707 4619 729 4672 ir
755 4617 888 4682 debuerit,
914 4617 1071 4684 soluturum,

265 4691 276 4748 1
313 4687 432 4740 mandati
455 4687 560 4740 actione
582 4691 696 4740 tenetur.
731 4687 759 4740 Si
781 4699 885 4738 semum
903 4701 935 4738 ea
951 4685 1008 4754 lege
1024 4687 1073 4740 tibi

262 4755 406 4818 tradidero,
424 4759 455 4808 ut
468 4769 532 4806 eum
549 4759 741 4822 postmortem
760 4767 846 4806 meam
863 4753 1072 4818 manumitteret,

263 4823 382 4878 constitit
406 4821 548 4890 obligatio:
572 4825 662 4890 potest
685 4825 774 4876 autem
797 4825 824 4876 et
845 4821 874 4874 in
891 4837 952 4876 mea
969 4837 1074 4890 quoque

262 4905 376 4960 persona
394 4891 487 4960 agendi
506 4905 588 4944 causa
604 4891 774 4954 intervenire,
798 4889 879 4944 veluti
897 4889 920 4942 si
933 4889 1073 4968 paeniten-

263 4963 278 5012 2
312 4961 351 5014 tie
374 4961 453 5014 acta⁸
470 4975 573 5014 servum
595 4959 745 5026 reciperare
767 4957 852 5012 velim
890 4957 941 5024 Qui
963 4957 1073 5012 manda-

261 5031 319 5080 tum
338 5025 470 5096 suscepit,
488 5027 511 5080 si
527 5029 617 5094 potest
632 5027 660 5080 id
678 5027 798 5094 explere,
822 5025 945 5080 deserere
961 5023 1073 5092 promis·

262 5109 321 5146 sum
341 5093 459 5148 officium
476 5111 530 5148 non
547 5095 640 5158 debet,
664 5095 782 5162 alioquin
800 5093 892 5162 quanti
909 5093 1074 5146 mandatoris

261 5161 366 5224 intersit
382 5161 564 5216 damnabitur:
589 5161 612 5214 si
635 5177 696 5216 vero
720 5161 849 5230 intellegit
872 5161 978 5230 explere
1001 5175 1029 5214 se
1047 5161 1074 5212 id

263 5227 380 5282 officium
404 5245 459 5284 non
482 5245 576 5298 posse,
599 5229 626 5284 id
650 5227 738 5296 ipsum
764 5245 824 5284 cum
842 5227 957 5298 primum
975 5227 1074 5296 poterit

263 5295 343 5350 debet
359 5297 510 5352 mandatori
526 5297 657 5362 nuntiare,
674 5301 705 5350 ιι
719 5297 741 5352 is
756 5299 779 5352 si
791 5297 855 5352 velit
869 5295 977 5350 alterius
993 5311 1075 5364 opera

265 5369 369 5418 utatm:
395 5365 526 5434 quodsi,
550 5365 631 5420 ιιι9
652 5365 738 5434 possit
760 5365 898 5428 ιιιιιιιι,
924 5365 1074 5428 cessaverit,

265 5537 297 5600 (l)
314 5549 455 5600 possessor.
525 5537 558 5600 (a)
578 5535 776 5586 aduersariaslv'¹
855 5539 888 5600 (a)
905 5533 1042 5584 =Poulns
1052 5535 1075 5596 2,

267 5603 330 5664 1s,1'
384 5603 416 5666 ιι)
434 5599 472 5650 Ob
482 5601 591 5652 subitam
601 5603 777 5666 valetudinem,
787 5603 819 5654 ab
830 5601 994 5654 necessariam
1004 5617 1075 5666 pere-

266 5671 444 5734 grinationem,
458 5667 489 5718 cb
497 5669 659 5720 inimicitiam
669 5675 696 5722 ιι
704 5671 787 5722 inanis
795 5671 834 5744 rei
842 5671 968 5722 actionem
976 5671 1076 5734 integra

267 5737 349 5788 adhuc
365 5753 439 5786 causa
454 5737 566 5786 mandati
582 5739 713 5800 negotium
729 5739 873 5790 renuntiari
887 5741 970 5802 potest
981 5737 1076 5788 Paulus

268 5807 300 5872 (a)
319 5803 477 5854 creditorF²
544 5807 577 5866 (6]
595 5803 815 5876 decimoKrueper
879 5809 911 5872 (t)
929 5803 1075 5872 elamitae

1061 331 1122 420 aru

1778 365 1929 414 nanneni

1121 537 1215 608 quanti
1239 537 1401 594 mandatoris
1424 537 1529 594 intersit
1550 535 1697 594 tenebitur:
1730 535 1753 592 ιι
1779 535 1869 604 aliqua
1895 553 1928 590 ex

1122 611 1137 662 3
1174 623 1256 662 causa
1272 623 1327 662 non
1344 607 1443 676 poterit
1459 607 1596 672 nundare,
1620 621 1730 662 securus
1749 605 1807 660 erit.
1841 603 1929 660 Morte

1122 691 1227 744 quoque
1244 675 1300 730 eius
1318 675 1361 730 oui
1378 675 1534 728 mandatum
1552 681 1593 730 est
1602 677 1630 740 ¹⁰,
1649 673 1671 730 si
1685 675 1709 730 is
1723 675 1826 742 integro
1843 673 1930 726 adhuc

1123 743 1248 796 mandato
1265 743 1416 808 decesserit,
1431 743 1542 796 solvitur
1557 743 1712 796 mandatum
1728 747 1755 796 ιι
1769 743 1804 796 ob
1819 739 1846 794 id
1853 741 1930 796 heres

1122 811 1193 876 eius,
1219 811 1281 864 licet
1304 817 1445 864 exsecutus
1470 809 1551 864 fuerit
1577 811 1746 874 mandatum,
1774 825 1828 862 nou
1851 809 1931 864 habet

1121 883 1137 930 4
1173 877 1292 932 mandati
1309 877 1447 932 actionem.
1483 879 1523 930 Im
1544 879 1621 932 endia
1637 877 1757 932 mandati
1772 877 1932 944 exsequendi

1121 945 1208 1014 gratia
1224 945 1298 1000 iacta
1315 947 1338 1000 si
1355 945 1425 1000 bona
1449 945 1502 1000 ιιι
1524 895 1598 1000 lacta
1621 951 1696 1010 sunt,
1720 943 1825 1000 restitui
1847 945 1931 1000 omni-

1122 1015 1201 1068 modo
1220 1015 1325 1078 debent,
1343 1029 1392 1068 noc
1409 1013 1445 1066 ad
1462 1029 1518 1068 rem
1532 1015 1653 1081 pertinet,
1671 1013 1779 1082 quadis
1794 1013 1840 1092 qui
1857 1029 1931 1066 man-

1123 1081 1212 1136 dasset
1247 1081 1367 1146 otuisset,
1385 1081 1408 1136 si
1424 1081 1482 1150 ipsa
1499 1081 1631 1150 negotium
1649 1087 1761 1150 gereret,
1778 1097 1865 1136 minus
1883 1081 1931 1134 im-

1123 1153 1137 1202 5
1172 1099 1310 1224 periere„
1334 1149 1361 1204 si
1376 1147 1505 1204 mandatu
1523 1163 1581 1204 meo
1595 1149 1665 1202 Titio
1680 1147 1820 1204 credideris
1837 1155 1864 1202 et
1878 1165 1931 1202 me-

1123 1233 1183 1270 cum
1201 1217 1320 1270 mandati
1337 1217 1435 1286 egeris,
1454 1233 1508 1270 nou
1526 1217 1603 1270 aliter
1619 1217 1790 1272 condemnari
1809 1217 1892 1270 debeo
1902 1219 1931 1282 ¹¹,

1123 1301 1201 1352 quam
1220 1285 1244 1340 si
1261 1285 1379 1338 actiones
1403 1291 1464 1338 tuas
1475 1285 1509 1348 ¹²,
1533 1299 1599 1354 quas
1623 1285 1750 1338 adversus
1768 1285 1866 1338 Titium
1885 1285 1932 1336 ha-

1124 1351 1184 1416 bes,
1210 1353 1274 1406 mihi
1291 1351 1463 1420 praestiteris.
1490 1351 1537 1406 sed
1554 1351 1577 1406 si
1595 1369 1653 1404 cum
1672 1351 1743 1404 Titio
1763 1353 1859 1420 egeris,
1886 1369 1932 1420 ego

1124 1417 1229 1486 quidem
1247 1435 1301 1474 non
1317 1419 1466 1486 liberabor,
1491 1419 1538 1474 ιιι
1554 1419 1582 1472 ιι
1599 1417 1627 1472 ιι
1644 1420 1785 1474 dumtaxat
1801 1421 1850 1474 tibi
1868 1421 1932 1474 obli-

1122 1491 1200 1552 gatus
1219 1501 1273 1550 ero,
1292 1487 1362 1554 quod
1379 1503 1396 1540 a
1414 1487 1484 1540 Titio
1503 1501 1608 1540 servare
1625 1503 1679 1542 non
1695 1487 1822 1554 potueris.

1158 1549 1197 1612 28
1221 1553 1365 1606 Uarianos
1377 1555 1446 1610 libro
1461 1561 1559 1624 quarto
1574 1555 1674 1608 ιιιιιιο
1688 1555 1727 1608 ool
1741 1555 1855 1610 edictum
1882 1555 1933 1608 Pa-

1116 1621 1247 1690 pinianus
1274 1621 1341 1674 libro
1367 1623 1446 1702 tertio
1473 1621 1657 1702 quaestionum
1685 1621 1722 1674 ait
1750 1621 1932 1678 mandatorem

1124 1687 1251 1744 debitoris
1262 1687 1407 1744 solventem
1416 1705 1474 1758 1pso
1484 1705 1622 1744 :urereum
1632 1705 1686 1744 ιιι
1694 1689 1809 1744 liberare
1817 1693 1935 1760 (propter

1124 1757 1278 1812 mandatum
1297 1757 1365 1810 enim
1384 1771 1461 1810 suum
1478 1759 1556 1810 solvit
1574 1763 1599 1812 ιι
1616 1773 1665 1812 ιιι
1683 1759 1798 1820 nominet
1822 1759 1935 1828 ideoque

1124 1825 1274 1880 mandatori
1289 1825 1408 1878 ιιιιιιιι
1421 1831 1500 1894 putat
1517 1825 1641 1880 adversus
1659 1841 1734 1880 reum
1753 1825 1812 1880 cedi
1829 1825 1933 1882 debere.

1158 1891 1198 1948 29
1216 1891 1379 1948 irruituro
1397 1895 1509 1964 septimo
1528 1893 1739 1964 disputationum
1773 1893 1803 1948 Si
1826 1893 1932 1948 fideius-

1123 1977 1169 2016 sor
1187 1965 1341 2026 conventuS,
1359 1977 1420 2014 curn
1437 1961 1572 2028 ignoraret
1588 1977 1642 2016 non
1658 1959 1743 2016 luisse
1757 1961 1871 2016 debitori
1886 1981 1934 2016 nu-

1124 2035 1252 2084 meratam
1275 2029 1430 2098 pecuniam,
1457 2029 1563 2082 solverit
1586 2045 1619 2082 ex
1643 2045 1725 2082 causa
1749 2029 1934 2098 fideiussionis,

1124 2113 1159 2152 an
1183 2095 1303 2152 mandati
1324 2095 1422 2150 iudicio
1466 2095 1569 2164 ensequi
1586 2095 1671 2164 possit
1687 2095 1715 2150 id
1732 2097 1804 2166 quod
1821 2097 1935 2164 solverit,

1124 2165 1269 2234 quaeritur.
1304 2171 1330 2218 ct
1347 2165 1369 2218 si
1406 2165 1433 2218 ni
1452 2179 1492 2218 em
1511 2165 1598 2218 sciens
1614 2165 1822 2232 praetermiserit
1839 2181 1934 2234 excep·

1124 2235 1223 2288 tionem
1241 2233 1281 2290 rel
1299 2233 1353 2290 doli
1370 2183 1410 2288 ιιι
1428 2249 1482 2288 ιιι
1499 2239 1654 2288 numeratae
1671 2233 1815 2312 pecuniae,
1833 2233 1935 2288 videtur

1125 2301 1185 2356 dolo
1204 2303 1303 2356 versari
1321 2302 1461 2368 (dissoluta
1478 2301 1545 2356 enim
1564 2301 1728 2368 neglegentia
1745 2317 1829 2370 prope
1845 2301 1934 2356 dolum

1125 2377 1190 2436 est):
1209 2371 1255 2424 ubi
1271 2385 1334 2424 vero
1352 2369 1496 2438 ignoravit,
1520 2370 1585 2423 nihil
1604 2371 1674 2422 cst¹³
1692 2369 1764 2438 quod
1781 2371 1805 2422 ei
1821 2369 1935 2438 impute-

1124 2443 1176 2492 tur.
1203 2437 1261 2506 pari
1279 2439 1383 2492 ratione
1401 2443 1428 2492 ιι
1446 2437 1468 2492 ιι
1485 2437 1575 2506 aliqua
1592 2437 1712 2506 exceptio
1731 2437 1845 2492 debitori
1862 2453 1933 2492 com-

1124 2505 1246 2576 petebat,
1270 2505 1344 2576 pacti
1365 2505 1436 2560 forte
1460 2505 1582 2560 conventi
1604 2505 1645 2560 vel
1669 2505 1743 2560 cuins
1762 2503 1871 2560 alterius
1889 2507 1935 2572 rei,

1125 2581 1152 2628 et
1175 2575 1284 2642 ignarus
1310 2575 1379 2628 hanc
1407 2575 1589 2644 exceptionem
1621 2591 1674 2628 non
1704 2575 1850 2638 exercebit,
1884 2573 1936 2626 dici

1124 2641 1261 2710 oporteat
1287 2641 1407 2696 mandati
1432 2641 1457 2694 ci
1489 2641 1620 2696 ardonem
1653 2647 1817 2710 competere:
1849 2643 1937 2710 potnit

1125 2709 1194 2764 enirn
1213 2717 1293 2780 atquc
1311 2709 1403 2764 debuit
1425 2725 1486 2762 rsus
1510 2709 1680 2778 promittendi
1703 2709 1847 2764 cerdorare
1871 2709 1935 2762 fide-

1124 2779 1252 2832 iussorem
1278 2793 1369 2842 suum,
1397 2793 1430 2830 ne
1452 2777 1522 2830 forte
1544 2779 1650 2846 ignarus
1673 2777 1759 2832 solvat
1781 2779 1935 2832 indebitum.

1127 2851 1137 2900 1
1175 2845 1237 2900 Non
1255 2847 1324 2900 male
1338 2847 1506 2912 tractabitur,
1525 2845 1554 2910 si,
1574 2863 1635 2900 oum
1650 2845 1782 2914 ignoraret
1796 2845 1937 2902 fideiussor

1124 2915 1254 2968 inutiliter
1271 2929 1301 2968 se
1317 2917 1470 2982 obligatum,
1489 2915 1602 2980 solverit,
1621 2931 1656 2970 an
1671 2915 1789 2968 mandati
1805 2913 1935 2968 actionem

1124 2983 1230 3036 babeat.
1257 2989 1284 3036 et
1301 2983 1323 3036 si
1341 2983 1446 3052 qmdem
1465 2981 1565 3036 iactum
1589 2983 1733 3052 ignoravit,
1758 2983 1841 3062 recipi
1863 2983 1936 3050 igno·

1124 3051 1212 3106 rantis
1240 3051 1296 3106 eius
1323 3055 1422 3120 potest,
1449 3051 1472 3106 ιι
1496 3067 1557 3106 vero
1584 3051 1641 3116 ius,
1673 3049 1745 3106 aliud
1772 3051 1824 3104 dics
1850 3049 1935 3106 debet.

1125 3125 1139 3174 2
1175 3119 1212 3186 Si,
1230 3137 1291 3174 cum
1310 3119 1416 3174 debitor
1441 3121 1577 3184 solvisset,
1601 3119 1709 3188 ignarus
1726 3119 1868 3174 fideiussor
1885 3121 1936 3172 sol·

1124 3187 1199 3254 verit,
1217 3193 1284 3256 puto
1303 3205 1362 3242 eum
1382 3187 1503 3242 mandati
1520 3189 1618 3242 habere
1633 3189 1779 3242 actionem:
1798 3189 1935 3256 ignoscen-

1125 3257 1187 3310 dum
1207 3261 1248 3310 est
1264 3257 1334 3312 enim
1350 3257 1385 3322 ιι,
1404 3257 1427 3310 ιι
1444 3273 1498 3310 ιιι
1513 3255 1637 3310 divirravit
1652 3255 1797 3310 debitorem
1813 3255 1935 3310 solvisse:

1126 3325 1230 3380 debitor
1253 3325 1323 3378 eninr
1348 3325 1440 3380 debuit
1457 3331 1550 3378 notum
1567 3325 1656 3380 iacere
1672 3323 1821 3378 fideiussori
1837 3323 1890 3376 iam
1907 3337 1938 3378 se

1125 3393 1248 3458 solvisse,
1274 3409 1308 3448 ne
1332 3393 1404 3448 torte
1429 3393 1545 3448 creditor
1570 3393 1682 3462 obrepat
1709 3399 1736 3446 et
1761 3391 1936 3462 ignorantiam

1124 3463 1181 3516 eius
1200 3463 1389 3516 circumveniat
1406 3467 1433 3516 et
1450 3461 1567 3516 excutiat
1590 3461 1614 3514 ei
1637 3477 1782 3526 summam,
1805 3463 1834 3514 in
1857 3475 1936 3530 quam

1124 3535 1139 3584 3
1174 3529 1311 3584 fideiussit.
1347 3529 1407 3584 Iloc
1424 3529 1493 3584 idem
1511 3529 1623 3584 tractari
1637 3535 1663 3582 et
1675 3531 1703 3584 in
1719 3529 1874 3584 fideiussore
1888 3545 1935 3598 po·

1123 3603 1191 3662 test,
1216 3597 1254 3662 si,
1280 3613 1341 3650 oum
1365 3597 1501 3662 solvisset,
1529 3613 1582 3652 non
1606 3597 1758 3652 certioravit
1781 3613 1872 3664 reum,
1898 3598 1937 3652 sio

1124 3665 1219 3720 deinde
1242 3681 1302 3718 reus
1327 3665 1405 3718 solvit
1430 3665 1501 3734 quod
1520 3667 1620 3720 solvere
1637 3681 1696 3718 eum
1715 3681 1770 3720 non
1787 3665 1935 3736 oportebat.

1124 3739 1150 3788 ιι
1169 3733 1262 3798 ιιιιο,
1281 3733 1317 3798 ιι,
1344 3751 1404 3788 ιιι
1422 3739 1513 3802 posset
1530 3751 1589 3788 ιιι
1608 3733 1765 3800 certiorare,
1789 3751 1843 3790 non
1865 3733 1936 3798 fecit,

1124 3809 1247 3870 oportere
1264 3801 1382 3856 mandati
1400 3807 1521 3870 agentem
1538 3801 1719 3858 fideiussorem
1743 3803 1848 3870 repelli:
1874 3801 1935 3856 dolo

1125 3871 1194 3922 enim
1211 3869 1361 3940 proximum
1385 3877 1440 3934 est,
1466 3871 1488 3942 ιι
1505 3875 1567 3938 post
1584 3871 1742 3924 solutionem
1760 3887 1815 3924 non
1831 3869 1936 3922 ιιιιιι-

1124 3937 1191 3992 verit
1217 3937 1342 3992 debitori:
1375 3937 1470 3992 cedere
1496 3943 1584 3992 autem
1610 3955 1672 3992 rens
1697 3937 1808 3994 indebiti
1832 3937 1938 3992 actione

1124 4005 1275 4060 fideiussori
1298 4005 1389 4072 debet,
1413 4021 1448 4060 ne
1475 4007 1584 4076 duplum
1611 4007 1726 4060 creditor
1750 4011 1936 4086 consequetur.

1124 4081 1140 4128 4
1175 4075 1311 4142 Quaedam
1338 4081 1429 4128 tamen
1455 4075 1506 4128 etsi
1532 4075 1617 4130 sciens
1650 4075 1756 4130 omittat
1788 4075 1936 4138 fideiussor,

1125 4149 1197 4196 caret
1220 4141 1329 4208 frande,
1354 4147 1385 4196 ut
1401 4147 1468 4212 puta
1485 4143 1508 4196 si
1526 4143 1707 4210 exceptionem
1724 4143 1936 4210 procuratoriam

1124 4211 1214 4264 omisit
1232 4211 1286 4264 sive
1303 4209 1389 4264 sciens
1413 4211 1467 4264 sive
1489 4211 1611 4280 ignarus:
1640 4211 1672 4264 de
1695 4209 1842 4264 bonafide
1868 4211 1937 4264 enim

1125 4279 1229 4348 agitur,
1247 4279 1291 4332 cui
1307 4295 1362 4334 non
1379 4279 1502 4348 congruit
1520 4279 1552 4332 de
1571 4279 1691 4346 apicibus
1708 4279 1773 4332 iuris
1792 4279 1936 4348 disputare,

1124 4351 1139 4400 5
1175 4347 1222 4402 sed
1249 4347 1281 4400 ιι
1304 4347 1497 4410 hortantum,
1525 4345 1629 4402 debitor
1650 4345 1731 4402 fuerit
1754 4363 1803 4400 ιιι
1829 4363 1871 4402 ne.
1905 4345 1937 4400 In

1124 4415 1248 4468 omnibus
1265 4420 1355 4468 autem
1373 4415 1533 4480 visionibus,
1556 4429 1626 4482 quae
1648 4415 1818 4482 praepositae
1835 4415 1936 4478 sunt¹⁵,

1123 4483 1171 4536 ubi
1188 4481 1304 4536 creditor
1321 4481 1362 4534 vel
1379 4497 1434 4536 non
1445 4489 1612 4536 numeratam
1628 4483 1770 4550 pecuniam
1784 4483 1883 4552 accipit
1895 4481 1936 4534 vel

1124 4555 1290 4604 numeratam
1304 4551 1399 4604 iterum
1414 4549 1525 4618 accepit,
1540 4549 1662 4672 repetitio
1678 4553 1773 4604 contra
1791 4565 1849 4604 enm
1864 4565 1936 4604 oom-

1125 4617 1201 4688 petit,
1220 4617 1271 4672 nisi
1289 4633 1322 4672 ex
1340 4617 1561 4672 condemnatione
1584 4619 1654 4672 uerit
1665 4619 1689 4672 ei
1702 4619 1817 4686 pecunia
1831 4619 1933 4672 soluta:

1125 4693 1189 4740 tunc
1213 4687 1283 4738 enirn
1305 4691 1416 4756 propter
1438 4687 1625 4740 auctoritatem
1649 4687 1687 4738 rei
1709 4687 1843 4738 iudicatae
1859 4701 1935 4752 repe·

1124 4753 1182 4808 titio
1201 4753 1307 4822 quidem
1325 4759 1427 4818 cessat,
1450 4753 1459 4806 i
1479 4769 1508 4806 se
1532 4759 1619 4806 autem
1643 4753 1810 4806 stellionatus
1829 4753 1937 4806 crimine

1125 4825 1140 4874 o
1175 4825 1287 4890 propter
1312 4835 1389 4876 snam
1415 4771 1586 4876 calliditatem
1598 4821 1617 4852 ¹⁶
1640 4821 1780 4888 plectetur,
1817 4819 1935 4876 Fideius-

1124 4905 1183 4954 sor,
1208 4889 1232 4942 si
1249 4889 1322 4944 solus
1339 4893 1459 4958 tempore
1475 4889 1602 4942 liberatus
1619 4893 1710 4944 tamen
1728 4889 1835 4942 solverit
1852 4887 1935 4942 oredi-

1124 4957 1185 5020 tori,
1203 4963 1276 5010 recte
1293 4957 1413 5010 mandati
1430 4957 1541 5010 habebit
1557 4957 1687 5012 actionem
1703 4957 1830 5010 adversus
1845 4973 1935 5012 reum:

1125 5039 1287 5092 quamquam
1305 5023 1373 5078 enim
1400 5027 1453 5078 iam
1477 5023 1605 5078 liberatus
1629 5025 1719 5088 solvit,
1744 5029 1835 5078 tamen
1857 5025 1935 5078 iidem

1125 5091 1243 5158 implevit
1259 5095 1288 5146 et
1305 5091 1451 5146 debitorem
1469 5091 1602 5146 liberavit:
1626 5093 1649 5146 si
1670 5093 1751 5162 igitur
1773 5097 1885 5160 paratus
1902 5091 1937 5146 sit

1126 5159 1267 5214 defendere
1292 5175 1367 5214 reum
1393 5161 1520 5214 adversus
1546 5161 1719 5224 creditorem,
1747 5161 1935 5228 aequissimum

1125 5233 1167 5280 est
1182 5227 1302 5280 mandati
1319 5227 1417 5282 iudicio
1427 5229 1449 5260 ¹⁷
1467 5243 1527 5280 eum
1544 5227 1616 5296 quod
1633 5227 1710 5282 solvit
1727 5227 1886 5296 reciperare.
1910 5233 1937 5282 et

1124 5295 1164 5350 ita
1181 5295 1284 5350 Iuliano
1301 5295 1413 5352 videtur.

1160 5359 1200 5422 30
1223 5361 1367 5420 intrares
1388 5363 1456 5420 atro
1481 5365 1560 5420 tertio
1583 5363 1685 5420 decimo
1709 5363 1874 5434 dinariorum
1906 5363 1935 5420 Si

1127 5535 1218 5584 rantF
1264 5537 1298 5596 (8)
1316 5535 1501 5596 ricS,actioF
1549 5537 1582 5600 (9)
1600 5535 1782 5596 aicS‚ouitiF
1838 5539 1884 5602 (ιι)
1901 5539 1936 5590 ιιι

1127 5601 1414 5662 scamandrenus
1495 5605 1537 5668 (n)
1554 5605 1592 5656 ιιι
1601 5603 1629 5666 S,
1640 5603 1721 5656 deoF
1802 5607 1845 5670 (ιι)
1863 5605 1935 5668 sica,

1126 5671 1219 5722 snasF
1283 5675 1327 5732 (lt-ll
1346 5671 1512 5734 estS,om.F
1568 5675 1613 5736 llll
1631 5671 1654 5722 ιι
1664 5673 1744 5724 ιιιιἹ
1801 5677 1845 5740 (lt)
1862 5675 1935 5738 eicS,

1126 5739 1321 5858 ppplroslitaesint
1331 5741 1384 5806 (sic)
1395 5741 1422 5790 F
1493 5741 1537 5806 (ιι)
1554 5739 1725 5792 utilitatemF
1807 5745 1851 5812 (lt)
1868 5743 1935 5796 iudi-

1126 5821 1191 5856 troo
