4366 6258
1038 369 1104 442 763
1680 373 1869 442 xxxxvn
1895 389 1907 442 1

243 393 285 442 DE
305 391 458 440 PRIVATIS
480 393 633 442 nantonis

243 569 325 622 ratam
341 575 398 616 rem
416 575 470 614 nou
486 557 618 626 habuerit,
636 557 684 614 scd
701 557 747 612 lite
763 563 836 614 mota
852 575 908 614 rem
923 559 1049 624 amiserit,
1100 561 1128 610 et
1148 561 1259 628 propter
1283 559 1335 616 boc
1359 557 1560 628 exceptionibus
1588 553 1782 636 procuratoriis
1808 559 1914 612 excludi

243 631 427 700 uibil'praeter
445 629 579 698 impendia
599 627 629 682 in
647 625 861 694 stipulationem¹
886 635 972 682 ratam
993 643 1050 682 rem
1099 631 1206 694 posset,
1232 645 1296 684 num
1318 627 1489 684 fideiussores
1513 627 1609 694 prioris
1632 623 1814 694 procuratoris
1838 629 1912 704 teue-

242 711 257 760 6
290 697 438 754 deducitur.
473 697 641 752 [vernunst
668 693 698 748 Si
717 697 886 764 procuratori
908 697 980 762 eius,
1005 695 1050 764 qui
1100 697 1200 748 rentur.
1235 697 1374 750 Iulianus⁵
1389 695 1542 766 respondit:
1565 691 1652 748 verius
1669 697 1710 746 est
1727 707 1782 744 non
1800 691 1913 758 oblrgari

242 775 360 828 mortuus
377 771 447 832 erat,
472 765 529 818 sine
545 763 635 816 iudice
652 763 741 818 soluta
757 763 858 820 fuerint
875 763 976 832 legata,
1001 761 1049 816 sti·
1100 759 1283 818 fideiussores:
1301 781 1364 818 nam
1380 763 1410 816 in
1427 763 1599 832 stipulatione
1617 765 1725 814 caretur
1741 775 1796 812 non
1813 761 1913 826 petitu-

242 835 339 912 pnlatio
358 831 551 898 committetur,
575 829 721 886 nisibenae
738 837 825 886 ratum
842 829 978 896 habuerit,
995 829 1050 882 nti·
1100 845 1159 882 rum
1177 845 1245 898 eum,
1264 831 1340 886 cuius
1358 829 1392 886 de
1409 847 1441 886 ea
1457 847 1487 884 re
1504 831 1575 884 actio
1592 829 1685 898 petitio
1700 827 1849 898 persecutio
1869 829 1912 892 sit,

243 921 291 978 que
307 903 330 958 si
347 901 438 956 debita
455 899 567 954 luerint:
592 905 656 954 tuuc
679 901 750 954 enim
771 915 826 954 nou
844 901 922 954 dubie
939 899 1050 952 interest
1100 903 1128 950 et
1143 905 1232 952 ratum
1248 899 1387 952 habituros
1407 913 1512 964 omnes,
1542 897 1577 952 ad
1595 913 1661 968 quos
1680 911 1711 952 ea
1728 913 1771 952 res
1794 895 1911 964 pertine·

243 971 404 1042 stipulatoris
425 973 512 1022 ratam
535 967 695 1022 solutionem
716 969 751 1024 ab
772 967 870 1022 herede
886 967 993 1030 haberi,
1016 979 1050 1020 ue
1100 965 1150 1018 bit:
1169 967 1214 1020 liic
1230 973 1326 1032 autem,
1345 967 1566 1036 qulproourator
1580 971 1697 1030 nonest,
1714 981 1764 1020 nec
1780 965 1912 1018 actionem

243 1051 255 1096 t
291 1039 332 1092 bis
354 1037 449 1092 eadem
470 1041 598 1104 praestet.
638 1037 666 1090 Si
692 1037 720 1090 in
743 1035 941 1106 stipulationem
963 1039 1051 1088 ratam
1100 1049 1149 1086 nee
1187 1033 1320 1090 eddonem
1337 1035 1437 1090 habere
1454 1035 1647 1102 intellegendus
1665 1039 1713 1090 est.

242 1125 295 1168 reni
317 1105 410 1160 baberi
432 1105 563 1160 hactenus
588 1105 809 1174 comprehensum
828 1101 910 1156 luerit
929 1103 1051 1156 ‘Lucium
1135 1049 1359 1180 adsentiremus
1374 1103 1443 1156 libro
1457 1105 1551 1174 quinto
1565 1105 1750 1174 quaestionum
1775 1103 1913 1156 Bonorum

242 1175 347 1232 ‘Titium
365 1179 453 1228 ratum
469 1173 654 1240 habiturum‘i',
678 1189 738 1228 cum
758 1171 786 1226 id
808 1177 899 1244 aperte
917 1177 1050 1240 ageretur,
1100 1185 1296 1240 possessionem
1317 1171 1353 1226 ab
1375 1171 1427 1226 alio
1454 1171 1589 1240 adgnitam
1611 1177 1697 1226 ratam
1719 1171 1815 1228 haberi
1832 1187 1911 1240 opor-

242 1253 270 1302 ιη
287 1243 391 1298 heredis
414 1249 616 1312 ceterorumque
638 1255 780 1310 personae,
803 1241 839 1294 ad
861 1255 927 1308 qnos
951 1255 984 1294 ea
1005 1255 1050 1294 res
1101 1248 1157 1294 tere
1175 1255 1206 1294 co
1224 1243 1357 1308 tempore,
1375 1255 1428 1310 quo
1446 1239 1536 1296 adhue
1552 1241 1581 1294 in
1598 1255 1631 1294 en
1648 1257 1731 1296 cansa
1748 1243 1840 1308 sicut
1856 1241 1914 1310 peti

242 1311 396 1432 ppptiplelrea
414 1311 613 1430 omittertpintur,
633 1309 757 1364 ³diflioile
775 1315 816 1362 est
833 1309 1051 1430 existimpriudoli
1100 1309 1206 1430 possitlz1
1229 1309 1320 1430 itatqup
1342 1315 1404 1430 ppplt
1426 1309 1617 1430 neptensipnum
1645 1311 1713 1432 dlipm
1736 1317 1797 1432 rapta
1819 1311 1913 1432 hpberi

243 1395 314 1434 cus
344 1393 508 1432 amcomm1
543 1421 549 1432 .
591 1393 655 1432 sane
683 1393 743 1432 cum
789 1393 818 1430 er
845 1393 880 1428 nn
899 1393 932 1432 ru
951 1393 984 1430 en
1006 1393 1050 1432 am
1151 1393 1185 1432 no
1241 1393 1319 1432 ces.
1416 1393 1542 1432 aueme
1573 1393 1656 1432 s1mc
1682 1395 1733 1434 uus
1767 1393 1838 1432 uisse
1886 1395 1913 1432 ur

242 1451 290 1504 hae
306 1461 438 1516 personne
455 1447 619 1510 omittantur,
638 1445 707 1498 actio
726 1461 759 1498 ex
768 1393 828 1498 1doli
842 1393 961 1500 cladsula
977 1463 1048 1502 com·
1100 1445 1212 1516 petisset
1221 1393 1269 1498 pvel
1286 1443 1374 1498 furere
1393 1445 1523 1512 coeperit,
1540 1451 1629 1500 ratum
1646 1447 1740 1502 haberi
1757 1447 1855 1516 possit,
1868 1395 1911 1502 qvi-

244 1523 257 1570 s
289 1515 363 1582 petit.
399 1513 428 1570 Si
449 1521 611 1582 procurator
633 1513 759 1568 iudicium
780 1513 813 1568 de
830 1513 977 1570 hereditate
995 1515 1049 1568 edi-
1101 1515 1223 1568 deamus:
1249 1529 1310 1568 narn
1327 1513 1350 1568 si
1367 1513 1394 1564 in
1412 1513 1564 1568 universum
1584 1515 1694 1586 perinde
1711 1517 1805 1570 haberi
1823 1515 1911 1580 debet,

244 1583 321 1646 derit,
346 1581 441 1636 deinde
464 1581 586 1636 dominus
609 1581 720 1636 fundum
736 1597 771 1636 ex
788 1597 820 1636 ea
837 1583 985 1638 hereditate
1002 1599 1049 1654 pe-

243 1651 318 1714 tierit,
338 1651 474 1720 stipulatio
492 1657 579 1704 ratam
593 1667 650 1706 rem
663 1649 757 1706 haberi
770 1651 959 1720 committetur,
977 1653 1050 1722 quia,

242 1719 264 1776 si
280 1733 356 1772 verus
379 1719 672 1786 procursationem,
703 1721 824 1790 exceptio
852 1723 891 1776 rei
916 1721 1050 1778 iudicatae

243 1785 374 1842 dominum
396 1795 580 1844 summoveret.
619 1789 775 1858 plerumque
798 1795 887 1844 autem
909 1789 1048 1858 stipulatio

242 1861 325 1912 ratam
345 1871 401 1910 rem
425 1857 519 1912 haberi
539 1857 582 1912 his
602 1857 710 1912 casibus
728 1859 921 1920 committetur,
944 1861 1049 1926 quitus,

243 1923 265 1980 si
285 1939 363 1978 verus
386 1931 546 1992 procurator
569 1927 678 1996 egisset,
707 1925 813 1982 domino
841 1933 888 1980 aut
908 1927 968 1996 ipso
991 1927 1050 1980 iure

243 1999 256 2044 9
290 1999 338 2070 aut
353 1999 465 2062 propter
482 1993 663 2062 exceptionem
680 1993 750 2048 actio
768 1993 871 2048 inutilis
887 1999 966 2050 esset.
998 1993 1050 2062 Qui

1101 1597 1133 1636 ac
1157 1583 1181 1638 si
1204 1587 1281 1648 tunc,
1307 1597 1368 1636 curn
1385 1585 1473 1636 ratum
1495 1581 1608 1648 habeat,
1636 1599 1685 1654 per
1702 1599 1762 1638 eum
1781 1585 1910 1636 bonorum

1100 1651 1296 1720 possessionem
1313 1653 1396 1718 petat,
1419 1649 1521 1704 frustra
1537 1651 1580 1704 his
1598 1653 1704 1706 casibus
1722 1658 1812 1708 ratum
1829 1653 1911 1706 habe·

1100 1725 1152 1774 tur.
1189 1717 1237 1774 sed
1259 1719 1325 1772 illud
1346 1735 1511 1786 consequeus
1535 1719 1655 1774 i'uturnm
1673 1721 1752 1774 ctiam
1775 1721 1797 1774 si
1819 1723 1911 1790 pacni-

1100 1793 1156 1844 teat
1178 1789 1254 1842 illurn
1277 1789 1388 1856 petisse,
1418 1791 1507 1840 ratum
1529 1789 1624 1842 baberi
1647 1805 1701 1842 non
1724 1803 1816 1858 posse,
1841 1789 1912 1858 quod

1100 1857 1192 1924 utique
1211 1855 1246 1910 sit
1262 1855 1416 1910 absurdum.
1451 1855 1551 1912 rectius
1568 1857 1659 1926 itaque
1676 1857 1773 1910 dicitur
1789 1865 1913 1912 neutram

1100 1927 1209 1978 eoruml
1227 1939 1336 1978 causam
1352 1923 1480 1994 impedire
1497 1925 1720 1978 ratihabitionem.

1136 1989 1176 2048 25
1194 1991 1275 2046 Iners
1289 1993 1356 2046 libro
1373 1999 1452 2046 secuto
1470 1993 1656 2062 quaestionum
1692 1993 1773 2048 Pater
1790 1993 1878 2048 dotem
1896 2009 1914 2046 a

1102 2077 1131 2114 se
1148 2061 1239 2114 datam
1256 2061 1365 2116 absente
1382 2059 1439 2114 filia
1455 2059 1523 2128 petit
1539 2065 1669 2114 stratam
1686 2077 1741 2114 rem
1758 2061 1911 2114 habituram

1101 2143 1160 2182 eam
1184 2129 1265 2182 cavit:
1290 2143 1323 2182 ea
1343 2129 1418 2196 prius
1442 2143 1523 2196 qnam
1545 2133 1635 2182 ratum
1658 2129 1782 2190 baberet,
1807 2135 1913 2182 mortua

1101 2201 1149 2250 est.
1173 2197 1280 2264 negarit
1294 2193 1422 2250 committi
1436 2195 1644 2264 stipulationem,
1663 2197 1725 2274 puia
1739 2197 1767 2248 et
1784 2197 1807 2248 si
1821 2211 1913 2250 verum

242 2263 395 2334 praesertim
413 2281 474 2318 cum
491 2263 550 2318 fieri
570 2265 667 2332 possit,
691 2269 722 2316 ut
743 2269 821 2332 pater
844 2273 906 2318 ante
929 2263 1049 2330 decedat,
1100 2265 1137 2320 sit
1162 2271 1251 2318 ratum
1277 2279 1335 2318 eam
1359 2281 1414 2320 non
1446 2263 1587 2326 habuisse,
1619 2263 1686 2316 nibd
1709 2269 1799 2314 tamen
1823 2265 1914 2316 mariti

242 2347 318 2400 quam
335 2331 417 2386 sciret
433 2339 637 2402 procuratorem
653 2347 732 2386 suum
750 2333 847 2398 egisse,
872 2333 957 2386 etita
979 2333 1048 2386 iniu-
1100 2331 1205 2386 intersit
1223 2333 1311 2386 dotem
1328 2331 1446 2394 restitui,
1471 2347 1531 2386 cum
1568 2329 1619 2384 atri
1637 2329 1716 2384 etiarn
1733 2335 1838 2384 mortua
1855 2329 1914 2384 tilia

246 2405 273 2454 to
307 2401 408 2452 riarum
425 2399 496 2452 actio
513 2399 607 2476 redeat
624 2399 659 2452 ad
675 2399 768 2452 filium.
804 2401 857 2454 Sed
875 2405 900 2454 et
918 2401 941 2454 si
959 2401 1050 2468 nepoti
1103 2405 1114 2452 l
1151 2399 1226 2454 salva
1246 2413 1306 2454 esse
1329 2401 1377 2454 dos
1406 2399 1510 2452 debeat.
1547 2347 1713 2452 drocuratcr
1736 2413 1797 2452 cum
1823 2397 1856 2450 ab
1881 2413 1912 2452 eu

242 2467 336 2524 iniuria
358 2467 432 2522 iacta
453 2467 534 2522 l'uerrt
557 2473 584 2520 et
605 2471 765 2536 procurator
787 2469 830 2522 ari
854 2473 963 2536 propter
979 2467 1050 2522 hanc
1101 2481 1146 2520 aes
1164 2467 1280 2522 alienum
1298 2473 1428 2536 exegerat,
1448 2467 1493 2536 qui
1509 2471 1629 2536 tempore
1642 2467 1808 2530 liberaretur,
1826 2469 1913 2518 ratam

244 2551 348 2590 causam
365 2535 523 2590 iniuriarum
540 2541 614 2602 aget,
638 2551 693 2606 non
713 2535 799 2590 solum
821 2535 880 2600 iiiii,
904 2535 1050 2590 sedetiam
1100 2551 1156 2590 rem
1174 2535 1310 2590 dominum
1326 2535 1481 2606 habiturum
1499 2535 1580 2590 cavit:
1604 2533 1699 2588 deinde
1722 2539 1785 2602 post
1808 2539 1913 2602 tempus

243 2603 343 2672 nepotis
360 2619 476 2684 persona
491 2603 740 2672 comprehendenda
755 2603 806 2658 erit
818 2605 848 2658 in
863 2603 1048 2672 stipulatione:
1100 2603 1213 2658 liberato
1241 2605 1296 2658 iarn
1323 2605 1442 2668 debitore
1469 2603 1591 2656 dominns
1622 2609 1709 2656 ratam
1736 2617 1791 2656 rem
1820 2603 1911 2656 babet¹

244 2671 305 2740 quid
329 2689 398 2726 ennn
418 2671 543 2740 prohibet
567 2677 594 2724 et
615 2677 718 2740 patrem
740 2671 882 2734 etlilium,
906 2677 1050 2740 antequam
1100 2687 1181 2740 posse
1203 2671 1350 2726 debitorem
1371 2687 1450 2740 agere
1469 2687 1530 2724 curn
1553 2677 1725 2740 procuratore
1743 2671 1912 2734 existimarit,

243 2739 338 2796 sument
364 2743 565 2808 procuratorem
591 2739 702 2806 egissel,
729 2739 876 2794 decedere?
905 2755 957 2806 quo
985 2755 1050 2792 casu
1102 2753 1163 2792 cum
1188 2739 1242 2794 iam
1267 2739 1388 2794 debitor⁷
1419 2740 1548 2794 liberatus
1574 2739 1621 2792 sit:
1653 2741 1838 2806 argumentum
1864 2739 1911 2800 rei,

242 2809 357 2878 iniquum
378 2813 420 2862 est
440 2807 612 2860 fideiussores
633 2823 687 2862 uon
708 2807 794 2862 teneri
818 2811 915 2874 nepote
939 2805 1049 2860 iniuria·
1101 2805 1180 2872 quod,
1199 2807 1222 2860 si
1239 2807 1313 2860 nulia
1329 2807 1467 2874 stipulatio
1484 2805 1643 2926 interposita
1661 2809 1701 2872 sit,
1721 2805 1853 2860 condictio
1871 2807 1912 2860 lo·

243 2893 299 2932 rum
316 2881 418 2944 agente.
1102 2889 1161 2926 cum
1184 2873 1309 2928 adversus
1332 2879 1536 2942 procuratorem
1577 2875 1683 2926 abitura
1704 2875 1751 2928 sit:
1778 2875 1807 2926 in
1823 2875 1913 2926 locuni

275 2939 313 3002 23
337 2943 418 2998 iarn
446 2943 514 2998 libro
542 2943 636 3012 quinto
665 2959 703 2996 em
731 2941 843 2996 Minicio
887 2941 1051 2996 Procurator
1102 2945 1191 2994 sutem
1209 2941 1386 2996 condictionis
1403 2941 1538 3010 interponi
1554 2941 1761 3010 stipulationem.

244 3029 300 3066 cum
317 3013 421 3080 peteret
437 3009 590 3080 pecuniam,
614 3009 753 3064 satisdedit
770 3009 884 3076 amplius
902 3025 956 3062 non
980 3009 1049 3078 peti:
1136 3005 1195 3064 26⁸
1219 3047 1600 3064 ......................
1619 3009 1831 3062 *similaceum
1849 3025 1912 3078 pro-

242 3085 301 3148 pcst
317 3079 445 3132 iudicium
462 3083 601 3146 acceptum
619 3079 720 3142 extitit,
738 3077 783 3144 qni
802 3085 828 3130 et
844 3079 903 3144 ipse
920 3091 1049 3144 procura·
1102 3079 1230 3130 *curator
1251 3075 1320 3144 petit
1342 3075 1527 3144 litigatumque
1548 3077 1581 3130 de
1603 3091 1634 3130 eo
1659 3083 1698 3130 est
1720 3085 1855 3146 tamquam
1880 3079 1914 3130 de

243 3149 309 3202 torio
330 3145 438 3200 nomine
461 3145 571 3200 eandem
593 3145 734 3214 pecuniam
757 3149 873 3212 peteret:
902 3143 1049 3212 quaesitum
1101 3143 1226 3208 *debitc‚
1244 3145 1383 3224 stipulatio
1397 3143 1556 3212 interposita
1571 3145 1751 3210 committitur,
1772 3161 1833 3198 curn
1848 3161 1912 3214 pos·

242 3221 288 3284 est,
307 3231 366 3270 cum
380 3211 412 3278 is,
431 3213 477 3282 qui
493 3219 588 3282 postea
604 3217 716 3280 peteret,
734 3217 894 3280 procurator
908 3229 963 3266 non
980 3217 1056 3276 esset,
1101 3213 1166 3264 *tea
1181 3211 1218 3274 is,
1244 3227 1321 3266 eurus
1338 3211 1444 3266 nomine
1466 3217 1626 3280 procurator
1644 3213 1706 3280 egit,
1730 3213 1758 3266 id
1775 3213 1913 3280 petierit*

260 2065 323 2112 atris
353 2061 459 2114 nomine
481 2061 639 2116 iniuriarum
661 2063 716 2130 agit
739 2063 773 2116 ob
797 2077 855 2116 eam
878 2077 948 2128 rem,
978 2063 1050 2130 qnod

271 2129 309 2182 'us
332 2127 390 2182 eius
409 2129 566 2184 verberatus
583 2129 739 2198 pulsatusve
756 2131 804 2194 sit,
828 2131 857 2182 in
880 2127 1050 2198 stipulatione

243 2195 372 2264 cogendus
395 2203 436 2250 est
456 2197 504 2250 filii
527 2213 634 2266 quoque
656 2213 799 2266 personam
818 2197 1049 2266 comprehendere,

688 4111 826 4186 LIBER
849 4107 1215 4200 assuescendus
1238 4109 1464 4188 SEPTIMUS.

625 4307 666 4366 1⁹.
1138 4297 1255 4358 21onn
1280 4301 1348 4358 libro
1358 4301 1598 4424 praeriperetur
1622 4303 1697 4358 tertio
1721 4301 1759 4356 oct
1781 4301 1911 4358 Sabinum

445 4405 491 4456 n
1103 4369 1356 4494 lienteria.
1376 4369 1911 4494 temeranterniatu

281 4507 293 4564 l
320 4507 464 4588 Uarianos
483 4507 551 4586 librp
569 4507 794 4586 quadrupeneimo
811 4507 903 4590 primo
921 4507 959 4588 cd
975 4505 1052 4588 Sudi-
1106 4513 1125 4590 1Ι
1139 4457 1245 4588 plinium
1263 4481 1358 4588 mincii
1374 4457 1494 4590 prodeam.
1529 4507 1583 4588 Qui
1596 4507 1829 4588 igiturlhominem
1847 4507 1908 4588 sub·

245 4575 435 4698 illidii
450 4575 1052 4712 cellitattldtetldtttttll
1103 4573 1910 4698 illittltllllnttttetffllnllinttldtdi

245 4661 340 4792 iddieroo
368 4725 417 4792 nec
444 4709 510 4764 lirrti
533 4711 666 4766 conveniri
693 4717 813 4780 possunt.
855 4711 902 4766 sed
926 4683 1051 4792 puanrvis
1104 4663 1194 4792 idam
1211 4685 1351 4792 consumit’.
1385 4661 1458 4768 idern
1477 4711 1629 4778 dicendum,
1647 4711 1671 4766 si
1687 4711 1778 4792 rapuit
1795 4717 1821 4766 et
1838 4711 1908 4794 ocei-

245 4777 672 4928 mnltnmittntt,
687 4779 1053 4916 lentatimltltt
1104 4781 1468 4918 immittente
1483 4781 1911 4906 llttdtdttlttittt

245 4915 533 5038 litttlitttttlt
546 4915 916 5038 {nitidisnitidis
924 4915 1051 5038 dds
1102 4917 1212 5040 indit
1224 4915 1548 5040 12222228ἐὲ
1564 4917 1911 5042 Abudildiuiiiiinif

248 5053 259 5102 l
293 5067 339 5108 eos
357 5053 492 5122 competit.
527 5023 768 5130 Heredem'autem
789 5051 856 5104 brrti
872 5067 950 5134 agere
971 5067 1052 5122 posse
1102 5003 1181 5108 tionds
1198 5059 1239 5108 est
1261 5001 1326 5134 legpis
1343 4999 1703 5134 Αᾳηῧηῗερηηᾷῑςηιηηηη
1726 5053 1859 5138 copdictio
1876 5071 1910 5110 ex

246 5125 460 5202 aeque-constat:
480 5123 615 5200 exsecupro
631 5133 701 5172 ennn
714 5119 880 5200 qporundam
895 5119 1052 5200 debetorum
1102 5137 1185 5176 causa
1206 5121 1320 5202 furtiva:
1348 5135 1461 5200 namque
1484 5119 1593 5190 Aquilia
1619 5135 1677 5202 eam
1700 5129 1910 5178 aestimationem

245 5183 384 5242 heredibus
407 5189 471 5242 data
494 5193 547 5268 estu:
562 5193 615 5268 ἰηη
639 5191 666 5242 et
687 5187 756 5268 legis·
773 5187 895 5268 Aqurbae
919 5193 1051 5242 annonem
1103 5191 1299 5260 complectitur,
1323 5193 1464 5270 qnantrnco
1482 5203 1552 5242 anno
1569 5189 1677 5272 plurimi
1692 5191 1758 5258 fnit,
1777 5193 1908 5272 condictio

245 5251 888 5406 illibiibeioiebliliiiliiiffdiiii
902 5273 1050 5404 ittet
1102 5257 1909 5406 distenditltilidldtltlllilttllttt

245 5405 349 5472 oppone
373 5395 537 5466 actionibus,
563 5409 632 5464 quae
653 5409 687 5448 es
710 5393 812 5448 debctrs
835 5399 969 5458 emuntur,
996 5407 1051 5448 sire
1101 5395 1220 5462 admisu,
1237 5411 1272 5452 ex
1289 5409 1455 5464 quacumque
1472 5399 1578 5450 accone
1593 5411 1680 5452 noxae
1697 5395 1778 5450 brerit
1795 5397 1908 5460 deditus,

246 5459 332 5516 crrrles
349 5467 413 5516 sunt
428 5461 663 5528 nichoteranae,
681 5461 709 5518 id
725 5461 822 5530 placet,
841 5467 870 5516 ut
884 5477 955 5518 noxa
969 5467 1052 5530 caput
1102 5467 1117 5516 l
1152 5479 1241 5532 parem
1260 5467 1351 5518 tuest
1373 5465 1554 5518 alternantis.
1589 5463 1656 5544 item
1673 5465 1696 5518 si
1719 5465 1778 5532 quis
1796 5467 1909 5542 subrep3

245 5533 378 5596 letantur.
1100 5535 1158 5584 turn
1172 5479 1275 5616 flagedo
1290 5529 1422 5602 ceciderit,
1442 5533 1545 5588 duabus
1559 5533 1707 5586 actionibus
1722 5535 1830 5584 tenetur
1844 5529 1908 5584 inite

245 5705 276 5768 ll)
293 5707 488 5774 stipulationeF
551 5713 583 5774 (a)
601 5707 820 5762 Iulianusdel.i·'²
883 5709 916 5772 (a)
934 5707 1051 5760 sicerum
1102 5709 1185 5772 om.F,
1199 5711 1310 5762 restituta
1325 5685 1361 5762 est
1375 5711 1410 5760 ud
1422 5711 1449 5762 B
1739 5767 1771 5778 ..

245 5773 300 5838 quis
314 5779 372 5842 agat
385 5779 504 5830 similiave
520 5781 564 5830 ins.
641 5779 674 5842 (4)
693 5777 847 5842 emmonem
920 5775 1052 5842 lt)1nliu-
1136 5781 1168 5840 lt)
1187 5775 1451 5842 Sub-*Buatidll
1528 5775 1574 5836 (tc)
1591 5771 1680 5824 iudicii
1694 5769 1833 5832 accipiendi
1848 5771 1899 5820 tem

246 5857 290 5894 nus
303 5847 350 5896 del.
418 5849 452 5908 lt)
470 5863 555 5898 eorum
569 5847 615 5898 del.
683 5849 716 5912 (t)
734 5845 871 5900 detineor.
941 5847 975 5910 (t)
995 5845 1009 5898 l.
1022 5857 1048 5898 tt
1100 5857 1147 5908 pus
1156 5845 1203 5898 det.
1659 5917 1706 5964 Μ*
