4366 6258
272 337 445 428 XXXXIII
468 351 496 418 3.
515 353 534 416 4

272 539 407 596 voluntate
424 543 568 608 occupata,
589 537 676 590 altera
687 549 743 590 uon
755 553 789 592 ex
806 539 953 604 voluntate,
972 539 1084 606 eveniet,

272 613 303 662 nt
323 609 407 662 altera
428 609 549 662 revocari
569 607 668 676 possit,
692 609 777 664 altera
794 625 858 664 nou.
892 609 1013 730 idemtlue
1032 611 1083 664 erit

272 676 439 744 probandum
461 681 489 730 et
510 677 538 728 in
560 691 616 730 uua
637 691 681 742 re,
704 679 780 732 cuius
802 693 867 746 pers
884 691 918 730 ex
933 683 1081 742 vountate,

272 743 357 796 altera
394 759 437 796 ars
455 759 509 796 non
523 759 557 796 ex
571 745 708 800 voluntate
722 751 855 814 occupata
869 749 922 798 est:
941 759 1002 798 nam
1037 759 1081 798 ars

275 815 304 864 13
339 827 369 866 so
414 827 461 880 per
478 811 649 864 interdictum
667 815 810 868 auferetur.
842 811 913 864 lllud
928 759 1081 878 tenendum,

272 879 327 932 sive
344 893 360 932 a
376 885 403 932 te
416 879 474 932 ‘sive
492 879 526 932 ab
545 895 584 944 eo,
603 881 631 932 in
646 883 722 936 ouius
734 883 823 934 iocum
837 881 999 944 successisti,
1017 895 1082 950 pos·

272 947 351 1000 sideri
378 947 477 1014 aliquid
503 953 628 1014 coeptum
656 955 710 1014 est,
738 947 882 1002 interdicto
906 949 970 1002 huic
992 950 1083 1002 locum

272 1013 339 1068 fore.
374 1015 402 1066 in
419 1015 507 1068 locum
524 1015 687 1070 successisse
704 1015 863 1084 accipimus,
886 1015 940 1068 sive
956 1031 1005 1084 per
1021 1015 1082 1068 uni·

275 1087 306 1132 14
339 1081 491 1134 versitatem
509 1081 561 1136 sive
579 1085 607 1134 in
624 1099 681 1138 rem
697 1085 749 1138 sit·1
769 1097 933 1136 successum.
968 1081 1083 1138 Prodest

273 1153 362 1202 autem
378 1149 540 1216 possedisse,
560 1151 682 1216 quotiens
698 1147 837 1204 voluntate
855 1149 924 1216 eius,
950 1149 986 1204 ad
1004 1165 1083 1216 quem

274 1231 306 1270 θα
329 1231 371 1270 res
395 1217 522 1282 pertinet,
549 1219 681 1286 possideri
705 1223 829 1284 coeptum
853 1223 906 1270 est:
936 1217 984 1270 sed
1009 1219 1083 1270 etsi

272 1287 368 1350 postea
384 1285 507 1336 voluntas
525 1287 639 1340 accessit
655 1285 725 1350 eius,
749 1283 783 1336 ad
807 1299 886 1350 quern
908 1299 939 1336 ea
960 1297 1003 1336 res
1020 1299 1081 1352 per-

273 1351 388 1416 tinebat,
411 1355 501 1402 tamen
535 1353 645 1406 rodesse
662 1351 809 1420 possessori
827 1351 932 1404 debere.
967 1351 1083 1404 undosi

274 1417 331 1484 quis
356 1417 444 1484 coepit
464 1369 568 1486 quitlbm
593 1435 626 1474 ex
646 1419 781 1472 voluntate
806 1417 935 1484 eius,=,ad
952 1433 1031 1486 quem
1049 1433 1083 1472 ea

272 1501 315 1540 res
338 1485 466 1552 pertinet,
496 1487 646 1556 possidere,
675 1489 769 1552 postea
795 1501 856 1540 vero
881 1487 1005 1540 voluntas
1028 1501 1083 1540 non

273 1559 437 1622 perseverat,
459 1555 524 1606 nibil
542 1555 646 1618 uocati,
670 1555 732 1620 quia
750 1553 831 1606 semel
868 1553 978 1606 assideri
996 1555 1083 1622 coepit

277 1627 318 1688 la
341 1637 372 1674 ex
394 1621 538 1676 voluntate.
578 1623 606 1676 Si
630 1621 696 1672 alter
720 1635 753 1672 ex
776 1621 840 1674 bere
862 1621 921 1676 'bus
942 1621 1020 1686 iisve,
1048 1621 1083 1676 ad

274 1705 342 1810 fluns
361 1705 393 1742 θα
409 1705 451 1744 res
469 1689 593 1758 pertinet,
614 1687 727 1740 voluerit
743 1703 799 1742 rem
817 1703 834 1740 a
851 1689 978 1756 legatario
996 1689 1082 1756 possi-

293 1757 337 1822 eri,
353 1757 420 1810 alter
433 1773 495 1822 non,
514 1759 546 1824 ei,
564 1757 610 1824 qui
623 1755 708 1808 noluit
716 1757 734 1822 ³,
752 1755 921 1810 interdictum
935 1761 1081 1824 competet:

277 1831 306 1876 te
341 1825 377 1890 ei,
396 1825 441 1892 qui
457 1825 552 1888 voluit,
575 1839 630 1876 non
647 1829 797 1892 competere
814 1823 906 1892 palam
922 1827 971 1876 est.
1006 1823 1084 1888 Quod

274 1891 535 1960 suprascripsit
559 1889 717 1944 satisdatum
740 1891 792 1956 sit',
816 1891 938 1960 accipere
958 1891 1083 1946 debemus

276 1961 306 2014 ‘si
330 1965 481 2028 perseveret
503 1957 680 2024 satisdatum,
704 1959 807 2014 scilicet
829 1963 873 2024 ut,
901 1959 924 2014 si
946 1975 1001 2014 non
1022 1975 1083 2026 per·

274 2033 375 2082 sereret
393 2033 514 2092 cautum,
538 2025 661 2080 mittatur
677 2027 705 2080 in
722 2027 921 2108 possessionem
936 2027 1084 2096 legatorum

276 2101 303 2148 tv
341 2095 528 2148 servandorum
547 2107 638 2148 causa.
674 2095 837 2150 Satrsdatum
855 2095 894 2160 sic
911 2095 1041 2164 arbitror,
1059 2095 1083 2150 si

275 2163 313 2218 sio
331 2163 488 2218 satisdatum
505 2163 552 2228 sit,
572 2169 606 2242 ut
629 2161 757 2230 legatario
778 2167 819 2218 vel
837 2165 895 2234 ipso
913 2165 971 2218 iure
988 2163 1082 2232 adqui·

275 2233 327 2286 sita
344 2231 378 2286 sit
395 2231 491 2286 idonea
509 2235 595 2284 cauno
619 2231 660 2286 vel
701 2249 730 2286 er
750 2233 869 2286 mandeti
887 2233 1017 2286 actionem
1035 2233 1083 2286 ad-

276 2305 306 2352 ts
341 2299 411 2368 quiri
426 2299 525 2368 possit,
549 2305 577 2354 et
599 2303 665 2354 tunc
714 2301 828 2356 terdicto
847 2301 936 2356 locum
952 2299 1019 2356 fore.
1055 2299 1084 2354 Si

275 2367 440 2438 quarundam
456 2381 545 2422 rerum
560 2369 666 2422 nomine
680 2369 840 2424 satisdatum
855 2371 897 2432 sit,
916 2367 1083 2438 quarundam

270 2453 328 2494 ,uon
350 2437 386 2490 sit
408 2437 579 2500 satisdatum,
602 2449 694 2490 earum
716 2453 806 2490 rerum
829 2437 936 2490 nomine
958 2437 1016 2492 sine
1032 2437 1082 2490 im·

274 2505 423 2572 pedimeuto
442 2503 485 2572 agi
501 2503 606 2572 poterit,
626 2503 657 2558 de
676 2503 771 2572 quibus
789 2503 949 2560 satisdatum
967 2509 1015 2570 ert,
1039 2519 1083 2560 oe·

275 2579 391 2626 terarum
407 2587 462 2626 non
478 2571 582 2640 poterit.

309 2637 468 2698 Neurus
493 2641 561 2694 libro
586 2641 776 2710 semnpensimo
799 2641 878 2694 tertio
905 2639 943 2694 ud
968 2641 1083 2696 edictum

275 2707 414 2764 Diversum
432 2713 486 2776 est,
505 2707 528 2764 si
544 2713 639 2778 postea
674 2725 719 2762 ars
736 2709 823 2778 legato
842 2707 1002 2764 adcreverit:
1020 2725 1083 2764 uam

277 2783 288 2830 1
324 2779 376 2832 hoc
393 2775 497 2832 nomine
515 2783 640 2832 tenemur
654 2725 827 2832 bdeiussores
839 2777 867 2830 in
881 2781 976 2832 totum.
1005 2777 1083 2846 Quod

275 2845 314 2898 ait
335 2851 443 2914 praetor
464 2845 496 2900 ‘si
517 2861 566 2914 per
588 2847 719 2900 bonorum
739 2859 921 2914 possessorem
940 2863 999 2906 ,non
1019 2851 1081 2914 stat,

276 2917 314 2968 ‘ut
337 2911 497 2980 satisdetur’,
521 2913 560 2968 sio
582 2913 740 2982 accipimus,
764 2913 787 2968 si
830 2919 923 2968 aratus
946 2915 983 2968 sit
1004 2915 1083 2968 satis-

276 2983 353 3036 dare:
376 2997 430 3038 uon
447 2997 510 3050 ergo
527 2983 624 3036 offerre
641 2983 720 3036 debet
738 2931 950 3046 satistlbtionem,
974 2981 1020 3036 scd
1037 2997 1082 3052 pe·

272 3055 290 3108 2
325 3051 391 3104 tenti
408 3049 473 3106 satis
491 3067 591 3104 moram
608 3049 777 3106 nonfacere.
812 3051 856 3104 Ex
873 3051 926 3106 hoc
943 3049 1081 3106 interdicto

276 3119 321 3186 qui
337 3135 391 3172 non
408 3117 537 3184 restituit,
556 3119 583 3172 in
601 3119 628 3172 id
645 3119 716 3188 quod
733 3119 846 3172 interest
863 3117 942 3172 debet
959 3117 1083 3174 condem·

276 3191 290 3238 :t
325 3187 392 3240 uari.
418 3185 447 3240 Si
464 3187 606 3256 legatarius
624 3187 829 3256 repromissione
847 3189 1006 3242 contentus⁵
1022 3187 1082 3254 brit,

276 3255 392 3308 dandum
409 3259 450 3310 est
466 3255 642 3310 interdictum.
669 3255 739 3310 idem
752 3255 894 3310 dicendum
907 3259 955 3320 est,
974 3253 1082 3324 silaga-

276 3331 291 3376 4
326 3325 410 3378 tanus
427 3325 581 3394 pignoribus
599 3325 685 3380 noluit
701 3325 753 3380 sibi
770 3325 867 3380 caveri.
899 3323 929 3380 Si
944 3339 994 3406 per
1010 3325 1081 3392 lega·

275 3391 372 3446 tarium
389 3391 490 3446 iactum
508 3393 555 3460 sit,
578 3409 630 3460 quo
650 3393 738 3448 minus
755 3393 913 3458 satisdetur,
936 3393 1001 3448 lucet
1018 3409 1082 3446 cau·

275 3465 332 3514 tum
348 3475 402 3514 non
419 3463 461 3528 sit,
482 3465 588 3514 tenetur
605 3463 754 3516 interdicto.
790 3462 837 3516 sed
855 3461 878 3516 si
895 3459 965 3516 forte
981 3459 1083 3514 facturn

275 3529 310 3582 sit
326 3543 375 3596 per
390 3529 562 3596 legatarium,
586 3545 638 3598 quo
655 3529 743 3584 minus
761 3529 921 3594 satisdator,
944 3543 975 3584 eo
993 3535 1082 3584 autern

275 3601 405 3664 tempore,
428 3613 480 3664 quo
498 3597 585 3650 editur
601 3597 783 3664 interdictum,
809 3597 874 3652 satis
896 3597 1017 3666 accipere
1034 3611 1082 3664 pa·

276 3669 349 3718 ratus
367 3663 414 3728 sit,
438 3679 492 3718 non
509 3665 832 3734 competit'interdictum,
856 3665 908 3718 nisi
925 3665 1082 3720 satisdatum

276 3733 318 3786 sit.
352 3731 416 3784 item
440 3733 462 3786 si
485 3747 531 3802 per
555 3733 687 3786 bonorum
706 3747 890 3802 possessorem
914 3733 1000 3798 stetit,
1030 3747 1083 3800 quo

276 3799 362 3854 minus
380 3799 529 3864 satisdaret,
548 3799 596 3854 sed
613 3799 691 3854 modo
708 3805 819 3868 paratus
835 3805 876 3854 est
891 3815 992 3868 cavere,
1010 3805 1083 3854 tenet

275 3865 458 3990 idptardictplm:
476 3867 539 3922 illud
557 3867 627 3922 enim
643 3873 747 3938 tempus
764 3867 913 3938 inspicitur,
932 3883 984 3940 quo
998 3867 1082 3922 inter·

296 3937 376 3992 'ctum
393 3951 408 3992 e
426 3937 487 3990 itur.

637 4145 696 4204 1111
703 4141 723 4204 ⁸.

278 4243 324 4296 NE
342 4243 395 4296 VIS
411 4243 492 4294 rur
509 4243 555 4308 EI,
572 4243 951 4362 QUIEIIlgITi‘OSSESSIONEM
965 4243 1082 4294 Missus

313 4409 327 4468 l
353 4409 496 4468 vasillus
511 4411 578 4466 lrbro
595 4411 810 4482 septuopeosimo
826 4411 944 4468 seeundo
962 4411 999 4468 od
1012 4411 1082 4468 edio-

278 4483 333 4534 tum
365 4479 414 4534 stt
434 4483 557 4548 praetor:
584 4477 621 4534 ‘si
644 4479 702 4548 quis
727 4478 787 4534 dolo
812 4479 1005 4546 malefecerit,
1030 4495 1081 4550 quo

278 4549 371 4602 ‘minus
389 4547 448 4618 quis
464 4547 595 4618 permissu
610 4563 668 4600 meo
683 4547 779 4612 eiusve,
799 4549 875 4604 cuius
888 4561 921 4602 θα
933 4547 1081 4602 iurisdictio

278 4615 344 4684 ‘fuit
361 4615 389 4668 in
406 4615 600 4684 possessionem
616 4615 747 4670 bonorum
762 4615 804 4684 sit,
822 4615 851 4670 in
864 4631 925 4670 eum
938 4615 967 4670 in
980 4615 1082 4670 iactum

1072 339 1135 424 ata

1616 417 1623 446 ,
1671 369 1716 422 nn
1739 367 1792 438 vis
1814 369 1945 418 rmum

1132 541 1203 596 sotio
1226 555 1281 594 non
1303 541 1407 594 tautum
1432 555 1492 592 eum
1514 541 1600 608 tenet,
1631 541 1677 608 qui
1703 539 1842 610 prohibuit
1869 553 1945 610 quem

1131 609 1222 664 venire
1239 609 1267 662 in
1284 609 1494 676 possessionem,
1517 607 1565 662 sed
1582 607 1662 662 etiam
1680 623 1755 672 eum,
1778 609 1825 676 qui
1841 623 1944 676 posses·

1133 677 1208 730 sione
1224 675 1318 744 pulsus
1337 677 1403 742 esti,
1422 691 1484 730 cum
1499 675 1614 730 venisset
1627 675 1655 728 in
1667 679 1877 744 possessionem:
1896 691 1944 730 neo

1133 749 1149 796 4
1182 743 1304 812 exigitur,
1322 749 1352 796 ut
1369 745 1396 796 vi
1412 743 1507 796 fecerit
1525 745 1570 812 qui
1586 743 1733 812 probibuit.
1763 743 1792 798 Si
1810 743 1869 810 quis
1885 741 1942 796 ideo

1131 811 1301 880 possessione
1324 811 1443 866 arcuerit
1451 813 1479 878 ¹⁰,
1502 811 1647 880 quierem
1670 825 1746 864 suam
1767 811 1883 880 putabat
1906 811 1944 866 vel

1133 879 1185 934 sibi
1201 895 1298 934 nexam
1314 879 1356 932 vel
1375 883 1447 932 certe
1464 895 1520 932 non
1537 893 1596 934 esse
1614 877 1756 946 debitoris,
1781 893 1943 946 consequeus

1133 953 1148 1000 5
1185 951 1239 1014 est,
1270 951 1301 1000 ut
1325 949 1377 1000 hoc
1403 947 1491 1000 edicto
1518 961 1573 1000 non
1595 949 1727 1000 teneatur.
1768 945 1842 1000 Haec
1865 945 1944 1000 verba

1133 1015 1236 1082 ‘quanti
1252 1029 1286 1068 ea
1302 1029 1346 1068 res
1364 1015 1422 1078 erit,
1443 1015 1477 1068 ob
1496 1031 1575 1082 quam
1593 1015 1620 1066 in
1637 1015 1833 1082 possessionem
1850 1015 1943 1070 missus

1133 1083 1200 1134 ‘erit'
1220 1081 1356 1136 continent
1373 1081 1516 1134 utilitatem
1535 1081 1681 1148 creditoris,
1700 1087 1731 1134 ut
1745 1087 1873 1150 quantum
1889 1081 1944 1138 eius

1131 1149 1244 1204 interest
1260 1149 1458 1216 possessiouem
1474 1149 1587 1216 babere,
1611 1153 1716 1202 tautum
1740 1149 1832 1216 siqui
1855 1149 1944 1216 prohi-

1132 1215 1191 1270 buit
1214 1217 1413 1270 condemnetur.
1454 1217 1566 1284 proinde
1590 1217 1614 1270 si
1637 1217 1672 1270 ob
1696 1215 1794 1270 falsum
1818 1217 1944 1270 creditum

1134 1285 1176 1336 vel
1194 1285 1228 1336 ob
1247 1283 1344 1336 salsam
1359 1283 1515 1352 petitionem
1532 1285 1629 1338 missus
1646 1285 1732 1338 estin
1749 1285 1943 1362 possessionem

1133 1349 1175 1402 vel
1197 1351 1220 1404 si
1243 1351 1400 1418 exceptione
1424 1351 1583 1406 summoveri
1604 1351 1707 1420 potuit,
1731 1351 1797 1402 mbil
1820 1351 1845 1404 ei
1868 1351 1946 1406 debet

1133 1417 1261 1486 prodesse
1279 1419 1331 1472 boo
1349 1417 1480 1482 edictum,
1505 1417 1569 1486 quia
1591 1423 1702 1488 propter
1719 1417 1819 1472 nullam
1837 1435 1943 1472 causam

1134 1489 1149 1540 6
1184 1485 1213 1538 in
1237 1485 1434 1554 possessionem
1457 1485 1553 1540 missum
1577 1491 1626 1540 est.
1666 1487 1727 1540 Hoo
1750 1485 1836 1540 edicto
1861 1501 1944 1554 neque

1133 1553 1264 1622 pupillum
1281 1569 1368 1622 neque
1386 1553 1518 1608 furiosum
1535 1555 1620 1608 teneri
1638 1559 1753 1620 constat,
1772 1555 1834 1624 quia
1847 1553 1944 1610 affectu

1134 1627 1235 1674 carent.
1275 1623 1323 1674 sed
1345 1621 1478 1690 pupillum
1502 1637 1563 1674 eum
1586 1622 1713 1676 debemus
1738 1625 1873 1690 accipere,
1902 1625 1944 1690 qni

1135 1687 1189 1742 doli
1208 1703 1294 1756 capax
1310 1695 1438 1744 nonest:
1465 1693 1581 1744 ceterum
1604 1691 1627 1744 si
1649 1691 1703 1742 iam
1727 1687 1782 1742 doli
1799 1705 1884 1758 capax
1903 1691 1944 1756 sit,

1135 1759 1230 1808 eontra
1247 1755 1299 1808 erit
1316 1755 1466 1810 dicendum.
1502 1771 1564 1824 ergo
1589 1761 1616 1810 et
1633 1759 1656 1810 si
1672 1761 1747 1810 tutor
1763 1755 1825 1810 dolo
1842 1755 1944 1822 fecerit,

1133 1823 1162 1876 iu
1178 1823 1309 1890 pupillum
1328 1823 1451 1876 dabimus
1468 1825 1611 1890 actionem,
1631 1825 1749 1878 simodo
1767 1823 1891 1878 solvendo
1912 1825 1945 1878 sit

1133 1895 1220 1944 tutor:
1239 1889 1286 1944 sed
1304 1897 1331 1944 et
1347 1891 1436 1960 ipsum
1451 1897 1567 1946 tutorem
1580 1905 1660 1958 posse
1676 1891 1812 1946 conveniri
1826 1891 1944 1948 lulianus

1136 1963 1149 2010 'l
1187 1957 1288 2012 scribit.
1318 1957 1347 2012 st
1364 1957 1464 2012 domini
1480 1959 1522 2012 vel
1538 1959 1624 2026 patris
1641 1959 1779 2014 voluntate
1796 1957 1944 2026 prohibitus

1133 2025 1192 2094 quis
1211 2027 1245 2080 sit
1260 2041 1276 2080 a
1290 2027 1470 2094 possessione,
1487 2027 1516 2080 in
1529 2029 1602 2096 ipsos
1613 2029 1634 2060 ¹¹
1652 2027 1760 2080 dabitur
1772 2027 1850 2092 actio,
1869 2029 1944 2094 quasi

1134 2097 1149 2146 8
1184 2109 1233 2164 per
1256 2095 1322 2148 alios
1345 2095 1398 2148 hoo
1421 2095 1541 2148 iecerint.
1577 2095 1653 2148 Hanc
1678 2095 1811 2150 actionem
1833 2101 1944 2164 excepte

1133 2159 1282 2230 legatorum
1304 2161 1432 2216 missione
1454 2163 1526 2216 intra
1549 2177 1647 2216 annum
1670 2167 1821 2230 competere
1844 2167 1871 2216 et
1892 2171 1944 2218 uon

1154 2233 1228 2284 ostea
1247 2229 1384 2284 sciendum
1403 2233 1458 2296 est,
1476 2245 1537 2284 cun:
1554 2231 1590 2284 :it
1605 2231 1739 2298 poenalis,
1757 2245 1807 2284 neo
1824 2229 1852 2284 iu
1868 2231 1944 2284 here-

1133 2245 1180 2350 bes
1199 2299 1350 2366 similesque
1367 2311 1498 2368 personas
1516 2299 1637 2362 dabitur,
1659 2297 1713 2352 nisi
1733 2299 1761 2350 in
1778 2299 1806 2352 id
1823 2299 1894 2380 quod
1912 2301 1946 2352 ad

1133 2381 1179 2420 eas
1196 2365 1330 2434 pervenit:
1355 2365 1404 2420 sed
1421 2365 1512 2420 heredi
1530 2365 1713 2434 similibusque
1730 2383 1851 2486 personis
1870 2367 1944 2420 dabi-

1133 2439 1186 2488 tur.
1227 2449 1289 2492 nam
1313 2449 1374 2488 cum
1400 2433 1552 2504 prohibitus
1578 2433 1638 2502 quis
1663 2441 1706 2488 est
1741 2449 1755 2488 e
1789 2439 1877 2488 torum
1904 2437 1944 2488 vel

1133 2501 1399 2558 fideicommissorum
1417 2517 1500 2556 causa
1516 2503 1713 2572 possessionem
1733 2515 1748 2554 α
1768 2503 1773 2512 “
1793 2501 1857 2566 isci,
1879 2505 1944 2558 tunc

1133 2569 1204 2624 actio
1228 2575 1256 2624 et
1277 2575 1410 2638 perpetua
1431 2575 1474 2624 est
1496 2577 1522 2624 et
1543 2569 1571 2622 in
1592 2569 1716 2624 heredem
1739 2519 1857 2634 dabitur,
1882 2569 1944 2638 quia

1133 2637 1214 2692 estin
1226 2641 1361 2706 potestate
1374 2653 1559 2692 successorum
1571 2637 1671 2692 evitare
1682 2637 1854 2692 interdictum
1866 2639 1943 2692 satis·

1133 2705 1242 2760 datione
1259 2707 1358 2760 oblata.

1167 2771 1325 2832 2'Pnuars
1340 2775 1408 2830 libro
1427 2773 1668 2844 qairrqaopeostmo
1686 2789 1758 2828 nono
1776 2773 1814 2828 ud
1830 2775 1944 2830 edictum

1133 2841 1188 2896 Suo
1211 2843 1269 2912 quis
1291 2857 1327 2896 en
1344 2843 1431 2896 alieno
1450 2843 1557 2896 nomine
1573 2841 1725 2910 prohibitus
1743 2841 1791 2906 sit,
1815 2841 1881 2896 nihil
1904 2843 1944 2896 in·

1132 2915 1229 2966 terest:
1247 2911 1315 2964 baec
1334 2911 1404 2964 enim
1418 2911 1500 2964 verba
1517 2911 1619 2992 ‘quanti
1632 2923 1665 2962 ea
1680 2925 1724 2964 res
1740 2911 1788 2964 est'
1807 2911 1944 2964 referenda

1137 2983 1148 3034 l
1184 2979 1299 3034 suntad
1316 2993 1459 3046 personam
1476 2977 1583 3032 dommi.
1618 2977 1686 3030 Item
1709 2983 1765 3030 tam
1786 2977 1809 3032 is
1830 2983 1943 3044 tenetur,

1133 3045 1179 3114 qui
1196 3059 1245 3102 suo
1263 3047 1384 3112 nomine,
1408 3061 1488 3116 quarn
1510 3045 1554 3114 qui
1571 3045 1658 3100 abeno
1676 3047 1783 3100 nomine
1800 3045 1943 3114 probibuit.

1168 3109 1186 3172 3
1211 3113 1357 3170 ULPJANUS
1372 3115 1441 3168 libro
1459 3115 1648 3184 senapean'mo
1667 3117 1761 3168 octavo
1779 3115 1817 3166 od
1830 3115 1943 3168 edictum

1133 3181 1161 3236 Si
1184 3181 1243 3250 quis
1267 3181 1364 3236 missus
1386 3181 1469 3236 fuerit
1489 3181 1518 3234 in
1534 3181 1732 3250 possessionem
1748 3181 1944 3238 fideicommissi

1133 3249 1257 3312 servandi
1274 3265 1356 3304 causa
1374 3255 1401 3304 et
1418 3265 1473 3304 non
1490 3249 1660 3318 admittatur,
1679 3255 1812 3318 potestate
1829 3251 1886 3304 eius
1903 3251 1943 3304 in-

1133 3319 1270 3374 ducendus
1289 3319 1376 3374 estin
1393 3319 1596 3390 possessionem,
1619 3319 1665 3388 qui
1682 3335 1743 3374 eum
1760 3319 1839 3384 misit,
1858 3325 1905 3372 aut
1922 3319 1944 3374 si

1133 3387 1192 3456 quis
1210 3388 1281 3442 volet
1298 3387 1338 3442 uti
1354 3387 1513 3454 interdicto,
1536 3403 1702 3458 consequens
1725 3387 1776 3442 erit
1799 3387 1887 3442 dicere
1904 3389 1943 3440 in-

1133 3455 1275 3510 terdictum
1291 3457 1381 3510 locum
1398 3457 1506 3510 habere.
1535 3457 1582 3510 sed
1595 3457 1690 3512 melius
1703 3457 1755 3508 erit
1768 3457 1854 3510 dicere
1869 3463 1943 3508 extra

1133 3523 1252 3578 ordinem
1275 3523 1349 3592 ipsos
1372 3525 1431 3579 iure
1454 3539 1518 3580 suae
1535 3523 1677 3592 potestatis
1697 3525 1806 3592 exsequi
1823 3529 1944 3592 oportere

1134 3593 1268 3646 decretum
1286 3607 1372 3658 sunm,
1390 3601 1590 3662 nonnumquam
1606 3593 1687 3646 etiam
1703 3607 1753 3660 per
1769 3607 1876 3646 manum
1893 3593 1941 3646 mi-

1135 3665 1146 3712 l
1183 3661 1296 3716 litarem.
1332 3661 1514 3716 Constitutum
1530 3667 1572 3714 est
1588 3661 1623 3714 ab
1645 3661 1795 3726 Antonino,
1817 3665 1848 3714 ut
1865 3661 1943 3712 etiam

1133 3727 1161 3780 in
1182 3727 1254 3782 bona
1277 3727 1383 3784 heredis
1406 3729 1467 3798 quis
1490 3727 1646 3784 admittatur
1656 3731 1677 3760 ¹⁴²
1694 3727 1773 3784 certis
1791 3727 1884 3784 modis.
1921 3727 1943 3782 si

1133 3795 1191 3864 quis
1214 3795 1294 3862 igitur
1316 3795 1344 3850 in
1366 3797 1409 3852 bis
1431 3797 1510 3852 bonis
1533 3811 1587 3850 non
1610 3797 1779 3864 admittatur,
1804 3795 1942 3850 dicendum

1134 3869 1173 3916 est
1190 3863 1322 3918 actionem
1339 3865 1410 3918 banc
1424 3865 1518 3918 utilem
1532 3871 1696 3934 competere:
1715 3871 1832 3930 ceterum
1845 3865 1943 3934 poterit

1134 3935 1149 3984 2
1184 3931 1224 3986 uti
1234 3937 1262 3986 et
1273 3931 1485 3986 extraordinaria
1498 3933 1676 3988 exsecutione.
1703 3931 1815 3988 Praetor
1826 3937 1942 3988 vermem

1133 3999 1161 4052 iu
1178 3999 1374 4068 possessionem
1391 4001 1481 4066 mittit,
1501 4007 1527 4054 et
1543 4001 1594 4054 boc
1608 4001 1780 4056 interdictum
1814 4001 1941 4056 robibito·

1133 4069 1201 4122 rium
1218 4073 1245 4122 et
1260 4069 1457 4124 restitutorium
1473 4075 1523 4124 est.
1550 4067 1597 4122 sed
1614 4069 1638 4122 si
1655 4069 1750 4124 mulier
1766 4017 1829 4122 velit
1843 4069 1871 4124 in
1884 4069 1941 4122 fao·

1132 4141 1190 4190 turn
1205 4135 1310 4192 actione
1325 4137 1365 4190 uti
1377 4135 1413 4190 ad
1427 4137 1575 4206 exemplum
1589 4137 1752 4192 creditorum
1764 4137 1848 4206 magn
1864 4153 1942 4206 quam

1133 4211 1149 4258 3
1183 4203 1337 4270 interdicto,
1361 4219 1443 4274 posse
1464 4219 1523 4258 eam
1544 4205 1659 4276 experiri
1676 4205 1814 4260 sciendum
1831 4211 1878 4260 est.
1915 4205 1942 4258 Si

1133 4273 1227 4326 mulier
1244 4273 1347 4328 dicatur
1365 4273 1515 4328 calumniae
1533 4287 1617 4328 causa
1637 4273 1667 4328 in
1681 4273 1880 4342 possessionem
1898 4289 1941 4328 ve·

1132 4343 1223 4414 uisse,
1249 4341 1301 4396 uod
1318 4357 1373 4396 non
1390 4341 1426 4396 sit
1441 4357 1573 4410 praegnas
1587 4341 1630 4396 vel
1642 4357 1697 4396 non
1710 4357 1743 4396 ex
1757 4355 1788 4396 eo
1802 4357 1940 4412 praegnas,

1132 4411 1174 4464 vel
1191 4409 1215 4462 si
1231 4357 1265 4462 aa
1282 4413 1355 4462 statu
1371 4407 1488 4464 mulieris
1508 4409 1608 4478 aliquid
1629 4411 1748 4466 dicatur:
1772 4423 1806 4462 ex
1828 4409 1941 4480 epistula

1133 4477 1185 4532 divi
1194 4477 1323 4530 Hadriani
1337 4477 1371 4530 ad
1385 4477 1535 4546 exemplum
1547 4477 1770 4546 praesumptionis
1781 4477 1942 4532 Carboniani

1133 4547 1212 4600 edicti
1228 4545 1313 4600 ventri
1328 4551 1440 4614 praetor
1456 4547 1596 4614 pollicetur
1613 4547 1818 4616 possessionem.

1167 4611 1284 4670 iluna
1304 4615 1371 4668 libro
1389 4615 1579 4684 seraponrimo
1596 4631 1668 4668 nerto
1688 4615 1726 4670 od
1742 4615 1855 4668 edictum
1889 4613 1940 4666 Per

278 4683 424 4750 iudicium,
448 4683 540 4752 quanti
563 4699 596 4738 ea
617 4699 660 4738 res
681 4683 733 4738 luit
739 4685 759 4750 ⁷,
781 4685 816 4738 ob
835 4701 914 4754 quam
930 4683 959 4738 in
975 4699 1081 4754 posses·
1132 4681 1302 4738 interdictum
1319 4683 1399 4736 etiam
1416 4681 1441 4736 ei
1458 4681 1581 4736 subvenit
1596 4687 1712 4750 praetor,
1731 4681 1777 4752 qui
1794 4681 1883 4736 damni
1899 4681 1939 4734 in-

279 4759 291 4808 1
329 4753 439 4808 ‘sionem
456 4753 552 4808 missus
569 4751 632 4818 erit,
650 4751 738 4808 dabo'.
771 4753 831 4806 Hoc
849 4753 963 4806 edictum
980 4767 1082 4806 summa
1131 4751 1197 4806 fecti
1214 4753 1249 4806 ab
1266 4765 1297 4804 eo
1314 4749 1343 4804 in
1359 4749 1556 4820 possessionem
1568 4751 1665 4804 αὐθααα
1681 4755 1730 4816 est,
1748 4765 1781 4804 ne
1795 4751 1820 4804 ei
1832 4751 1870 4804 vis
1883 4747 1939 4804 fiat.

278 4819 442 4890 providentia
458 4825 567 4890 praetor
582 4819 735 4888 proposuit:
758 4819 860 4876 frustra
882 4819 951 4876 enim
974 4819 1002 4876 in
1018 4837 1082 4888 pos·
1135 4825 1146 4872 t
1181 4819 1273 4872 Poena
1290 4825 1380 4872 autem
1397 4819 1463 4882 eius,
1481 4819 1528 4888 qui
1543 4833 1597 4872 uon
1608 4817 1871 4888 promittitvelsatis
1885 4833 1939 4872 non

279 4889 422 4944 sessionem
443 4891 558 4942 mitteret
574 4887 613 4940 rei
631 4889 774 4942 servandae
793 4903 889 4954 causa,
912 4887 964 4942 nisi
986 4889 1081 4944 missos
1133 4887 1191 4954 dat,
1214 4887 1281 4942 haec
1298 4891 1350 4952 est,
1373 4885 1450 4940 utin
1466 4887 1661 4954 possessionem
1678 4885 1799 4940 mittatur
1815 4885 1938 4940 adversa·

278 4961 397 5010 tueretur
413 4961 440 5010 et
475 4957 627 5010 robibentes
644 4957 733 5008 venire
748 4957 777 5010 in
794 4955 989 5026 possessIonem
1006 4971 1080 5010 soer-
1131 4955 1196 5010 rius.
1222 4955 1277 5010 sive
1292 4969 1353 5022 ergo
1367 4953 1515 5024 promittat,
1532 4953 1587 5008 sire
1604 4969 1653 5022 per
1670 4969 1731 5008 eum
1745 4969 1799 5008 non
1813 4951 1868 5020 fiet,
1886 4969 1938 5020 quo

278 5029 294 5080 2
330 5029 409 5078 cersi.
464 5029 489 5078 st
506 5029 594 5078 autem
611 5023 734 5090 generale
750 5023 802 5078 hoo
820 5023 948 5078 edictum:
967 5023 1083 5092 pertinet
1131 5023 1220 5078 minus
1235 5023 1383 5092 promittat,
1400 5037 1455 5074 non
1471 5021 1572 5076 tenebit
1584 5021 1755 5076 interdictum
1769 5021 1876 5090 repulso
1891 5035 1939 5090 per

279 5091 349 5146 enim
366 5093 402 5146 ad
418 5107 516 5158 omnes,
534 5091 619 5162 quiin
632 5091 828 5158 possessionem
842 5107 858 5146 a
871 5095 994 5162 praetore
1007 5093 1082 5146 missi
1133 5095 1148 5144 2
1184 5089 1365 5158 exceptionem
1387 5105 1420 5144 eo
1442 5089 1488 5158 qui
1511 5089 1653 5158 experitur.
1689 5089 1801 5144 Praetor
1820 5089 1847 5142 in
1870 5103 1937 5154 eum,

279 5167 354 5216 sunt:
381 5161 504 5216 convenit
524 5161 593 5214 enim
614 5161 734 5228 praetori
754 5175 859 5226 omnes,
884 5175 950 5230 quos
973 5159 1030 5230 ipse
1053 5161 1082 5214 in
1133 5159 1179 5226 qui
1195 5167 1281 5228 neque
1298 5159 1368 5212 cavit
1388 5173 1474 5226 neque
1491 5157 1627 5226 possidere
1643 5173 1741 5228 passus
1759 5163 1800 5212 est
1817 5173 1877 5212 eum
1893 5157 1938 5226 qui

279 5229 472 5298 possessionem
494 5229 577 5294 misit,
605 5227 683 5282 tueri.
723 5229 770 5284 sed
798 5229 852 5284 sive
876 5227 915 5284 rei
937 5227 1082 5284 servandae
1133 5227 1229 5284 misem
1245 5231 1299 5296 est,
1322 5225 1449 5282 iudicium
1466 5227 1608 5296 pollicetur
1625 5227 1652 5280 in
1669 5231 1788 5290 tantum,
1811 5231 1938 5296 quantum

280 5311 361 5352 causa
383 5299 438 5350 sive
458 5297 605 5364 legatorum
628 5299 675 5350 aut
691 5297 789 5350 ventris
806 5295 912 5350 nomine
931 5297 958 5350 in
974 5311 1080 5366 posses·
1130 5301 1270 5364 praestare
1287 5311 1347 5350 eum
1365 5299 1510 5364 oporteret,
1529 5294 1552 5350 si
1569 5295 1602 5350 de
1619 5311 1652 5350 ea
1668 5311 1698 5350 re
1716 5299 1825 5350 cautum
1841 5293 1935 5348 iuerat

280 5363 378 5418 sionem
395 5365 590 5428 mississemus,
608 5365 707 5418 habent
725 5365 1081 5420 exhocedictoinfaotum
1133 5371 1148 5416 3
1184 5363 1236 5418 Sed
1253 5369 1281 5416 st
1297 5379 1331 5418 ex
1347 5363 1400 5418 alia
1418 5365 1569 5418 causabor
1590 5361 1718 5416 iudicium
1738 5365 1890 5432 proposuit,
1915 5363 1938 5416 si

281 5435 295 5486 3
330 5431 468 5498 actionem,
483 5431 537 5488 sive
552 5433 606 5488 doli
617 5433 672 5486 sive
685 5431 762 5486 aliter
773 5431 984 5502 prohibuerints
1006 5431 1081 5488 Ηαθθ
1133 5447 1165 5488 eo
1181 5437 1314 5500 tempore,
1338 5447 1391 5502 quo
1414 5431 1443 5488 in
1464 5431 1659 5500 possessionem
1676 5431 1746 5486 mitti
1762 5431 1936 5498 desiderabat,

280 5599 480 5666 (tlsit1misitF
521 5605 552 5668 (a)
570 5603 691 5656 nooeatF
737 5605 769 5668 (s)
787 5603 906 5656 voluitl'
952 5605 985 5668 [4)
1003 5605 1080 5656 sicea
1131 5603 1668 5672 prohibuitquemvenireinpossessionem²
1682 5605 1935 5672 sedetiamcumquis

281 5671 313 5732 ts)
330 5671 473 5720 atennsr
1042 5737 1043 5740 Ἴ
1108 5673 1475 5744 ἸΡοααθααίοαθριαΙθααθιααθτ.
1511 5677 1554 5740 (lt)
1566 5675 1713 5728 creditorem
1721 5677 1766 5728 ias.
1804 5677 1843 5742 (tt)
1856 5677 1938 5746 ipsos

294 5737 600 5814 ¹tsJEd.-Bos.51,s
659 5739 693 5804 (t)
710 5739 758 5790 erit
766 5759 812 5790 sor.
875 5743 909 5806 (s)
926 5739 1080 5792 sivedomini
1131 5743 1177 5806 (12)
1194 5743 1371 5796 mittaturedd.

281 5819 330 5856 uve
340 5805 384 5856 alii
391 5803 565 5872 prohibuerint
572 5827 619 5860 scr.
667 5809 699 5870 (st
718 5811 875 5860 uenientum
884 5811 1014 5860 tenetoum
1024 5809 1080 5872 quis
