4366 6258
254 369 311 416 vnn
330 367 558 418 msrnunmrro
581 369 713 422 arcano
1041 343 1106 424 473
1469 371 1470 374 ’
1673 345 1817 418 XXXIII
1839 349 1904 418 td

254 539 392 596 manuarias
416 535 520 604 quidem
542 537 744 606 suppellectilis,
767 541 938 594 iumentarias
961 543 1050 594 autem
1100 539 1156 606 peti
1174 541 1300 612 coeperit,
1318 547 1348 592 nt
1365 543 1491 612 quidquid
1499 559 1530 598 eo
1548 547 1666 610 tempore
1677 535 1844 590 instrumenti
1861 535 1905 590 de·

254 607 408 664 instrumenti
429 619 488 658 esse
505 603 598 658 Ofilius
621 607 667 658 ait.
706 605 797 660 Labeo
822 607 965 662 Cascellius
984 607 1050 660 Tre·
1100 605 1287 684 prehendatur,
1304 607 1428 672 legatario
1446 609 1587 678 proficiat?
1610 601 1796 682 responditea
1812 603 1906 672 quibus
1927 625 1928 628 ¹

254 675 332 732 botius
349 679 454 726 neutras
472 673 673 742 suppellectilis,
698 673 744 728 sed
766 677 856 744 potius
882 673 1050 730 instrumenti
1100 679 1247 728 matruetus
1265 673 1300 728 sit
1315 673 1413 730 fundus
1430 677 1575 744 secundum
1586 677 1665 732 rerba
1676 673 1757 742 legun
1769 685 1837 740 qnae
1854 671 1908 724 sint

254 749 338 818 putant
356 757 420 806 esse,
437 739 509 808 quod
526 757 615 796 rerum
632 747 706 810 puto.
814 773 816 778 ι
1099 741 1127 796 in
1145 741 1237 796 eadem
1256 757 1349 808 causa,
1373 757 1433 796 cum
1451 745 1505 800 dies
1522 745 1602 814 legati
1625 743 1714 808 cedat,
1732 739 1906 796 instrumento

283 809 485 868 arsenarum
518 809 585 862 libro
617 813 695 864 secuto
727 809 891 880 clipeatorum
936 809 1050 866 Praedia
1100 809 1238 864 contIneri.

254 877 372 938 maritima
395 891 454 930 cum
477 877 559 930 serrIs
586 877 631 944 qui
654 877 692 930 ibi
714 883 792 932 erunt
813 883 840 932 ει
863 879 935 932 omni
950 879 1049 932 instru-
1134 873 1174 934 29
1192 877 1293 930 Lasso
1314 877 1381 930 libro
1401 877 1493 946 primo
1516 881 1647 932 πιθανῶν
1682 879 1711 934 si
1731 891 1825 934 navem
1847 891 1908 930 cum

254 953 330 1006 mento
348 951 374 1000 et
390 943 521 998 fructibus
533 943 578 1012 qui
594 943 631 998 ibi
641 951 720 998 erunt
737 951 763 1000 et
774 944 882 1012 reliquis
896 947 1050 1000 colonorum
1099 943 1274 998 instrumento
1293 943 1386 1008 emisti,
1403 945 1533 1012 praestari
1550 947 1599 1016 tihi
1616 945 1696 1002 debet
1708 947 1809 1018 scapha
1825 945 1905 1000 navis.

255 1015 364 1072 nutritori
380 1029 427 1066 suo
445 1013 548 1080 legarit.
584 1013 732 1080 quaesitum
749 1019 803 1076 est,
827 1027 863 1066 an
879 1013 948 1066 serri
964 1013 1050 1082 pisca-
1102 1011 1230 1066 Pronus:
1245 1011 1324 1066 immo
1343 1015 1444 1066 contra.
1480 1011 1576 1066 etenim
1594 1015 1693 1082 scapha
1710 1015 1784 1072 naris
1798 1017 1909 1070 nonest

254 1095 323 1148 tures,
341 1081 384 1150 qui
396 1081 518 1136 solebant
531 1081 558 1132 in
571 1081 716 1136 ministerio
728 1081 864 1134 testatoris
878 1093 936 1132 esse
949 1087 977 1134 et
990 1081 1050 1134 ubi·
1101 1081 1305 1134 instrumentum
1322 1081 1409 1134 navis:
1427 1079 1523 1132 etenim
1540 1079 1730 1150 mediocritate,
1748 1101 1802 1138 non
1814 1099 1909 1154 genere

254 1165 354 1220 cumque
365 1165 423 1204 eum
440 1147 515 1216 sequi
527 1153 552 1204 et
569 1149 683 1204 ιιιιίείι1
698 1147 847 1204 rationibus
862 1147 1050 1216 expungeban-
1101 1149 1137 1204 ab
1154 1147 1299 1214 ecditiam,
1322 1149 1524 1202 instrumentum
1547 1153 1635 1200 autem
1658 1153 1785 1222 cuiusque
1808 1153 1846 1206 rei
1862 1167 1908 1208 ne-

254 1231 291 1276 tur
305 1235 351 1274 nec
367 1217 459 1270 mortis
476 1217 611 1270 testatoris
632 1223 750 1284 tempore
772 1217 801 1270 in
823 1215 939 1284 praediis
956 1217 1050 1284 legatis
1100 1231 1176 1272 cesse
1200 1223 1242 1270 est
1266 1215 1374 1270 alterius
1400 1215 1503 1284 generis
1529 1229 1587 1270 esse
1612 1221 1692 1286 atque
1716 1235 1749 1274 ca
1774 1237 1910 1292 quaequae

254 1287 395 1360 deprehensi
412 1285 543 1352 fuerant2,
560 1285 639 1354 legati
657 1301 715 1340 esse
730 1285 878 1338 rideantur.
914 1285 1051 1354 respondit
1100 1285 1148 1342 sita
1166 1285 1238 1356 qnod
1247 1285 1392 1354 Pomponio
1407 1285 1476 1340 libro
1492 1283 1602 1354 septimo
1618 1285 1790 1354 epistularum
1801 1291 1908 1360 placuit.

254 1355 386 1414 secundnm
402 1369 434 1408 ea
452 1369 520 1436 quae
542 1359 754 1422 proponerentur
777 1369 832 1408 non
855 1369 913 1408 esse
938 1353 1049 1420 legatos.
1143 1371 1146 1376 ·

256 1435 264 1480 t
295 1423 379 1478 Adiini
395 1437 443 1476 suo
461 1429 501 1478 lta
516 1423 624 1492 legavit:
644 1423 764 1476 ‘fundum
782 1421 968 1476 Cornelianum
978 1421 1049 1474 Titio

255 1495 294 1546 ‘ita
308 1495 337 1544 ut
353 1497 392 1546 est
408 1491 553 1546 Instructus
571 1507 631 1546 cum
649 1489 770 1544 omnibus
793 1489 873 1544 rebus
898 1495 925 1544 et
947 1489 1049 1542 manci·
1451 1491 1558 1552 V111¹⁵‚

254 1561 303 1684 His
319 1565 344 1612 et
359 1559 465 1629 reliquis
483 1559 637 1614 colonorum
650 1557 708 1612 dari
719 1557 796 1612 rolc'.
828 1559 911 1612 3Ιιιιειι
926 1557 1050 1612 testatrix
1319 1593 1365 1644 DE
1384 1591 1531 1644 PEOULIO
1549 1591 1684 1642 LEGATO

274 1643 342 1682 omae
357 1627 409 1680 litis
427 1643 509 1682 causa
527 1643 558 1682 err
575 1627 669 1680 Afrum
685 1627 792 1682 ueniens
814 1627 945 1696 mancipia
968 1641 1049 1696 quae·
1686 1629 1692 1642 ·

254 1699 304 1750 dam
320 1711 352 1750 ex
367 1695 450 1750 fundo
468 1695 681 1764 suprascripto,
699 1711 751 1762 quo
770 1695 849 1750 citius
873 1711 921 1762 per
937 1695 1050 1750 hiemem
1136 1693 1150 1750 l
1172 1693 1292 1750 Pronus
1306 1693 1373 1750 libro
1391 1697 1488 1762 quarto
1506 1693 1543 1748 od
1559 1693 1689 1748 Sabinum
1724 1691 1805 1748 Servo
1822 1693 1910 1762 legato

254 1779 347 1834 operam
364 1763 501 1834 elegeretl,
520 1779 609 1816 secum
626 1761 752 1816 abduxit:
780 1763 929 1830 quaesitum
947 1769 996 1828 est,
1014 1777 1050 1816 an
1101 1779 1162 1816 cum
1178 1763 1282 1830 peculio
1301 1767 1328 1816 et
1339 1761 1453 1816 alienato
1465 1761 1506 1816 rel
1523 1761 1685 1816 manumisso
1699 1759 1740 1814 rel
1751 1765 1855 1816 mortuo
1873 1765 1911 1816 le·

254 1847 279 1886 ea
293 1831 419 1898 mancipia
435 1831 638 1884 fideicommissa
656 1831 766 1896 cedant,
791 1847 851 1884 oum
869 1831 999 1900 quaedam
1017 1845 1050 1882 ex
1099 1835 1191 1898 gatum
1208 1831 1288 1884 etiam
1304 1829 1402 1900 pecchi
1419 1829 1601 1898 exstinguitur.

254 1899 288 1954 bis
302 1899 404 1952 rusticis
422 1897 517 1954 officiis
535 1897 569 1952 ad
585 1903 690 1966 tempus
701 1899 921 1968 peregrinationis
933 1897 1050 1952 abducta
1135 1893 1154 1954 2
1175 1897 1266 1954 Gerus
1287 1899 1354 1954 libro
1372 1903 1464 1954 octauo
1488 1897 1590 1954 decimo
1615 1895 1652 1950 ad
1673 1895 1787 1950 edictum
1799 1897 1912 1966 prouin-

254 1971 305 2020 suot
320 1965 414 2020 relictis
438 1967 634 2020 conservabus⁵
657 1973 684 2020 et
706 1967 768 2020 filiis
791 1967 847 2020 suis
875 1973 901 2020 et
919 1949 1069 2034 quaedaml
1101 1967 1170 2020 ciale
1202 1965 1272 2020 Nam
1297 1981 1365 2036 quae
1388 1965 1570 2020 accessionum
1592 1965 1681 2020 locum
1707 1963 1842 2033 optinent,
1865 1977 1911 2018 ex·

253 2035 366 2086 matribus
384 2039 411 2086 et
426 2035 555 2104 patribus.
592 2035 729 2102 respondit
746 2035 887 2104 mancipia,
906 2033 1048 2102 dequibus
1100 2033 1279 2102 stinguuntur,
1298 2051 1358 2088 curn
1373 2035 1534 2104 principales
1551 2049 1594 2088 res
1612 2037 1764 2102 peremptae
1780 2031 1887 2086 fuerint.

253 2107 420 2170 quaereretur,
447 2101 592 2156 secundum
622 2119 655 2156 ea
680 2119 748 2170 quae
776 2107 990 2170 proponerentur
1016 2117 1049 2154 ex
1136 2097 1293 2160 3PAUtus
1307 2101 1373 2158 libro
1391 2109 1489 2172 quarto
1506 2101 1544 2156 ad
1559 2101 1689 2158 Sabinum
1722 2101 1760 2154 At
1777 2101 1799 2154 si
1816 2101 1914 2154 ancilla

254 2173 265 2222 2
295 2185 371 2222 causa
395 2169 589 2224 fideicommissi
613 2169 709 2224 deberi.
759 2169 833 2224 idem
859 2169 985 2238 quaesiit,
1013 2185 1049 2222 an
1101 2185 1163 2224 cum
1181 2171 1236 2224 suis
1253 2169 1325 2224 natis
1341 2169 1428 2238 legata
1446 2171 1488 2236 sit,
1505 2169 1585 2224 etiam
1602 2173 1707 2224 mortua
1730 2183 1762 2222 ea
1784 2169 1827 2222 rel
1847 2167 1912 2224 alie·

252 2237 342 2290 fractus
359 2237 475 2290 eiusdem
492 2239 576 2302 fundi,
596 2239 641 2308 qui
658 2239 695 2290 ibi
711 2239 738 2290 in
763 2239 831 2290 diem
854 2239 946 2292 mortIs
965 2239 1050 2290 coacti
1100 2240 1166 2290 nata
1182 2239 1224 2292 rel
1240 2239 1402 2292 manumissa
1426 2239 1484 2292 nati
1500 2237 1536 2290 ad
1556 2237 1713 2306 legatarium
1733 2235 1912 2304 pertinebunt,

252 2305 389 2370 manserInt,
406 2305 609 2360 fideicommissa
628 2305 732 2370 cedant,
751 2323 812 2360 cum
825 2307 978 2374 plenissima
995 2311 1048 2360 tes·
1100 2305 1164 2376 quia
1181 2305 1233 2360 duo
1250 2304 1339 2374 legata
1357 2311 1419 2360 sunt
1436 2311 1568 2374 separata.

253 2373 333 2428 tatoris
350 2389 412 2442 erga
428 2373 543 2428 adfinem
559 2375 681 2428 voluntas
698 2375 732 2428 ab
752 2389 782 2428 eo
801 2389 907 2442 qnoque
923 2373 1048 2428 manifes·
1135 2371 1155 2430 4
1175 2375 1350 2430 Garussit'bro
1372 2379 1465 2430 octono
1484 2373 1584 2428 decimo
1609 2373 1647 2428 ud
1667 2373 1781 2428 adiutum
1799 2373 1913 2446 pronia-

252 2445 319 2504 tetnr,
343 2443 413 2508 quo6
428 2441 531 2510 reliqua
554 2443 710 2494 colonorum
734 2443 850 2496 eiusdem
874 2443 1049 2510 possessmnis
1100 2443 1169 2498 ciale
1203 2441 1255 2496 Sed
1273 2441 1340 2496 etsi
1357 2457 1417 2496 cnm
1433 2443 1538 2496 ricariIs
1557 2443 1612 2496 suis
1634 2443 1736 2512 legatus
1760 2443 1795 2496 sit
1813 2457 1913 2506 serrus,

252 2509 350 2586 adeum
370 2509 503 2576 pertinere
527 2509 645 2588 voluerit.
687 2509 825 2578 respondit
848 2509 876 2562 in
898 2509 1050 2566 huiusmodi
1101 2511 1180 2564 durat
1196 2509 1355 2590 vicariorum
1372 2509 1488 2578 legatum
1505 2515 1532 2566 et
1547 2515 1653 2566 mortuo
1678 2525 1709 2564 eo
1733 2515 1781 2564 aut
1797 2509 1913 2564 alienato

252 2575 1050 2724 22ξὲἑὲζᾶἓῗιερεὲι21ξὲΡὲἒιῗιῗιῗιξοιῧᾶῗοέιηεωᾳῗιξᾶῗιῗέἒιὲξέιιῗέ
1101 2583 1154 2702 &ub
1166 2593 1371 2700 12221222122ιέ222ινο
1386 2651 1483 2716 quarto
1499 2645 1677 2702 adSuht'uum
1701 2645 1811 2700 Peculio
1825 2623 1914 2716 legato

253 2715 264 2764 3
293 2709 486 2788 danunolursse.
528 2713 652 2776 L1berto,
676 2729 754 2782 quem
776 2713 900 2768 heredem
923 2713 951 2766 in
992 2721 1049 2768 arte
1102 2719 1209 2768 constat
1233 2713 1357 2768 heredem
1383 2713 1490 2768 nomina
1511 2713 1659 2784 peculiaria
1680 2713 1804 2782 persequi
1826 2729 1912 2782 posse,

254 2779 396 2846 rescnpsrtl,
421 2779 534 2832 fundum
550 2795 599 2846 per
615 2781 831 2848 praeceptionem
848 2779 921 2834 dedit
937 2779 965 2832 in
1019 2797 1050 2836 eo
1102 2785 1128 2836 et
1145 2781 1254 2848 insuper
1269 2781 1356 2850 ipsum
1366 2783 1387 2814 ¹⁶
1405 2781 1428 2836 si
1445 2781 1508 2850 quid
1525 2783 1621 2836 debeat
1644 2797 1729 2848 serre,
1746 2781 1858 2836 reddere
1875 2783 1913 2836 le·

254 2845 332 2898 rerba:
359 2845 504 2914 ‘Pamphile
522 2847 629 2912 liberte,
653 2847 798 2916 praecipito
829 2847 930 2916 tibique
951 2849 1049 2902 habeto
1100 2849 1203 2916 gatario
1223 2849 1327 2902 debere.

254 2911 357 2966 turdum
379 2929 466 2968 meum
491 2913 626 2968 Titianum
644 2921 670 2968 et
693 2917 808 2984 agelium
830 2915 1050 2984 Sempronianum
1136 2911 1154 2972 6
1177 2917 1197 2950 ¹⁷
1208 2915 1354 2970 Uarianos
1376 2917 1444 2972 libro
1468 2917 1590 2972 uicesimo
1614 2917 1707 2986 quatrio
1730 2917 1768 2970 ud
1784 2915 1914 2972 Sabinum

255 2985 309 3034 bum
324 2979 496 3034 instrumento
515 2987 542 3034 et
558 2981 614 3048 his,
641 2997 710 3052 quae
731 2983 760 3036 in
783 2983 876 3036 eodem
894 2989 972 3036 erunt
989 2999 1050 3036 cum
1101 2983 1129 3038 si
1146 2983 1280 3052 peculium
1297 2984 1398 3052 legetur
1416 2989 1442 3036 et
1460 2983 1494 3038 sit
1509 2983 1538 3036 in
1561 2983 1731 3052 corporibus,
1754 2989 1822 3052 puta
1837 2983 1914 3040 fundi

254 3047 351 3112 inuriar,
373 3047 540 3118 familiaque,
564 3065 632 3118 quae
656 3049 684 3102 in
702 3067 732 3104 eo
750 3049 834 3104 fundo
852 3055 980 3114 moratur,
1005 3067 1050 3104 ex·
1100 3051 1142 3104 rel
1160 3051 1254 3114 aedes,
1277 3051 1301 3104 si
1323 3051 1427 3120 quidem
1450 3051 1515 3104 nihil
1532 3051 1580 3114 sit,
1604 3051 1676 3120 qnod
1699 3067 1790 3106 servus
1807 3051 1913 3104 domino

251 3115 331 3184 ‘ceptis
348 3131 413 3184 quos
425 3115 619 3170 manumisero'.
656 3117 806 3184 quaesitum
824 3123 873 3180 est,
892 3133 952 3170 cum
967 3123 1049 3170 testa·
1100 3119 1142 3170 vel
1160 3117 1293 3172 conserrIs
1310 3117 1432 3172 liberiore
1445 3117 1544 3170 domini
1562 3117 1665 3182 debeat,
1682 3117 1790 3190 integra
1801 3132 1914 3186 corpora

251 3189 285 3236 tor
299 3183 326 3238 in
348 3199 377 3236 eo
400 3183 483 3236 fundo
507 3183 672 3250 aliquantum
696 3185 750 3238 vini
772 3185 801 3236 in
818 3183 895 3238 doliis
917 3185 1050 3248 habuerit,
1100 3183 1320 3238 vindicabuntur:
1349 3185 1390 3238 sin
1412 3199 1473 3238 vero
1492 3185 1535 3250 sit,
1553 3183 1625 3254 quod
1643 3185 1748 3238 domino
1773 3185 1815 3238 rel
1832 3199 1912 3254 supra

251 3251 397 3320 quadrivus
415 3257 501 3304 totana
518 3251 673 3328 vendiderat
690 3257 717 3330 et
732 3257 837 3330 partem
849 3251 955 3304 tertiam
971 3251 1051 3320 pretii
1101 3251 1207 3320 scriptis
1224 3251 1345 3318 personis
1368 3251 1509 3330 debeatur,
1534 3251 1650 3330 deminui
1671 3251 1776 3318 singula
1802 3267 1915 3320 corpora

251 3325 508 3442 stitittttttt
519 3319 1050 3454 .d..ttt¹tunt.t⁰1.¹t.i⁶ttttmt
1102 3325 1230 3438 2222
1248 3317 1913 3454 tttittmtttdillitttdttatt

252 3457 324 3508 verbis
350 3469 417 3522 quae
444 3459 656 3522 proponerentur
674 3453 818 3518 contineri,
845 3453 896 3506 nisi
912 3451 1051 3508 manifeste
1100 3453 1273 3518 sereniano,
1297 3451 1452 3520 verentium,
1475 3469 1509 3506 ne
1525 3453 1619 3506 Inutile
1641 3453 1756 3520 legatum
1779 3455 1827 3520 sit,
1851 3455 1914 3522 quia

251 3521 1050 3656 instabilitatiestitit.tradididit
1100 3519 1306 3642 addititii
1322 3521 1827 3656 tattddtitttrd{atti
1847 3527 1915 3642 pili

252 3673 394 3726 responsum
413 3661 453 3710 est
470 3655 502 3710 de
520 3655 633 3710 nummis
652 3671 765 3724 quoque,
792 3661 823 3708 ut
840 3671 923 3724 supra
939 3669 1050 3722 respon·
1101 3655 1167 3706 nihil
1184 3655 1209 3710 ei
1227 3655 1345 3708 adicere:
1370 3671 1420 3708 nec
1437 3655 1507 3708 anim
1524 3661 1614 3722 potest
1631 3671 1749 3710 crescere
1772 3629 1913 3710 rindlcatio

251 3731 264 3778 t
291 3741 353 3780 sum.
396 3725 438 3776 Ita
463 3723 579 3790 legatum
605 3727 659 3778 est:
693 3721 834 3790 ‘Septiciae
866 3721 951 3776 sorori
976 3737 1050 3776 meae
1101 3721 1199 3788 peculii
1216 3737 1264 3790 per
1281 3721 1351 3774 hanc
1369 3721 1551 3776 adiectionem.
1586 3721 1666 3790 plane
1683 3721 1707 3776 si
1723 3739 1857 3790 proponas
1875 3723 1913 3778 le-

251 3791 322 3846 ‘fnndi
338 3791 441 3860 paterni
458 3791 509 3844 mei
527 3789 616 3844 Seiani
633 3795 736 3858 partem
752 3789 811 3844 dari
827 3787 887 3844 volo
903 3789 942 3842 sic
959 3793 1049 3854 otest,
1100 3789 1231 3856 gatarium
1249 3793 1358 3842 nactum
1370 3789 1565 3856 possessionem
1576 3805 1674 3854 rerum,
1692 3789 1848 3858 exceptione
1860 3789 1914 3844 doli

251 3865 280 3916 ‘et
301 3861 408 3914 alteram
433 3865 536 3926 partem
558 3859 610 3922 ita,
636 3863 666 3910 nt
692 3857 720 3910 in
742 3859 810 3910 diem
832 3857 925 3910 mortis
946 3855 1050 3910 fuerit':
1101 3855 1227 3910 adversus
1245 3855 1369 3910 heredem
1385 3855 1563 3910 vindicantem
1581 3855 1733 3924 ntipotest:
1751 3857 1914 3912 habetenim

251 3929 384 3996 quaesitum
402 3931 450 3990 est,
470 3943 504 3980 an
523 3943 555 3980 ex
572 3925 659 3980 verbis
684 3941 767 3994 supra
790 3923 897 4004 scriptis
920 3925 1050 3994 aggeresl
1099 3923 1128 3976 ln
1145 3925 1237 3976 solidis
1248 3925 1328 3978 rebus
1339 3923 1502 3978 voluntatem
1512 3925 1581 3978 aeris
1592 3923 1673 3978 alieni
1684 3939 1739 3978 non
1757 3923 1912 3980 deducendi.

251 4005 273 4048 et
292 3997 378 4076 praela
407 3997 459 4048 iam
484 3995 573 4062 posita
597 3999 759 4062 parataque,
792 3997 823 4046 ut
848 3993 1049 4046 rmmittantur‘i'
1101 3991 1148 4044 sed
1159 3997 1186 4044 et
1195 3993 1217 4046 si
1226 3991 1348 4044 dominus
1356 3991 1525 4070 remitterese
1534 4007 1611 4046 servo
1627 3991 1698 4060 quod
1708 3991 1785 4046 debet
1797 3993 1839 4046 rel
1847 3991 1914 4046 nihil

250 4063 369 4126 aedificio,
410 4063 473 4116 item
503 4063 707 4116 lustramentum
741 4063 875 4114 urbanum
910 4065 936 4114 et
968 4061 1050 4114 rusti·
1100 4059 1151 4114 sihi
1169 4075 1273 4114 serrum
1291 4057 1386 4114 debere
1403 4057 1596 4126 significaverit,
1619 4059 1689 4114 valet
1705 4059 1773 4114 haec
1791 4059 1913 4124 adiectio,

250 4147 302 4186 oum
317 4147 375 4186 cum
392 4129 543 4198 mancipiis,
569 4129 733 4198 quaeiundi
751 4143 833 4182 cansa
850 4135 935 4192 erant,
959 4125 995 4180 ad
1012 4129 1049 4180 le·
1100 4127 1164 4194 quia
1186 4127 1258 4180 nuda
1275 4125 1413 4182 voluntate
1434 4131 1524 4206 potest
1547 4127 1668 4180 dominus
1686 4141 1762 4180 servo
1779 4127 1914 4180 remittere

249 4201 351 4266 gatarios
371 4199 529 4266 pertiueant.
563 4195 714 4264 respondit:
737 4201 828 4264 potest
838 4197 858 4228 ¹⁰
880 4195 947 4248 haec
969 4195 1050 4248 rerba
1101 4201 1115 4246 2
1151 4193 1222 4264 quod
1240 4195 1264 4246 ei
1288 4193 1374 4272 debet.
1414 4193 1522 4246 Vucario
1545 4199 1636 4248 autem
1657 4209 1716 4248 meo
1739 4195 1805 4246 mihi
1826 4195 1913 4264 legato

251 4273 261 4318 t
291 4267 334 4320 ‘sic
350 4273 380 4320 ut
398 4267 444 4320 est’
463 4265 497 4318 ad
515 4265 672 4318 instructum
690 4263 792 4318 referri.
827 4261 938 4318 Fundos
952 4261 1051 4330 legarit
1100 4277 1134 4316 an
1152 4267 1179 4316 et
1196 4261 1290 4316 ricerii
1305 4277 1356 4316 mer
1365 4261 1498 4330 peculium
1511 4259 1545 4314 ad
1556 4277 1599 4316 me
1610 4261 1749 4342 pertineat,
1768 4263 1912 4330 quaeritur.

249 4335 352 4390 inhaeo
372 4335 467 4388 verba:
493 4333 657 4402 ‘Sempronio
680 4331 755 4386 fratri
776 4347 834 4386 meo
858 4333 910 4384 hoc
935 4347 978 4384 am
997 4331 1048 4384 hus
1100 4335 1127 4384 et
1142 4335 1269 4400 putamus
1288 4327 1419 4384 contineri
1434 4329 1521 4398 iegato
1532 4329 1625 4384 ricarir
1636 4331 1691 4384 elus
1702 4331 1844 4400 peculium,
1862 4327 1914 4382 nisi

250 4403 342 4458 ‘fundos
358 4417 430 4456 meos
447 4401 494 4466 ita,
512 4405 543 4454 ut
558 4401 684 4454 instructi
700 4405 771 4466 sunt,
789 4399 945 4454 Cassianum
965 4349 1049 4454 iloni-
1100 4403 1114 4452 3
1151 4397 1262 4452 adversa
1280 4397 1314 4450 sit
1334 4399 1458 4452 noluntas
1481 4399 1625 4452 testatoris.
1661 4397 1689 4452 Si
1712 4413 1804 4452 servus
1827 4403 1854 4450 et
1875 4395 1913 4450 ri-

250 4473 326 4522 ‘annm
344 4485 403 4524 cum
416 4469 471 4522 suis
485 4469 585 4522 salictis
600 4473 627 4522 et
641 4467 729 4522 silvis’.
758 4465 909 4536 quaesitum
926 4471 974 4534 est,
989 4483 1050 4522 cum
1100 4465 1187 4520 carius
1199 4465 1254 4520 eius
1266 4465 1343 4520 liberi
1359 4481 1418 4520 esse
1433 4465 1501 4520 iussi
1517 4465 1571 4520 sint
1588 4465 1676 4534 eisque
1692 4465 1798 4534 pecuda
1808 4477 1859 4518 sua
1875 4463 1913 4516 le·
1960 4531 1961 4534 Ἴ

250 4539 318 4592 siluae
335 4543 360 4592 et
377 4537 470 4592 salicta
482 4553 537 4590 non
550 4537 579 4590 in
595 4535 686 4588 fundis
698 4553 780 4606 supra
797 4535 904 4604 scriptis
914 4537 944 4600 ¹¹,
962 4535 1049 4590 sedin
1098 4537 1161 4602 gata
1178 4533 1240 4600 sint,
1263 4533 1345 4588 rerba
1362 4533 1509 4588 secundum
1524 4533 1688 4588 voluntatem
1710 4531 1848 4588 testatorIs
1866 4545 1911 4582 en-

249 4605 346 4660 adiectis
362 4606 452 4672 agellis
470 4609 497 4658 et
515 4621 582 4674 quos
599 4603 677 4658 simul
693 4609 807 4660 testator
824 4607 988 4674 compararit
999 4619 1049 4660 nec
1099 4601 1239 4666 audienda,
1262 4607 1399 4672 tamquam
1416 4601 1449 4656 de
1467 4603 1572 4658 duobus
1595 4603 1779 4672 separatisque
1801 4597 1912 4678 perutile

248 4675 351 4728 amenis
367 4675 444 4728 fundi
461 4673 512 4728 coli
529 4673 640 4742 possint,
658 4687 694 4726 an
710 4675 797 4742 legato
822 4671 956 4728 oederent.
991 4687 1048 4728 res·
1098 4675 1227 4726 testatore
1244 4671 1349 4726 locuto:
1376 4677 1403 4726 et
1426 4671 1572 4726 secundum
1592 4669 1660 4726 haec
1681 4667 1798 4748 vicarius
1821 4669 1914 4748 vicarii

248 4741 330 4806 pordit
352 4741 380 4796 id
401 4747 506 4796 tanturn
532 4741 625 4796 cedere
642 4741 744 4810 legato,
766 4741 839 4810 quod
863 4741 950 4796 verbis
975 4757 1047 4796 com·
1098 4755 1153 4794 non
1172 4739 1422 4806 communicabitur,
1446 4739 1497 4794 nisi
1520 4741 1587 4792 haec
1610 4753 1683 4792 mens
1706 4735 1759 4788 iuni
1780 4737 1912 4792 testantrs.

248 4809 425 4874 prehendisset.
1099 4813 1115 4862 4
1149 4807 1224 4862 Sicut
1241 4813 1331 4862 autem
1349 4823 1394 4864 aes
1412 4807 1540 4872 ebenum,
1564 4807 1617 4860 hoo
1640 4801 1776 4872 estquod
1801 4801 1914 4858 debetur

277 4873 311 4954 28
331 4877 537 4930 ¹2Smnr0m¹³
560 4877 628 4932 libro
647 4877 768 4954 oa'cesa'rno
787 4877 866 4930 tertio
884 4875 1048 4948 dipestornm
1100 4875 1214 4942 domino,
1233 4877 1328 4930 minuit
1344 4877 1368 4930 le
1386 4881 1460 4932 atum
1476 4875 1617 4946 peculium,
1635 4873 1673 4926 ita
1690 4873 1914 4954 percontrarium

248 4939 335 4996 humus
354 4945 438 4998 Titius
456 4945 576 5008 fundum,
594 4943 636 4996 uti
652 4949 710 4998 erat
726 4947 884 5008 mstructus,
905 4945 1047 5012 legaverat.
1097 4945 1126 4998 id
1144 4945 1215 5014 quod
1233 4945 1355 5000 dominus
1369 4893 1453 5002 beben
1471 4959 1544 4998 servo
1557 4957 1655 5008 augere
1672 4939 1760 4996 debet.
1790 4941 1838 4998 sed
1849 4943 1913 4996 hmo

248 5011 382 5074 quaesitum
400 5017 447 5078 est,
465 5011 564 5066 fundus
582 5013 728 5066 instructus
746 5011 969 5080 quemadmodum
990 5013 1049 5068 dari
1098 5013 1247 5068 sententiae
1269 5015 1426 5068 adversatur
1448 5011 1605 5080 rescriptum
1634 5009 1802 5078 imperatoris
1827 5011 1914 5066 nostri

248 5075 340 5142 debeat,
357 5085 447 5134 utrum
463 5079 502 5132 sic
519 5085 550 5132 ιιι
567 5079 714 5134 instructus
732 5077 784 5132 init
800 5079 893 5132 mortis
905 5081 989 5148 patris
1006 5079 1048 5134 fa·
1099 5087 1126 5134 et
1142 5083 1227 5150 patris
1245 5083 1310 5146 eins,
1328 5083 1400 5152 quod
1416 5083 1455 5134 ita
1472 5083 1525 5134 est:
1544 5077 1620 5132 ‘dum
1637 5077 1770 5146 peculium
1780 5095 1856 5134 serso
1874 5081 1912 5134 le·

248 5143 351 5218 oriliae¹⁴
362 5151 415 5200 tem
435 5161 489 5212 ore,
508 5153 614 5216 atquae
631 5149 718 5200 medio
736 5147 984 5216 temporeadgnata
1001 5155 1050 5202 aut
1099 5155 1193 5218 ‘gotum
1211 5167 1266 5206 non
1284 5149 1402 5206 etiamid
1421 5145 1582 5212 conceditur,
1600 5149 1631 5200 ut
1645 5147 1800 5214 petitionem
1813 5149 1914 5202 habeat

247 5223 271 5262 nr
284 5211 414 5268 fundum'
437 5221 481 5268 ata
499 5221 562 5268 sunt
578 5215 683 5270 heredis
701 5215 772 5270 sint?
798 5233 834 5270 an
851 5231 913 5270 reru
931 5215 1048 5272 instruc·
1100 5223 1106 5248 ‘
1127 5219 1251 5284 seuniae,
1296 5225 1359 5272 uam
1381 5233 1410 5270 se
1431 5215 1461 5268 in
1481 5213 1612 5270 rationem
1636 5215 1737 5272 domini
1752 5215 1913 5288 impendisse

248 5281 283 5332 tus
303 5279 399 5336 fundum
422 5299 452 5338 eo
474 5289 594 5352 tempore
615 5283 711 5354 inspici
734 5285 845 5350 debeat,
872 5301 924 5354 quo
946 5283 1050 5340 iactum
1100 5235 1190 5344 diuiti
1226 5235 1296 5356 quiall
1305 5289 1395 5338 tannen
1412 5285 1435 5338 si
1452 5283 1520 5362 haec
1536 5283 1659 5342 voluntas
1682 5285 1734 5342 init
1757 5287 1913 5342 testatoris?

248 5351 495 5406 sternumentum?
518 5367 552 5404 an
575 5367 636 5406 vero
659 5367 692 5408 eo
715 5357 850 5424 tempore,
878 5369 930 5424 quo
947 5353 1047 5410 fumdus
1099 5373 1146 5412 cur
1163 5371 1218 5410 non
1235 5353 1320 5424 possit
1337 5353 1480 5422 couseqm?
1498 5357 1570 5408 certe
1587 5355 1754 5426 compensari
1765 5355 1843 5410 debet
1859 5357 1913 5410 hoc

247 5515 273 5578 (1)
287 5519 489 5596 scquitnrrioisF
521 5523 672 5584 (ttineritF
702 5527 733 5586 is]
752 5527 863 5590 pontias.
898 5527 930 5588 (t)
948 5541 1048 5590 operam
1132 5527 1177 5590 (15)
1196 5527 1257 5576 Sub.
1267 5533 1473 5578 1...ra.1t...1o.1s.
1483 5537 1519 5580 aa.
1529 5539 1569 5590 243
1583 5529 1734 5596 Papisii.
1744 5539 1785 5590 Its
1799 5529 1865 5594 App.
1876 5529 1911 5580 ιι.

247 5579 599 5654 elesmothterperagerctscr.
711 5595 744 5656 tt)
762 5593 983 5644 contubernalibus
1000 5613 1047 5644 arr.
1099 5605 1139 5652 aar
1158 5593 1537 5662 Ed.13.tt.2t.-Bcs.44,11
1614 5595 1911 5662 (nstetinsuperipsnml

247 5649 276 5736 tt]
291 5653 384 5732 quoda
426 5659 459 5718 (ι)
476 5657 605 5722 scripsitS
651 5659 778 5722 (elidius.
833 5663 866 5726 (a)
885 5663 1047 5712 asseresHui.
1098 5659 1607 5766 sedquoditaexegitetinsuperipsescr.
1660 5667 1704 5730 (ιι)
1718 5665 1911 5732 udttcfllnst.

246 5723 489 5782 taqrmmnttenturF
509 5727 552 5788 (no)
562 5741 684 5790 possesor.
710 5729 931 5792 (tristabimini.
959 5731 1045 5794 (natans
1099 5731 1122 5788 2,
1132 5739 1168 5790 no,
1178 5741 1205 5780 ro
1274 5731 1317 5792 ιιι)
1336 5727 1613 5800 tridentanam
1664 5731 1840 5796 ‹saradimff

246 5785 386 5854 hedam
421 5793 717 5858 (ιι)εειιιίε1ι]ιιΙειιιΡ2
752 5801 795 5862 (14)
804 5797 884 5864 patris
893 5797 999 5848 familias
1009 5797 1035 5846 F
1036 5797 1074 5852 2ι

1584 5867 1810 5940 ”ιι“
