4366 6258
260 367 492 418 naciscnnnin
1064 349 1122 422 143
1595 405 1596 408 ,
1846 359 1876 420 X
1899 361 1917 418 2

259 543 314 596 ium
336 555 371 594 ex
392 537 532 592 heredibus
554 537 718 608 stipulatoris
742 543 864 592 acturum
881 553 898 592 a
915 553 967 608 quo
984 537 1065 592 ιιιειιι
1087 547 1089 550 ·
1116 537 1234 592 directo⁶
1250 537 1348 592 indicio
1370 541 1485 596 familiae
1508 537 1693 602 erciscundae,
1716 553 1749 592 ne
1771 537 1799 592 in
1823 539 1918 592 damno

260 613 274 662 ¹1
310 609 429 678 petitum.
465 605 522 660 Usu
536 603 627 660 iructu
650 607 726 660 uxori
748 607 836 676 legato
860 607 945 662 donee
968 605 993 660 ei
1016 605 1064 658 dos
1116 611 1240 660 moretur.
1267 621 1328 658 nam
1345 613 1376 660 ιιι
1391 607 1508 664 familiae
1531 605 1701 662 erciscundae
1721 605 1818 660 iudicio
1841 621 1919 674 egere

259 677 390 740 solvatur,
413 689 462 742 per
484 673 613 728 arbitrum
635 673 750 730 familiae
767 675 941 730 erciscundae
956 679 1012 728 tam
1027 673 1064 736 id,
1115 673 1173 742 quis
1191 673 1283 742 possit,
1301 689 1355 728 non
1371 681 1473 730 tantuin
1489 675 1613 730 heredem
1628 687 1686 728 esse
1699 679 1811 742 oportet,
1829 689 1919 728 verum

259 743 330 814 qnod
349 739 485 798 coheredis
501 741 607 796 nomine
625 757 657 796 cx
673 743 735 798 dote
752 743 869 798 solutum
891 743 940 806 sit,
962 739 1064 810 recipe·
1116 757 1149 796 ex
1166 757 1198 796 ea
1215 757 1297 796 causa
1313 757 1391 810 agere
1408 745 1448 796 vel
1465 745 1611 810 conveniri,
1637 757 1716 812 quarn
1737 741 1819 808 gessit
1835 741 1918 810 quod·

258 811 753 934 {iaetantia{titt
767 809 1065 932 stillicidiali
1116 809 1779 936 tlt..ittet*tttttttdttttdttstt
1802 813 1919 932 itit

479 919 485 932 .
691 921 697 932 .
1053 907 1064 918 '¹
1631 921 1637 934 ι
1910 919 1918 942 r

259 947 314 1000 nati
331 945 384 1000 sint
401 949 516 1000 statuam
533 961 632 1014 ponere
649 953 675 1000 et
689 947 773 1000 altero
789 951 911 998 cessante
925 943 993 998 alter
1007 961 1065 1000 eam
1117 963 1195 1016 qnam
1212 945 1272 1014 quis
1289 947 1368 1000 sciret
1385 961 1414 1000 se
1429 945 1551 1002 heredem
1568 949 1652 1014 assei,
1670 949 1698 1004 in
1711 945 1856 1000 hereditate
1871 945 1918 1000 ali-

258 1015 365 1078 lecciit,
381 1029 435 1066 non
452 1029 510 1068 esse
528 1015 645 1084 iniquum
661 1013 779 1066 Iulianus
797 1013 836 1064 ait
851 1011 968 1066 familiae
985 1013 1064 1066 ercis·
1117 1015 1179 1084 quid
1196 1015 1318 1084 gesserit,
1341 1013 1457 1068 familiae
1479 1013 1650 1070 erciscundae
1671 1015 1768 1070 iudicio
1791 1029 1845 1068 non
1871 1013 1920 1066 erit

258 1081 363 1136 eundae
378 1081 504 1136 iudicium
522 1081 594 1144 dare,
611 1089 642 1134 ut
656 1095 718 1150 pars
733 1079 925 1150 impendiorum
938 1079 1003 1136 boni
1017 1079 1065 1134 viri
1116 1085 1200 1148 locus,
1216 1081 1346 1152 quianon
1360 1081 1446 1136 animo
1462 1081 1566 1136 heredis
1581 1085 1693 1150 gessisse
1701 1083 1811 1138 videtur.
1837 1097 1920 1150 quare

257 1149 390 1204 arbitratu
407 1155 563 1218 praestetur.
1117 1151 1161 1220 qui
1184 1157 1246 1206 ante
1269 1149 1367 1204 aditam
1391 1149 1563 1204 hereditatem
1586 1151 1649 1220 quid
1669 1153 1763 1222 gessit,
1788 1151 1870 1206 veluti
1896 1149 1942 1224 si

291 1215 331 1272 45
350 1215 521 1270 Postremus
536 1217 603 1270 libro
621 1217 698 1270 tertio
713 1215 815 1270 decimo
829 1215 867 1270 ud
879 1215 1011 1272 Sabinum
1037 1215 1065 1268 Si
1115 1225 1270 1272 testatorem
1295 1219 1426 1288 sepelivit,
1456 1217 1572 1270 familiae
1598 1219 1767 1276 erciscundae
1793 1219 1919 1274 indicium

257 1285 321 1352 quid
344 1285 480 1338 contendis
504 1301 537 1338 ex
558 1285 705 1338 hereditate
727 1283 791 1336 milii
813 1289 903 1336 tecum
926 1297 1065 1336 commune
1117 1287 1281 1340 nonhabet:
1305 1287 1352 1340 sed
1374 1285 1397 1340 si
1418 1291 1481 1354 post
1497 1285 1596 1338 aditam
1613 1285 1785 1342 hereditatem
1802 1287 1830 1342 id
1846 1287 1917 1350 iecit,

257 1367 328 1416 esse,
352 1349 424 1432 quod
448 1367 495 1420 ego
519 1369 552 1406 ex
574 1351 627 1406 alia
650 1365 731 1404 causa
748 1365 836 1404 meum
852 1351 989 1420 proprium
1007 1367 1065 1404 esse
1116 1359 1308 1422 consequenter
1332 1353 1449 1408 dicemus
1473 1351 1589 1406 familiae
1619 1353 1791 1410 erciscundae
1822 1355 1917 1408 iudicio

257 1417 332 1482 ιιιεο,
355 1417 383 1472 id
404 1421 433 1474 in
449 1417 564 1474 familiae
581 1417 753 1474 erciscundae
769 1417 897 1472 iudicium
914 1433 968 1474 non
983 1419 1062 1474 venit.
1116 1421 1242 1492 consequi
1260 1437 1318 1476 eum
1335 1437 1415 1490 posse
1431 1427 1564 1490 sumptum
1583 1435 1659 1490 quem
1676 1421 1740 1476 fecit
1756 1423 1784 1476 in
1800 1421 1890 1480 funus.

260 1497 270 1540 1
307 1485 406 1552 Dolus,
425 1501 502 1566 quem
520 1503 610 1542 servus
628 1487 732 1540 lieredis
751 1487 870 1552 admisit,
893 1487 921 1540 in
938 1487 1064 1542 iudicium
1149 1489 1188 1546 50
1207 1489 1286 1544 IDEM
1301 1489 1368 1544 libro
1385 1495 1462 1544 sexto
1481 1489 1636 1560 optationem
1671 1489 1743 1556 Quae
1766 1499 1842 1560 pater
1865 1491 1919 1546 iilic

255 1553 372 1608 familiae
389 1555 559 1608 erciscundae
576 1571 630 1610 non
647 1555 731 1618 venit,
755 1555 806 1608 nisi
830 1555 852 1608 si
870 1555 968 1608 domini
986 1555 1065 1624 culpa
1116 1557 1281 1626 emancipato
1299 1557 1444 1612 studiorum
1462 1573 1545 1612 cansa
1558 1571 1667 1626 peregre
1680 1557 1768 1624 agenti
1781 1559 1919 1614 subminis-

255 1623 284 1674 in
300 1620 353 1676 hcc
371 1627 435 1688 erat,
454 1621 526 1690 quod
542 1639 597 1678 non
613 1623 737 1676 idoneum
755 1639 860 1678 servum
876 1623 915 1676 rei
933 1621 1064 1678 communi
1115 1627 1208 1692 travit,
1232 1627 1254 1680 si
1277 1641 1330 1680 non
1354 1625 1477 1680 credendi
1499 1625 1586 1678 animo
1609 1630 1687 1694 pater
1709 1625 1812 1680 misisse
1840 1627 1920 1682 inerit

256 1689 423 1758 applicuerit.
1116 1693 1317 1762 comprobatus,
1335 1693 1382 1748 sed
1399 1693 1497 1764 pietate
1515 1693 1604 1748 debita
1621 1693 1729 1748 duetus:
1747 1693 1921 1750 irritarem

289 1753 329 1814 46
347 1757 467 1812 Parrus
481 1759 548 1812 libro
566 1759 677 1830 septimo
695 1759 732 1814 ad
749 1759 879 1816 Sabinum
913 1759 942 1812 Si
953 1759 1063 1812 maritus
1115 1763 1259 1832 portionis,
1283 1777 1351 1832 quae
1373 1777 1406 1816 ex
1429 1761 1548 1816 defuncti
1564 1761 1641 1816 bonis
1659 1761 1693 1816 ad
1711 1759 1822 1816 eundem
1839 1763 1921 1818 filium

255 1827 305 1880 sub
324 1825 479 1880 cenfficione
495 1843 512 1880 a
528 1831 605 1896 patre
628 1829 705 1882 heres
727 1827 864 1882 institutus
889 1827 936 1890 sit,
959 1825 1064 1880 interim
1115 1831 1250 1900 pertinuit,
1270 1829 1416 1898 computari
1433 1829 1553 1900 aequitas
1571 1845 1624 1884 non
1641 1831 1750 1898 patitur.

255 1893 345 1946 uxoris
363 1893 396 1948 de
413 1895 475 1948 dote
491 1895 623 1948 actionem
638 1895 761 1966 pendere.
786 1895 867 1966 plane
880 1895 903 1948 si
917 1899 980 1962 post
993 1909 1063 1948 mor·
1149 1897 1187 1954 51
1207 1897 1350 1952 lucianus
1361 1897 1429 1954 libro
1444 1903 1536 1954 octavo
1553 1897 1715 1968 directorum
1739 1897 1857 1962 Fundus,
1877 1897 1921 1966 qui

254 1965 308 2014 tem
326 1963 410 2016 soceri
428 1961 567 2014 divortium
584 1961 686 2016 factum
696 1963 751 2028 sit,
776 1963 895 2032 quamvis
911 1961 1064 2030 ρειιιιειιιε9
1115 1965 1184 2020 dctis
1201 1967 1305 2020 noniine
1322 1981 1414 2020 socero
1432 1965 1545 2020 traditus
1562 1965 1650 2030 fuerit,
1669 1981 1728 2020 cum
1746 1981 1823 2018 socer
1839 1963 1922 2020 lilium

254 2029 411 2084 condicione
423 2029 595 2084 institutionis
605 2029 746 2084 dicendum
756 2037 797 2086 est
804 2029 986 2098 praeceptioni
994 2029 1063 2084 dotis
1116 2047 1149 2086 er
1166 2035 1254 2102 aliqua
1266 2039 1348 2112 parte
1364 2033 1488 2086 heredem
1505 2033 1656 2098 instituerit,
1673 2047 1722 2102 per
1738 2031 1868 2086 arbitrum
1880 2033 1920 2086 la-

253 2095 341 2150 locum
365 2113 437 2162 esse,
462 2097 525 2166 quia
547 2103 651 2152 mortue
674 2103 752 2168 patre
774 2097 906 2166 quaedam
928 2095 996 2152 lilios
1020 2113 1062 2152 se·
1115 2101 1202 2156 miliae
1220 2101 1391 2154 erciscundae
1415 2101 1532 2170 praecipi
1554 2101 1593 2154 ita
1616 2101 1708 2166 debet,
1731 2105 1817 2154 ntea
1841 2115 1922 2154 causa

254 2169 372 2232 quantur
389 2165 468 2218 etiarn
486 2169 628 2234 antequam
645 2163 714 2218 fiant
729 2165 857 2230 heredes,
880 2169 911 2218 ut
927 2165 1062 2218 matrime-
1115 2167 1162 2222 filii
1180 2169 1221 2234 sit,
1240 2167 1267 2222 in
1284 2185 1338 2236 qua
1355 2167 1447 2220 futura
1464 2171 1566 2232 esset⁸,
1585 2169 1607 2222 si
1625 2169 1673 2222 dos
1690 2185 1738 2236 per
1754 2167 1920 2236 praeceptio·

253 2233 334 2296 nium,
353 2237 383 2284 ut
400 2233 484 2298 liberi,
501 2239 533 2286 ut
549 2233 642 2286 tutela.
668 2233 749 2302 igitur
766 2237 793 2286 et
807 2233 896 2286 dotem
909 2233 1064 2302 praecipere
1115 2251 1176 2290 nem
1192 2238 1280 2304 legata
1296 2237 1398 2290 diisset.
1430 2251 1512 2304 quare
1529 2235 1632 2290 fructus
1649 2241 1711 2304 post
1726 2235 1799 2290 litem
1817 2241 1921 2290 contes-

254 2299 332 2352 debet
350 2299 395 2368 qui
413 2315 480 2354 onus
497 2299 657 2354 matrimonii
672 2305 735 2369 post
751 2305 863 2354 mortem
879 2299 965 2368 patris
982 2299 1063 2356 susti·
1115 2309 1199 2358 tatem
1216 2305 1334 2372 percepti
1351 2303 1386 2356 ad
1403 2319 1463 2356 eum
1481 2305 1614 2374 redigendi
1632 2308 1694 2357 sunt
1709 2303 1803 2356 habita
1819 2305 1923 2356 ratione

252 2367 324 2420 nuit:
344 2373 372 2422 et
386 2365 426 2422 ita
442 2365 587 2422 Scaevolae
603 2383 708 2436 quoque
725 2371 816 2422 nestro
834 2367 919 2422 nsum
937 2371 986 2422 est.
1115 2371 1307 2440 impensarumr
1331 2369 1376 2440 qui
1398 2387 1459 2426 vero
1483 2377 1545 2424 ante
1567 2372 1641 2426 litem
1664 2373 1839 2424 contestatam
1862 2385 1922 2450 per-

286 2431 326 2490 47
344 2433 515 2488 Pannonius
530 2435 598 2488 libro
614 2435 756 2490 vicensimo
772 2437 862 2506 pm'mo
880 2435 918 2488 ad
933 2433 1063 2490 Sabinam
1115 2439 1186 2508 cepti
1203 2437 1317 2502 inerint,
1340 2437 1485 2507 aequaliter
1508 2439 1543 2494 ad
1565 2455 1656 2492 omnes
1679 2437 1791 2492 heredes
1807 2443 1922 2506 pertine·

251 2501 283 2554 ln
306 2501 404 2556 iudicio
430 2501 546 2556 familiae
572 2503 745 2556 erciscundae
770 2503 813 2556 vel
838 2503 971 2558 communi
998 2501 1062 2556 divi·
1114 2507 1190 2560 bunt.
1217 2505 1633 2574 etimpensarumratiohaberi
1652 2505 1736 2570 debet,
1754 2505 1923 2574 quianullus

252 2569 342 2624 dando
367 2569 402 2634 si,
427 2569 490 2622 dnm
512 2585 555 2622 res
578 2569 606 2624 in
630 2571 739 2624 arbitrio
765 2569 813 2634 sit,
837 2569 870 2624 de
887 2569 945 2626 iure
961 2569 1064 2640 praedii
1115 2589 1194 2628 casus
1211 2573 1368 2628 intervenire
1385 2577 1488 2642 potest,
1531 2575 1558 2626 ui
1580 2575 1633 2628 lice
1656 2589 1738 2640 genus
1756 2573 1923 2626 deductionis

252 2637 433 2692 controversia
450 2637 492 2700 sit,
509 2637 599 2706 placet
616 2653 705 2692 omnes
724 2653 778 2704 eos,
796 2637 866 2692 inter
881 2653 948 2706 quos
963 2637 1064 2692 arbiter
1117 2647 1128 2694 1
1165 2641 1300 2710 impediat.
1335 2641 1364 2694 Si
1382 2657 1432 2710 ego¹
1447 2657 1464 2694 a
1481 2647 1508 2694 te
1545 2641 1698 2696 ereditatem
1715 2647 1806 2710 petere
1823 2641 1914 2696 vellem

251 2709 374 2774 sumptus
397 2705 444 2770 sit,
471 2709 498 2758 ει
521 2719 599 2772 agere
621 2709 649 2758 et
671 2719 738 2774 opus
756 2721 854 2760 novum
871 2705 996 2758 nuntiare
1013 2721 1062 2774 pro
1114 2713 1145 2762 tu
1161 2725 1265 2762 mecum
1282 2707 1397 2762 familiae
1415 2707 1586 2764 erciscundae
1604 2725 1689 2778 agere,
1708 2725 1742 2762 ex
1758 2723 1840 2762 causa
1856 2707 1923 2762 utri-

251 2787 301 2826 sua
319 2787 450 2842 quemque
465 2777 543 2842 parte
559 2787 652 2842 posse,
677 2779 704 2826 et
721 2789 781 2826 cuin
799 2773 1010 2828 adiudicatioues
1027 2773 1062 2826 ab
1115 2791 1167 2846 que
1184 2781 1304 2830 nestrum
1328 2791 1385 2830 mos
1407 2777 1538 2844 gerendus
1561 2781 1613 2830 est:
1639 2791 1701 2830 nani
1723 2775 1746 2830 si
1769 2791 1815 2844 ego
1840 2781 1924 2830 totam

251 2841 351 2896 arbitro
369 2839 444 2904 fiant,
463 2839 486 2894 si
503 2839 550 2894 uni
567 2839 735 2896 adiudicatus
750 2845 824 2894 totns
842 2839 957 2906 fundus,
975 2841 1063 2896 caveri
1113 2845 1289 2898 hereditatem
1311 2843 1453 2912 ροεειιιεο9
1477 2849 1503 2898 ει
1526 2851 1553 2898 ιε
1575 2859 1608 2896 ex
1630 2849 1707 2922 parte
1724 2843 1832 2896 dimidia
1847 2845 1922 2898 here-

253 2913 372 2978 oportet,
398 2913 429 2962 ut
452 2923 522 2976 quae
545 2923 579 2962 ex
601 2909 643 2962 liis
667 2907 818 2962 actionibus
835 2913 946 2976 recepta
962 2907 1064 2962 luerint
1115 2911 1173 2964 dem
1189 2927 1248 2966 esse
1262 2911 1397 2976 confiteor,
1412 2911 1460 2964 sed
1474 2927 1491 2964 a
1505 2927 1689 2966 communione
1705 2911 1840 2966 discedere
1854 2911 1923 2974 vole,

251 2977 396 3030 reddantur
419 2981 467 3030 aut
488 2989 557 3046 quae
578 2975 608 3030 in
630 2991 674 3030 eas
697 2975 834 3056 impensae
856 2975 947 3030 lectae
963 2975 1063 3030 inerint
1113 2979 1256 3046 impetrare
1274 2977 1357 3032 debeo
1373 2977 1490 3032 familiae
1508 2977 1679 3032 erciscundae
1696 2977 1836 3044 iudiciuin,
1861 2979 1923 3048 qnia

250 3049 432 3112 praestentur:
458 3049 485 3100 et
501 3043 537 3108 si,
557 3059 675 3098 cum‘res
693 3043 721 3098 in
737 3043 836 3098 iudicio
854 3049 939 3110 esset,
964 3057 995 3100 ec
1013 3057 1062 3098 no·
1114 3045 1191 3100 aliter
1214 3045 1293 3100 diuidi
1314 3045 1383 3100 inter
1406 3061 1455 3100 nos
1478 3045 1611 3100 hereditas
1629 3063 1683 3100 non
1700 3051 1795 3116 potest
1822 3047 1885 3100 item
1902 3045 1925 3100 si

249 3115 319 3166 mine
337 3119 427 3168 achim
449 3127 504 3168 non
526 3111 621 3178 ιιιειιι,
645 3127 705 3166 euin
728 3111 802 3180 sequi
824 3111 956 3182 integram
977 3111 1062 3166 actic-
1113 3121 1143 3168 tii
1160 3113 1258 3168 iustam
1276 3129 1384 3168 causam
1400 3115 1499 3178 hahes,
1523 3131 1569 3184 pro
1590 3119 1630 3166 ter
1653 3131 1732 3184 quam
1755 3129 1803 3182 per
1820 3115 1923 3168 heredi·

250 3199 324 3246 nem,
348 3181 392 3236 cui
414 3187 487 3236 totus
509 3179 610 3234 iundus
634 3179 801 3232 adiudicatus
823 3177 918 3248 hierit,
942 3185 990 3232 eut
1012 3195 1061 3248 pro
1112 3181 1177 3234 tatis
1194 3181 1348 3250 petitionem
1365 3181 1453 3250 potius
1489 3197 1551 3234 uam
1568 3131 1685 3234 Romilius
1699 3181 1871 3236 erciscundae
1883 3181 1923 3236 iu·

252 3255 262 3302 ι
300 3265 468 3316 quacumque
490 3253 570 3328 parte
596 3247 762 3302 adiudicatus
788 3245 846 3302 erit.
890 3247 958 3300 Item
992 3261 1062 3316 quae
1114 3247 1211 3302 dicium
1234 3249 1367 3316 negotium
1391 3247 1456 3302 distr
1493 3265 1537 3302 ere
1559 3249 1638 3314 velis,
1662 3249 1710 3304 tibi
1735 3265 1841 3316 quoque
1863 3265 1923 3318 per-

249 3333 291 3370 res
308 3317 408 3370 moveri
425 3321 528 3384 possint
546 3321 573 3370 ει
586 3315 614 3368 in
628 3331 661 3370 ea
673 3315 774 3370 iudicia
786 3313 902 3380 veniant,
920 3315 943 3370 si
959 3313 1062 3368 interea
1113 3315 1271 3370 mittendum
1289 3315 1338 3370 erit
1353 3315 1527 3370 hereditatem
1544 3323 1648 3386 petere:
1664 3333 1727 3370 nana
1757 3317 1871 3370 uaedam
1881 3333 1924 3370 ve·

249 3385 392 3454 subreptae
410 3385 470 3448 rint,
488 3383 554 3436 furti
570 3397 648 3452 egere
665 3397 720 3448 eos,
738 3399 852 3454 querani
868 3383 937 3436 istae
954 3397 998 3436 res
1015 3397 1061 3452 pe·
1114 3385 1191 3436 niunt
1208 3383 1236 3436 in
1253 3383 1407 3436 hereditatis
1424 3385 1594 3452 petitionem,
1617 3399 1686 3452 qnae
1703 3385 1731 3436 in
1740 3333 1865 3438 (iamdiae
1882 3401 1923 3438 er-

248 3453 332 3506 ricrilo
350 3451 459 3515 fuerint,
476 3465 563 3574 posse.
1114 3451 1258 3508 ciscnndae
1274 3451 1370 3506 iudicio
1388 3467 1442 3506 non
1460 3449 1639 3506 deducuntur:
1663 3451 1743 3504 veluti
1766 3451 1860 3532 siege
1879 3453 1923 3506 de·

284 3517 323 3576 48
342 3519 461 3574 Pinnos
491 3519 549 3574 ebro
574 3507 730 3574 duodecimo
754 3517 792 3572 od
808 3517 940 3574 Sabinum
974 3517 1003 3570 Si
1020 3517 1062 3570 ia·
1113 3511 1380 3574 bitor'hereditarius
1406 3519 1468 3582 sim,
1490 3519 1588 3574 iudicio
1612 3517 1728 3574 familiae
1752 3521 1926 3574 erciscundae

248 3589 336 3642 miliae
352 3585 526 3642 erciscundae
543 3587 585 3640 vel
602 3585 734 3640 communi
752 3585 894 3640 dividunde
911 3585 954 3640 vel
971 3583 1063 3640 finium
1114 3603 1168 3640 non
1187 3587 1355 3656 consequeris
1372 3587 1400 3640 id
1418 3585 1489 3654 quod
1506 3585 1631 3640 defuncto
1650 3587 1737 3652 debui,
1755 3603 1804 3656 per
1820 3589 1923 3642 heredi-

248 3655 426 3724 regundorum
443 3659 534 3708 aetum
551 3655 585 3706 sit
603 3659 630 3706 et
646 3669 715 3708 nnus
731 3669 763 3706 eir
776 3655 955 3722 litigatoribus
971 3653 1062 3708 deces-
1114 3655 1177 3708 tatis
1195 3655 1348 3724 petitionem
1367 3655 1544 3724 consequeris.

249 3725 312 3778 serit
329 3724 448 3792 pluribus
466 3721 608 3778 heredibus
625 3721 731 3786 relictis,
749 3737 804 3774 non
821 3725 911 3790 potest
926 3721 956 3776 iii
972 3725 1063 3790 partes
1148 3719 1188 3778 52
1206 3721 1287 3776 Ionis
1300 3721 1368 3776 libro
1385 3721 1501 3778 secundo
1519 3721 1557 3776 ud
1568 3721 1688 3778 Urseium
1696 3723 1823 3778 Ferocem
1848 3723 1924 3778 Mae·

247 3791 375 3844 indicium
398 3789 498 3856 scindi,
521 3789 569 3844 sed
591 3793 638 3842 aut
656 3805 747 3844 omnes
764 3787 876 3844 heredes
896 3789 1018 3858 accipere
1035 3789 1062 3842 id
1113 3789 1185 3856 rius,
1210 3789 1255 3858 qui
1271 3805 1321 3844 nos
1338 3791 1448 3844 heredes
1464 3789 1544 3854 lecit,
1567 3807 1623 3844 rem
1647 3807 1814 3846 comunem
1830 3793 1925 3846 habuit

249 3859 476 3912 debentantdare
490 3873 572 3912 unum
585 3863 795 3926 procuratorem,
809 3857 839 3910 in
853 3873 932 3926 quem
947 3857 1063 3912 omniurn
1115 3875 1176 3912 cum
1192 3857 1281 3910 Attio:
1305 3857 1405 3912 sicum
1422 3859 1496 3912 Attio
1515 3859 1648 3912 communi
1666 3859 1809 3914 dividundo
1828 3859 1924 3928 egisse·
1954 3893 1955 3896 =

248 3927 355 3980 nomine
372 3925 500 3982 iudicium
518 3931 620 3994 agatur.
1114 3941 1173 3980 mus
1191 3931 1218 3978 ει
1235 3925 1312 3980 nobis
1331 3939 1362 3978 ea
1379 3943 1422 3980 res
1440 3925 1593 3980 adiudicata
1610 3931 1693 3992 esset,
1711 3931 1850 3982 venturam
1867 3943 1925 3982 eam

282 3991 322 4050 49
346 3993 492 4048 Uarianos
521 3993 590 4048 libro
621 3991 739 4048 secundo
764 3991 989 4064 deputationum.
1011 3991 1063 4060 Qui
1116 3999 1128 4046 ι
1163 3993 1193 4048 in
1209 3993 1326 4048 familiae
1342 3993 1515 4048 erciscundae
1528 3993 1625 4048 iudicio
1640 3995 1770 4050 Proculus
1784 3997 1829 4048 ait.
1862 3995 1923 4048 Ser-

248 4069 305 4116 erat
329 4063 407 4114 heres
431 4075 462 4114 ex
486 4067 562 4130 parte
578 4061 732 4126 institutus,
754 4065 912 4114 testatorem
933 4061 1022 4116 iussus
1046 4075 1063 4114 a
1113 4075 1162 4116 rus
1179 4061 1248 4114 liber
1265 4067 1292 4114 et
1308 4063 1384 4114 heres
1402 4077 1460 4116 esse
1475 4063 1565 4116 iussus
1582 4061 1610 4114 id
1628 4063 1700 4132 quod
1717 4079 1749 4118 ex
1774 4063 1923 4118 rationibus

247 4135 371 4198 praetore
388 4145 417 4184 se
437 4129 501 4184 elire
524 4145 640 4194 servum,
667 4129 710 4182 cni
734 4135 791 4182 erat
814 4133 974 4184 testamento
998 4127 1062 4182 data
1132 4145 1182 4182 uas
1219 4129 1270 4182 atri
1286 4129 1399 4184 lairiilies
1417 4131 1542 4198 gessisset
1550 4131 1571 4162 ¹⁰
1588 4145 1669 4198 penes
1687 4147 1716 4184 se
1733 4131 1859 4186 retineret
1881 4131 1923 4182 iu-

247 4197 372 4262 libertas,
394 4197 404 4250 i
423 4213 455 4252 eo
479 4195 603 4250 distraxit
620 4195 781 4276 duplamque
797 4197 918 4276 promisit
935 4202 963 4250 ει
980 4213 1013 4250 ex
1031 4213 1062 4250 ca
1114 4145 1317 4276 gicicfamiliae
1335 4197 1507 4252 erciscundae
1526 4197 1700 4276 coheredibus
1724 4199 1779 4254 suis
1802 4203 1923 4266 praesta·

248 4265 372 4318 cantione
389 4267 536 4318 conventus
571 4269 701 4320 raestititr
725 4269 876 4336 quaesitum
895 4269 948 4330 est,
968 4281 1003 4318 an
1020 4265 1061 4318 fa·
1115 4269 1129 4318 t
1165 4265 1212 4318 bit.
1247 4265 1360 4318 Arbiter
1376 4265 1493 4320 familiae
1511 4267 1681 4320 erciscundae
1697 4265 1767 4320 inter
1783 4281 1826 4318 me
1849 4269 1875 4318 et
1898 4271 1924 4318 te

247 4333 333 4386 miliae
343 4331 515 4388 erciscundae
523 4333 551 4386 iu
571 4333 621 4388 'cio
632 4339 819 4402 consequatur,
835 4331 907 4404 quod
922 4333 1062 4402 exduplee
1114 4337 1236 4402 sumptus
1247 4333 1377 4402 quaedam
1386 4333 1457 4398 mihi,
1473 4333 1605 4402 quaedam
1619 4333 1668 4388 tibi
1683 4333 1836 4386 adiudicare
1852 4333 1923 4386 vole-

247 4399 419 4468 stipulatione
436 4401 520 4456 abest.
548 4401 633 4470 primo
651 4401 801 4468 videamus,
827 4417 862 4456 an
878 4403 923 4456 liic
941 4401 1062 4456 debuerit
1113 4401 1168 4468 bat,
1187 4417 1236 4468 pre
1253 4401 1296 4456 his
1313 4401 1392 4456 rebus
1411 4403 1524 4456 alterum
1542 4401 1619 4456 alteri
1637 4399 1852 4456 condemnandos
1865 4415 1923 4456 esse

247 4469 355 4538 duplam
385 4483 487 4522 cavere.
520 4475 547 4522 ει
569 4469 636 4522 mihi
661 4469 765 4524 ιιιιειιιι
789 4485 845 4524 non
871 4469 1008 4528 debuisse:
1034 4469 1062 4522 hi
1113 4469 1297 4540 intellegebat:
1313 4471 1461 4540 quaesitum
1476 4477 1524 4536 est,
1541 4487 1576 4524 an
1590 4471 1677 4538 possit
1690 4467 1846 4536 pensatione
1854 4469 1923 4524 ultro

247 4539 316 4590 enim
335 4538 439 4592 demum
457 4537 493 4590 ad
510 4537 608 4606 duplae
625 4537 777 4592 cautionem
793 4537 997 4606 compelluntur,
1017 4537 1062 4608 qui
1114 4537 1179 4592 citro
1199 4553 1233 4592 ue
1244 4537 1469 4594 condemnationis
1478 4539 1553 4594 facta
1562 4553 1621 4590 euin
1630 4535 1812 4614 solean-cuins
1821 4551 1924 4592 summa

247 4611 341 4672 sponte
365 4621 416 4660 sua
438 4603 612 4660 distrahuntr·
629 4609 745 4660 ceterum
762 4607 786 4660 si
803 4605 894 4660 officio
912 4605 1061 4660 distrahen-
1114 4555 1262 4672 excederet,
1276 4607 1333 4660 eius
1348 4607 1486 4660 dumtaxat
1499 4621 1625 4668 summae,
1641 4619 1710 4672 quae
1723 4607 1761 4656 ita
1776 4605 1923 4670 excederet,

245 4675 300 4726 tis³
316 4673 450 4752 iungitur,
473 4689 528 4726 non
545 4671 624 4726 debet
641 4673 783 4742 adstringi,
807 4691 862 4728 non
879 4675 963 4744 magis
999 4689 1062 4726 uam
1114 4677 1128 4726 3
1164 4675 1300 4730 damnare.
1319 4681 1346 4728 et
1360 4675 1461 4744 placuit
1489 4687 1549 4728 osse
1557 4671 1584 4724 id
1594 4671 1722 4750 arbitrum
1731 4669 1827 4726 faede.
1857 4673 1923 4728 [lum

246 4741 967 4864 a1.attrebatensium
981 4693 1061 4864 ini
1112 4691 1923 4876 cinni:aenntseenimen

246 4881 291 4930 tur
307 4849 417 4944 implere
434 4875 507 4944 quod
524 4881 656 4946 coguntur
677 4875 705 4928 hi
730 4877 775 4944 qui
798 4891 847 4930 suc
872 4851 982 4944 arbitrio
1007 4827 1061 4930 ‹igis-
1113 4893 1173 4930 rum
1189 4885 1288 4946 partes.
1585 4847 1593 4872 '

246 4945 370 4996 trahuntr
393 4959 456 4996 nam
479 4945 549 4998 inter
571 4945 689 4998 officinm
707 4945 878 5012 suscipientis
896 4951 924 4998 et
939 4945 1061 5000 volunta·
1147 4941 1187 5002 53
1211 4945 1356 5002 Uarianos
1377 4943 1446 4996 libro
1469 4943 1588 4996 seeundo
1613 4961 1802 5014 responsorum
1838 4943 1923 5000 Pecu-

246 5017 300 5066 tem
309 5011 499 5066 distrahentis⁴
516 5011 756 5066 multuminterest.
782 5019 946 5080 quapropter
959 5029 990 5066 re
1004 5013 1061 5082 qui·
1114 5015 1198 5084 niem,
1217 5029 1296 5082 quani
1313 5013 1383 5066 filius
1400 5009 1581 5080 emancipatus
1599 5011 1637 5066 ita
1655 5013 1781 5080 credidit,
1805 5017 1836 5068 ut
1853 5017 1923 5080 patri

248 5079 308 5132 dem
336 5079 440 5148 integra
466 5079 664 5148 stipulationem
689 5079 789 5148 duplae
812 5077 982 5146 interponere
1008 5099 1062 5136 non
1113 5083 1275 5146 solveretur,
1298 5081 1336 5132 ita
1360 5079 1465 5132 demum
1487 5077 1515 5132 in
1537 5079 1713 5136 hereditatem
1728 5083 1813 5152 patris
1831 5097 1922 5134 nume-

248 5147 353 5210 debuit,
377 5147 425 5200 sed
448 5147 591 5202 decernere
614 5154 722 5216 praetor
745 5147 825 5200 debet
848 5161 907 5200 esse
932 5149 1063 5216 emptori⁵
1113 5149 1176 5214 rari,
1195 5149 1218 5202 si
1234 5147 1305 5216 petii
1322 5147 1449 5200 adversus
1466 5145 1549 5202 filium
1566 5149 1685 5204 eiusdem
1702 5149 1858 5220 quantitatis
1875 5165 1925 5204 iio·

247 5215 375 5270 adversus
392 5215 517 5270 heredem
535 5215 690 5270 existentem
707 5215 840 5270 actionem
858 5231 892 5268 eir
915 5221 1017 5284 empto,
1041 5217 1064 5270 si
1114 5217 1185 5270 mine
1201 5215 1272 5268 actio
1290 5213 1468 5282 competebat.

248 5299 289 5338 res
308 5283 438 5338 distrama
454 5283 550 5338 fuisset
567 5283 660 5338 evicta.
685 5285 708 5338 si
725 5289 816 5338 autem
832 5285 909 5338 heres
926 5283 1023 5338 errarit
1036 5291 1065 5338 et
1150 5281 1191 5338 54
1208 5281 1362 5336 liturarios
1382 5281 1450 5338 l'bro
1473 5285 1551 5338 tertio
1568 5285 1784 5340 membranarum
1817 5283 1862 5338 Ex
1877 5285 1926 5338 he-

248 5353 318 5404 cavit
327 5357 354 5404 ει
362 5365 453 5404 servus
462 5351 600 5420 perueniat
614 5351 649 5404 ad
665 5351 822 5416 libertatem,
838 5351 975 5420 stipulatio
991 5367 1062 5406 com·
1115 5349 1228 5404 reditate
1241 5347 1399 5414 LuciiTitii,
1418 5365 1486 5420 qnae
1502 5353 1568 5406 mihi
1584 5359 1613 5406 ει
1628 5353 1678 5406 tibi
1695 5353 1842 5406 communis
1861 5359 1927 5418 erat,

248 5419 381 5474 mittetur:
405 5435 474 5488 quae
492 5419 515 5472 si
531 5417 613 5474 fuerit
631 5419 786 5484 commissa,
811 5435 926 5542 aequum
944 5419 995 5474 erit
1012 5419 1064 5474 nti·
1115 5415 1194 5470 fundi
1209 5419 1313 5484 partem
1329 5431 1415 5470 meam
1439 5419 1565 5486 ιιιειιιιι,
1589 5419 1684 5474 deinde
1706 5419 1823 5474 familiae
1847 5419 1929 5474 ercis·

248 5489 299 5542 lom
323 5489 455 5542 actionem
477 5487 502 5542 ei
524 5487 651 5542 adversus
676 5487 832 5542 coheredem
869 5487 909 5542 ari
926 5485 1066 5542 deficiente
1117 5483 1221 5538 eundae
1243 5481 1371 5542 iudicium
1392 5485 1463 5542 inter
1485 5503 1536 5544 nos
1553 5493 1693 5558 acceptum
1710 5493 1759 5542 est
1786 5503 1874 5558 neque
1898 5503 1930 5542 es

252 5659 749 5728 (1)recipernrepetest]reciperariHal.
785 5695 787 5698 -
883 5661 915 5722 (a)
935 5657 1069 5722 petenteF
1118 5659 1151 5718 to}
1169 5653 1302 5706 deliciante
1310 5655 1458 5710 directores.
1466 5657 1656 5720 B‚dereotoF¹‚
1664 5655 1806 5708 ιιιιεειοιη

251 5733 282 5796 (ι)
303 5733 498 5782 distrahensscr.
572 5731 604 5794 (4)
623 5725 1065 5790 interoffioininsuscipientesetvo-
1119 5725 1151 5788 (t)
1169 5723 1259 5776 etseF'
1299 5743 1301 5746 ·
1346 5727 1379 5788 (8)
1397 5725 1544 5788 utifundus)
1553 5741 1660 5774 encausti
1669 5725 1714 5774 filii
1723 5725 1764 5788 sit,
1772 5725 1929 5788 quasnturus

250 5797 591 5850 luntatedistrabenlesHal.
701 5795 733 5858 (i)
752 5791 1065 5860 emptoriF²S‚aatoriF¹
1119 5795 1239 5846 essetsor.
1282 5797 1315 5854 [9]
1333 5793 1480 5856 postideoF
1553 5791 1935 5854 (rc)ctins.b·ort,del.1ta·zius
