4376 6258
270 371 387 436 omnus
407 369 511 416 nonis
531 367 651 416 riorus

287 539 352 594 uris:
370 533 434 588 nihil
452 533 519 586 euim
534 533 653 598 interest,
671 533 774 588 debitor
791 533 885 604 pignus
900 533 990 588 datum
1004 549 1065 588 veu-

268 559 333 664 ituit
351 619 386 656 an
403 601 488 656 denuo
506 601 608 670 pignori
626 601 730 670 obliget.

299 671 318 728 4
336 671 415 724 Iesu
429 667 495 722 libro
512 667 650 722 arodecioro
667 685 710 722 res
730 685 855 724 uasorum
890 667 954 722 Cum
965 667 1066 722 solven-

268 745 316 796 dae
333 737 461 806 pecuniae
478 735 532 790 dies
549 743 630 802 pacto
647 751 695 802 pro
709 739 807 802 ertur¹,
826 737 979 790 convenisse
995 735 1066 788 vide-

267 819 322 870 tur,
345 819 378 856 ne
400 803 474 870 prius
491 803 619 856 vendendi
635 805 751 872 pignoris
768 807 887 872 potestas
905 807 1066 856 exerceatur.

300 871 318 928 5
336 871 510 924 Maecianus
529 871 595 924 libro
617 871 751 940 sr'apulorv'
767 871 804 924 acl
818 871 965 938 formulam
983 867 1067 938 hispo-

269 939 412 996 tdecuriom
447 937 512 990 Cum
534 937 666 992 secundus
685 937 799 992 creditor
816 937 906 990 oblata
923 937 1004 1004 priori
1021 949 1066 1004 pe·

268 1007 344 1066 cunia
360 1005 491 1058 inlocum
509 1003 564 1058 eius
583 1005 752 1068 successerit,
776 1003 951 1056 venditionem
968 1003 1002 1056 ob
1020 1017 1066 1072 pe·

269 1085 279 1130 1
316 1071 420 1126 cuniam
443 1075 555 1126 solutam
581 1077 606 1126 et
630 1073 755 1126 creditam
777 1075 849 1124 recte
866 1069 939 1122 facit.
974 1069 1002 1122 Si
1025 1087 1066 1124 se-

267 1141 367 1198 cundus
386 1141 498 1194 creditor
514 1141 555 1192 vel
572 1139 709 1192 fideiussor
726 1139 814 1192 soluta
830 1137 943 1204 pecunia
956 1139 1067 1204 pignora

266 1207 442 1274 susceperint,
468 1213 539 1260 recte
566 1207 603 1260 eis
629 1207 752 1270 offertur,
784 1205 901 1274 quamvis
929 1205 1066 1272 emptionis

266 1273 341 1330 titulo
359 1289 392 1326 ea
408 1279 555 1328 tenuemnt.

299 1339 317 1398 6
335 1339 523 1396 Moorsrrrvos
538 1341 605 1396 libro
624 1345 714 1396 octavo
731 1339 886 1410 repuleram
923 1339 988 1390 Cum
1005 1355 1066 1408 pos-

266 1407 345 1464 terior
362 1407 476 1462 creditor
492 1423 508 1462 a
525 1411 613 1476 priore
630 1409 723 1476 pignus
742 1409 812 1472 emit,
830 1423 884 1462 non
901 1411 956 1460 tam
974 1407 1066 1474 adqui-

265 1477 339 1534 rendi
362 1477 468 1530 dominii
491 1493 570 1544 quam
593 1477 711 1530 servandi
734 1477 851 1556 pignoris
869 1475 911 1528 sui
929 1477 1066 1528 111111111-

265 1543 395 1610 tellegitur
416 1545 555 1612 pecuniam
573 1543 675 1598 dedisse
692 1549 718 1596 et
734 1543 793 1598 :deo
812 1543 901 1596 offerri
919 1543 942 1596 ei
959 1557 976 1594 a
994 1541 1065 1596 debi-

266 1619 323 1666 tore
359 1617 435 1666 otest.

299 1675 316 1732 7
365 1693 510 1732 reclusos
524 1677 590 1732 libro
606 1677 742 1758 rivipulort'
756 1677 794 1732 od
812 1675 960 1798 permittam
983 1675 1067 1748 typo-

266 1743 409 1800 tbccuriom
444 1745 472 1798 Si
495 1747 609 1798 creditor
630 1761 723 1816 pignus
747 1747 789 1800 vel
830 1745 987 1814 ypothecam
1004 1761 1065 1798 ven·

266 1811 360 1866 diderit
376 1813 427 1868 hoc
444 1819 531 1882 pacto,
550 1819 581 1866 ut
596 1813 675 1868 liceat
693 1813 743 1866 sibi
758 1813 870 1868 reddere
887 1813 1026 1880 pecuniam
1041 1817 1067 1864 et

264 1879 357 1952 pignus
375 1881 535 1948 reciperare:
554 1897 597 1944 an,
616 1883 639 1936 si
654 1885 765 1948 paratus
784 1881 819 1934 sit
836 1880 940 1934 debitor
956 1879 1065 1934 reddere

264 1947 417 2018 pecuniam,
443 1949 567 2016 consequi
583 1949 610 2002 id
647 1951 729 2002 assit?
755 1953 780 2002 et
797 1949 915 2002 Iulianus
932 1945 999 2008 libro
1017 1963 1066 1998 un-

265 2015 364 2068 decimo
389 2015 546 2084 digestorum
572 1965 662 2068 scmiit
686 2021 759 2068 recte
784 2015 888 2084 quidem
913 2013 1066 2068 distractma

265 2095 321 2134 esse
338 2083 441 2150 pignus,
461 2089 576 2136 ceterum
593 2083 636 2152 agi
652 2097 731 2150 posse
749 2099 808 2136 cuni
827 2083 970 2144 creditore,
989 2085 1026 2144 ut,
1044 2083 1067 2134 si

264 2163 330 2216 quas
348 2149 465 2204 actiones
482 2151 594 2214 habeat,
619 2165 663 2204 eas
682 2149 759 2202 cedat
776 2149 897 2204 debitori.
925 2149 971 2202 sed
994 2149 1065 2216 quod

263 2215 380 2272 Iulianus
398 2217 489 2272 scribit
501 2217 533 2270 ,in
546 2219 662 2284 pignore,
680 2215 749 2270 idem
764 2221 791 2270 et
806 2215 909 2270 circah
927 2215 1067 2284 pothecam

266 2287 276 2336 l
314 2289 361 2338 esi.
396 2285 465 2338 Illud
480 2285 671 2352 inspiciendum
690 2289 738 2350 est,
756 2299 791 2338 an
808 2283 886 2336 liceat
905 2233 1026 2346 ciebitori,
1045 2283 1068 2336 si

263 2351 412 2418 hypotheca
435 2353 556 2416 venierit,
580 2353 694 2420 pecunia
716 2351 804 2406 soluta
827 2365 885 2404 eam
908 2353 1065 2418 reciperare.

263 2423 288 2470 et
306 2419 329 2470 si
347 2419 451 2496 quidem
468 2419 505 2472 ita
522 2419 645 2480 venierit,
662 2425 700 2482 ut,
719 2419 741 2472 si
758 2419 829 2472 intra
846 2425 946 2472 certum
963 2425 1066 2486 tempus

263 2499 279 2538 a
296 2485 415 2540 debitore
431 2487 544 2554 pecunia
561 2487 649 2542 soluta
665 2487 758 2550 fuerit,
777 2485 874 2554 emptio
891 2485 1066 2550 rescindatur,

262 2555 332 2608 intra
354 2553 420 2606 illud
442 2559 544 2622 tempus
567 2555 681 2622 pecunia
704 2555 792 2608 soluta
816 2555 912 2620 recipit
936 2553 1066 2622 hypothe-

263 2635 333 2674 cam:
359 2621 381 2674 si
403 2637 464 2674 vero
489 2627 594 2690 tempus
611 2623 746 2690 praeteriit
763 2629 810 2676 aut
827 2623 849 2674 si
866 2637 921 2674 uon
938 2637 968 2674 eo
986 2629 1065 2690 pacto

263 2703 303 2742 res
321 2689 444 2752 venierit,
463 2705 516 2742 non
533 2695 621 2756 potest
637 2689 750 2742 rescindi
767 2687 897 2752 venditio,
916 2689 966 2740 nisi
983 2689 1068 2742 minor

263 2755 297 2810 sit
314 2755 390 2810 annis
408 2755 496 2824 viginti
514 2757 629 2824 quinque
647 2755 750 2810 debitor
767 2761 814 2810 aut
830 2757 947 2824 pupillus
965 2761 1012 2808 aut
1028 2757 1067 2810 rei

262 2821 384 2892 publicae
402 2839 483 2878 causa
500 2825 596 2878 absens
614 2823 655 2878 vel
671 2825 700 2878 iu
716 2827 806 2892 aliqua
821 2839 911 2878 earum
926 2839 1068 2878 causarum

217 2919 219 2922 ·
263 2895 276 2944 2
312 2891 375 2956 erit,
394 2891 537 2958 exquibus
556 2891 641 2944 edicto
659 2893 830 2946 succurritur.
866 2891 1020 2956 Quaeritur,
1046 2891 1068 2944 si

261 2963 369 3028 pactum
387 2959 422 3010 sit
439 2971 456 3010 a
469 2959 606 3020 creditore,
625 2975 657 3010 ne
670 2959 750 3012 liceat
764 2957 878 3012 debitori
891 2957 1067 3026 hypothecam

261 3025 372 3078 vendere
390 3025 430 3076 vel
448 3025 550 3104 pignus,
569 3025 631 3094 quid
648 3025 712 3078 iuris
730 3025 772 3088 sit,
791 3029 818 3078 et
835 3039 871 3076 au
887 3025 976 3092 pactio
995 3025 1068 3076 nulla

261 3091 296 3148 sit
312 3093 387 3156 talis,
407 3107 483 3160 quasi
500 3093 650 3146 contraius
668 3093 702 3146 sit
718 3093 819 3160 posita,
837 3091 950 3160 ideoque
968 3091 1068 3146 veniri²

260 3161 352 3230 possit.
378 3165 523 3214 etcertum
545 3165 586 3214 est
610 3161 708 3214 nullam
732 3161 808 3214 esse³
824 3159 1014 3224 venditionem,
1037 3163 1068 3212 ut

260 3227 378 3298 pactioni
395 3231 485 3280 stetur.

294 3291 312 3352 8
330 3295 519 3348 Moossrnvus
533 3293 600 3348 libro
618 3301 715 3364 quarto
730 3295 888 3364 sepulcrum
923 3291 1067 3346 Creditoris

260 3361 368 3418 arbitrio
392 3361 553 3430 permittitur
576 3377 609 3414 ex
631 3361 784 3430 pignoribus
803 3361 853 3416 sibi
871 3361 992 3428 obligatis
1010 3361 1067 3428 qui·
1086 3391 1087 3394 =

259 3431 309 3488 bus
326 3427 388 3486 velit
406 3429 538 3484 distractis
556 3429 591 3482 ad
608 3445 684 3482 suum
704 3427 870 3482 commodum
887 3427 1031 3496 pervenire.

294 3497 312 3556 9
331 3499 450 3552 Pronus
462 3499 528 3552 libro
543 3499 621 3550 tertio
636 3499 820 3566 quaestionum
856 3495 1009 3562 Quaesitum
1019 3499 1067 3558 est,

262 3569 285 3624 si
309 3565 424 3622 creditor
440 3565 474 3618 ab
493 3571 610 3632 emptore
626 3565 743 3634 pignoris
761 3563 875 3632 pretium
893 3577 997 3616 servare
1014 3579 1067 3616 nou

258 3635 397 3706 potuisset,
416 3649 451 3686 au
469 3633 571 3686 debitor
587 3631 713 3686 liberatus
731 3637 809 3684 esset.
836 3631 936 3698 putavi,
954 3631 977 3682 si
995 3631 1068 3684 nulla

260 3703 341 3770 culpa
365 3701 490 3768 imputari
516 3699 640 3754 creditori
663 3699 762 3766 possit,
788 3713 897 3752 manere
923 3697 1068 3750 debitorem

260 3769 421 3838 obligatum,
447 3769 509 3836 quia
535 3781 567 3820 ex
593 3767 750 3820 necessitate
775 3767 849 3820 facta
875 3765 989 3820 venditio
1015 3781 1068 3818 nou

261 3843 273 3892 1
309 3839 405 3892 liberat
422 3835 567 3890 debitorem
584 3835 635 3890 nisi
652 3835 765 3904 pecunia
782 3841 916 3904 percepta.
953 3835 1068 3900 Pompo·

259 3907 319 3960 nius
335 3911 424 3958 autem
437 3905 579 3958 lectionum
593 3905 660 3958 libro
675 3903 792 3956 secundo
807 3903 846 3954 ita
860 3901 978 3970 scripsit:
998 3901 1069 3970 quod

259 3973 287 4028 iu
304 3973 457 4042 pignoribus
476 3971 569 4024 dandis
588 3971 657 4024 adici
674 3971 755 4036 solet,
773 3975 817 4034 ut,
836 3985 889 4036 quo
906 3971 993 4022 minus
1010 3969 1067 4036 pig-

259 4057 309 4096 nus
326 4041 448 4104 venisset,
466 4039 594 4108 reliquum
608 4039 711 4092 debitor
724 4039 855 4102 redderet,
875 4051 1068 4104 supervacuum

260 4117 315 4172 est,
340 4109 402 4178 quia
423 4109 481 4176 ipso
504 4109 563 4162 iure
585 4107 624 4162 ita
647 4123 676 4162 se
693 4123 735 4162 res
752 4107 834 4162 habet
852 4105 931 4160 etiam
949 4121 1002 4160 non
1021 4105 1068 4158 ad-

258 4177 327 4230 iecto
347 4191 386 4230 eo.
652 4209 653 4212 ,

295 4243 332 4300 10
356 4241 438 4296 torn
455 4243 522 4298 libro
547 4247 626 4298 scroto
651 4257 840 4312 responsorum
874 4241 935 4294 Etsi
956 4241 993 4304 is,
1023 4241 1068 4308 qui

259 4313 315 4378 lege
332 4309 449 4378 pignoris
468 4311 542 4376 emit,
567 4313 601 4366 ob
621 4311 775 4366 evictionem
791 4309 831 4364 rei
848 4309 936 4364 redire
953 4309 988 4362 ad
1005 4323 1067 4360 ven-

260 4379 372 4432 ditorem
385 4393 438 4432 non
457 4383 559 4446 potest,
578 4385 737 4432 tamennon
756 4393 814 4432 esse
832 4377 993 4432 audiendum
1011 4393 1067 4430 cre-

258 4445 372 4500 ditorem
389 4447 434 4514 qui
450 4447 561 4500 fundum
578 4447 704 4510 vendidit,
722 4447 745 4498 si
761 4445 825 4500 velit
842 4445 960 4498 eiusdem
977 4445 1017 4498 rei
1034 4459 1067 4498 ex

258 4513 312 4568 alia
329 4529 412 4566 causa
429 4515 610 4582 quaestionem
626 4521 738 4568 movere.

295 4579 330 4636 11
352 4579 502 4636 81111111
527 4585 595 4636 libro
607 4585 699 4652 primo
716 4581 929 4650 responsorum
959 4581 1068 4636 Arbiter

258 4647 414 4704 dividendae
436 4649 590 4704 hereditatis
614 4665 673 4702 cum
698 4663 811 4726 corpora
827 4649 987 4702 hereditaria
1004 4649 1067 4702 divi-

258 4717 350 4780 sisset,
368 4717 476 4768 nomina
492 4733 545 4784 quo
564 4733 598 4770 ue
615 4733 794 4772 communium
817 4715 966 4770 debitorum
991 4731 1068 4786 sepa-

257 4783 336 4838 ratim
353 4783 462 4852 singulis
479 4783 507 4836 in
524 4735 636 4840 soiidum
660 4785 819 4852 adsignavit:
845 4783 993 4852 quaesitum
1019 4789 1068 4848 est,

258 4867 293 4904 an
311 4851 473 4906 debitoribus
491 4855 657 4908 cessantibus
674 4869 722 4922 pro
741 4853 825 4906 solido
842 4853 938 4920 pignus
956 4853 1068 4906 vendere

258 4921 369 4990 quisque
386 4927 483 4990 potest.
509 4921 633 4990 respondi
651 4937 737 4990 posse.

1061 347 1122 418 267

1770 351 1833 412 XX
1856 355 1915 412 aa

1118 535 1236 598 deretur,
1263 533 1285 586 si
1309 547 1340 586 ea
1362 533 1418 600 lege
1439 533 1569 600 vendidit,
1594 547 1628 586 ne
1653 529 1785 584 evictionis
1811 529 1915 582 nomine

1118 601 1293 668 obligaretur,
1317 599 1379 668 quia
1402 615 1434 652 ex
1457 607 1596 656 conmactu
1613 607 1640 654 et
1657 595 1799 674 qualiquali
1816 597 1915 664 obliga·

1117 669 1190 720 tione
1213 683 1229 718 1
1246 665 1364 720 debitore
1385 665 1548 734 interposita,
1567 673 1637 722 certe
1654 683 1687 720 ex
1704 679 1842 718 occas10ne
1860 679 1916 716 11111

1117 733 1254 788 redactum
1262 733 1289 788 id
1298 733 1411 802 pretium
1426 735 1534 800 aequius
1548 735 1689 804 proficeret
1702 731 1821 796 debitori,
1837 745 1916 798 quam

1118 799 1254 854 creditoris
1263 803 1337 854 lucro
1354 799 1467 854 cederet.
1490 801 1536 854 sed
1553 807 1679 868 quantum
1694 801 1795 870 quidem
1811 799 1846 852 ad
1859 811 1915 850 cre·

1118 869 1227 922 ditorem
1245 869 1347 922 debitor
1361 867 1501 920 liberatur:
1520 875 1646 934 quantum
1659 883 1719 922 vero
1736 869 1769 922 ad
1783 867 1916 923 dominum

1116 937 1169 998 rei,
1187 937 1209 988 si
1226 937 1337 990 necdum
1353 935 1446 1002 pignus
1465 935 1576 988 evictum
1593 943 1647 998 est,
1664 937 1705 988 vel
1722 937 1756 988 ad
1773 943 1916 1004 emptorem

1116 1009 1179 1072 post
1202 1003 1353 1056 evictionem
1376 1003 1445 1068 ipsi6
1469 1001 1570 1054 debitor
1592 1003 1650 1054 utili
1676 1005 1778 1058 actione
1802 1009 1916 1064 tenetur,
1965 1027 1967 1032 v

1116 1085 1151 1124 ne
1169 1087 1200 1124 ex
1218 1071 1303 1124 aliena
1320 1071 1422 1124 iactura
1440 1067 1490 1120 sibi
1507 1067 1609 1120 lucrum
1623 1069 1752 1138 adquirat.
1779 1087 1840 1126 nam
1855 1077 1881 1126 et
1894 1069 1917 1122 si

1116 1139 1229 1192 maiores
1252 1137 1354 1192 fructus
1377 1135 1446 1188 forte
1468 1141 1560 1204 petens
1586 1151 1603 1188 a
1627 1151 1779 1204 possessore
1803 1139 1918 1204 creditor

1117 1205 1239 1270 abstulit,
1264 1207 1399 1258 universos
1421 1203 1449 1256 in
1472 1201 1644 1272 quantitatem
1668 1204 1782 1260 debitam
1807 1211 1917 1274 accepto

1116 1273 1186 1326 ferre
1209 1273 1326 1326 debebit:
1352 1275 1378 1324 et
1400 1285 1460 1324 cum
1481 1285 1530 1340 per
1550 1269 1674 1324 iniuriam
1695 1271 1788 1326 iudicis
1812 1273 1916 1328 domiuo

1117 1357 1187 1402 rem,
1206 1357 1273 1408 qnae
1291 1339 1415 1394 debitoris
1433 1353 1485 1392 non
1502 1337 1611 1402 fuisset,
1634 1339 1785 1394 abstulisset
1803 1341 1917 1394 creditor

1117 1407 1192 1476 quasi
1211 1409 1352 1476 obligatam
1370 1407 1427 1472 sibi,
1445 1411 1472 1462 et
1485 1411 1662 1476 quaereretur,
1680 1419 1714 1458 an
1728 1409 1813 1462 soluto
1828 1407 1917 1462 debito

1116 1477 1220 1528 restitui
1237 1493 1295 1530 eam
1313 1479 1445 1544 oporteret
1459 1473 1578 1538 debitori,
1598 1471 1724 1528 Scaevola
1737 1483 1827 1528 noster
1841 1475 1917 1528 resti·

1116 1543 1241 1596 tuendam
1259 1543 1386 1612 probavit.
1413 1543 1483 1610 quod
1502 1543 1525 1596 si
1541 1557 1594 1594 non
1610 1541 1649 1594 ita
1665 1541 1794 1604 vendidit,
1812 1549 1842 1594 ut
1860 1559 1915 1596 cer-

1116 1615 1174 1664 tum
1197 1613 1232 1664 sit
1256 1611 1404 1664 omnimodo
1427 1609 1499 1676 apud
1523 1625 1582 1662 eum
1598 1609 1710 1676 pretium
1727 1623 1918 1674 remansurum,

1116 1693 1206 1732 verum
1226 1681 1354 1746 obligatus
1373 1683 1413 1732 est
1429 1677 1464 1730 ad
1480 1677 1509 1730 id
1525 1677 1728 1738 restituendum,
1748 1675 1862 1730 arbitror
1877 1677 1917 1728 in-

1117 1747 1193 1798 terim
1228 1747 1315 1798 uidem
1333 1745 1397 1798 nihil
1414 1759 1430 1798 a
1448 1745 1566 1798 debitore
1581 1745 1635 1814 peti
1652 1759 1738 1812 posse,
1757 1743 1803 1796 sed
1817 1743 1845 1796 in
1860 1759 1918 1796 sus-

1117 1831 1200 1882 penso
1211 1765 1302 1866 iaberi
1315 1813 1510 1866 liberationem:
1524 1827 1614 1866 verum
1629 1813 1652 1864 si
1666 1813 1770 1866 actione
1784 1825 1818 1864 ex
1832 1815 1921 1878 empto

1118 1885 1260 1936 conventus
1274 1881 1449 1948 praestitisset
1465 1879 1580 1934 creditor
1593 1879 1712 1948 emptori,
1727 1879 1844 1932 debitum
1859 1893 1920 1948 per-

1117 1949 1191 2068 plppui
1209 1963 1267 2002 eum
1284 1963 1301 2002 a
1318 1949 1437 2002 debitore
1452 1963 1545 2014 posse,
1571 1949 1633 2016 qnia
1649 1945 1773 2016 apparuit
1790 1963 1844 2000 non
1863 1959 1923 2000 esse

1129 2017 1266 2068 'eratum
1308 2035 1309 2038 ¹
1568 2033 1569 2036 ¹

1153 2081 1189 2140 13
1209 2083 1326 2136 Plutus
1341 2081 1408 2134 libro
1421 2081 1512 2152 pvv'mo
1527 2081 1692 2134 decretorum
1728 2079 1857 2144 Creditur,
1875 2077 1921 2146 qui

1115 2149 1173 2204 iure
1190 2167 1239 2204 suo
1256 2149 1351 2218 pignus
1370 2149 1506 2212 distrahit,
1522 2149 1564 2202 ius
1583 2163 1659 2200 suum
1677 2148 1770 2202 cedere
1787 2147 1867 2200 debet
1885 2151 1922 2210 et,

1116 2219 1140 2270 si
1172 2219 1248 2284 igaus
1262 2215 1388 2286 possidet,
1403 2217 1507 2270 tradere
1521 2215 1612 2284 utique
1625 2215 1704 2268 debet
1717 2215 1918 2284 possessionem.

1153 2233 1191 2340 id
1217 2285 1368 2340 Sorrrorr
1400 2285 1466 2338 libro
1490 2289 1569 2338 saccio
1595 2281 1775 2354 dipestorum⁷
1817 2281 1918 2336 Arbitri

1116 2353 1274 2406 dividendae
1288 2351 1440 2406 hereditatis
1454 2353 1524 2404 inter
1540 2351 1649 2404 heredes
1667 2367 1726 2404 cum
1745 2365 1857 2418 corpora
1873 2349 1919 2402 he·

1115 2421 1240 2474 redituris
1257 2419 1419 2482 divisissent,
1437 2419 1543 2484 nomina
1560 2433 1663 2498 quoque
1682 2419 1857 2472 communium
1875 2417 1921 2468 de-

1115 2487 1230 2540 bitorum
1254 2485 1396 2554 separatim
1417 2485 1663 2554 diversa⁸s1ngulis
1686 2487 1713 2538 in
1736 2485 1848 2540 solidum
1872 2483 1920 2536 ad·

1117 2555 1293 2622 signaverunt.
1339 2555 1469 2608 uaesitum
1493 2559 1546 2618 est,
1571 2569 1605 2608 an
1622 2553 1803 2620 uuusquisque
1821 2567 1920 2614 eorum,

1118 2621 1236 2676 debitore
1246 2573 1409 2676 sibiaidicto
1426 2629 1547 2674 cessante
1559 2623 1587 2674 in
1601 2623 1739 2684 solutione,
1754 2637 1803 2690 pro
1817 2617 1923 2674 solidoi

1117 2689 1212 2758 pignus
1230 2691 1279 2744 sub
1297 2707 1329 2744 eo
1347 2689 1452 2742 nomine
1469 2689 1613 2758 obligatum
1631 2689 1742 2744 vendere
1759 2689 1851 2756 possit.
1878 2701 1920 2738 re·

1118 2757 1226 2826 spondit
1242 2757 1368 2824 potuisse.

1475 2895 1515 2952 VI
1524 2893 1552 2952 ¹⁰.

1169 2991 1291 3046 QUIBUS
1308 2993 1413 3040 MODIS
1430 2991 1555 3040 PIGNUS
1573 2991 1641 3040 VEL
1659 2989 1867 3040 HYPOTHEOA

1417 3057 1585 3108 SOLVITUR
1595 3057 1623 3106 ¹¹.

1154 3155 1169 3216 i
1189 3157 1372 3212 Purrrrrros
1387 3157 1454 3210 libro
1468 3157 1606 3212 undecimo
1621 3173 1810 3226 responsorum
1841 3157 1922 3212 Debi-

1117 3225 1182 3278 toris
1205 3225 1323 3280 absentis
1346 3223 1446 3276 amicus
1469 3223 1575 3292 negotia
1590 3225 1671 3292 gessit
1688 3231 1714 3278 11
1730 3225 1840 3292 pignora
1857 3225 1923 3280 citra

1119 3293 1278 3360 emptionem
1295 3291 1408 3360 pecunia
1424 3307 1475 3344 sua
1490 3291 1623 3344 liberavit:
1648 3293 1689 3346 ius
1711 3291 1851 3360 pristinum
1875 3291 1920 3346 do-

1118 3361 1189 3412 mino
1211 3361 1362 3412 restitutum
1384 3357 1494 3412 videtur.
1522 3359 1600 3424 igtur
1623 3359 1668 3426 qui
1685 3361 1818 3426 negotium
1834 3361 1923 3426 gessit,

1118 3427 1208 3480 utilem
1227 3427 1379 3480 Seruianam
1397 3425 1454 3478 dari
1472 3425 1521 3478 sibi
1538 3441 1591 3480 uon
1608 3431 1680 3480 recte
1704 3427 1875 3480 desiderabit:
1901 3427 1923 3480 si

1121 3497 1130 3546 l
1168 3499 1257 3548 tamen
1274 3493 1417 3562 possideat,
1436 3493 1591 3562 exceptione
1606 3493 1658 3546 doli
1673 3493 1828 3546 defenditur.
1856 3493 1921 3546 Oum

1118 3561 1238 3616 venditor
1260 3565 1398 3616 numerata
1420 3559 1470 3614 sibi
1493 3565 1571 3628 parte
1592 3561 1670 3630 pretii
1692 3561 1830 3630 praedium
1852 3563 1923 3632 quod

1118 3631 1236 3682 venierat
1258 3629 1361 3698 pignori
1382 3627 1530 3696 accepisset
1552 3643 1585 3682 ac
1601 3633 1695 3696 postea
1712 3631 1845 3682 residuum
1862 3643 1921 3698 pre-

1118 3697 1184 3750 tium
1199 3697 1310 3764 emptori
1324 3697 1416 3748 litteris
1431 3695 1467 3748 ad
1480 3711 1540 3748 eum
1553 3695 1641 3748 missis
1657 3697 1788 3760 donasset,
1807 3711 1891 3766 eoque
1901 3697 1922 3728 ¹²

1119 3763 1244 3820 defuncto
1270 3763 1437 3818 donationem
1454 3763 1613 3832 quibusdam
1630 3763 1713 3818 modis
1730 3763 1848 3818 inutilem
1866 3779 1924 3818 esse

1120 3833 1268 3886 constabat.
1295 3833 1353 3886 inre
1370 3831 1486 3900 pignoris
1503 3829 1597 3886 fiscum
1613 3831 1716 3886 imstra
1732 3837 1823 3900 petere
1844 3847 1922 3900 prae-

1119 3901 1205 3966 dium,
1224 3901 1268 3968 qui
1286 3905 1450 3956 successerat
1466 3899 1494 3952 iu
1511 3901 1599 3952 locum
1614 3901 1772 3964 venditoris,
1790 3899 1922 3968 apparuit,

1121 3969 1197 4022 cuius
1220 3969 1335 4036 pignoris
1354 3967 1470 4020 solutum
1487 3983 1546 4022 esse
1562 3973 1671 4036 pactum
1688 3967 1772 4036 prima
1788 3969 1924 4020 voluntate

1118 4035 1267 4090 donationis
1286 4035 1434 4100 constabat,
1453 4035 1578 4104 quoniam
1594 4035 1713 4090 inutilem
1730 4035 1858 4102 pecuniae
1876 4035 1922 4088 do·

1118 4105 1252 4160 nationem
1269 4105 1313 4158 lex
1328 4105 1401 4168 fauit,
1420 4103 1463 4156 aui
1479 4119 1533 4156 non
1551 4109 1593 4158 est
1604 4103 1679 4158 locus
1694 4105 1722 4156 in
1735 4105 1845 4174 pignore
1858 4105 1923 4156 libe-

1119 4177 1134 4226 2
1169 4173 1261 4228 raudo.
1304 4171 1437 4228 Defensor
1463 4172 1581 4226 absentis
1607 4171 1755 4226 cantionem
1781 4171 1924 4226 iudicatum

1119 4241 1185 4294 solvi
1202 4241 1348 4310 praestitit:
1372 4241 1400 4292 in
1418 4239 1551 4294 domiuum
1568 4239 1665 4294 iudicio
1682 4247 1777 4308 postea
1794 4239 1923 4316 translato

1118 4309 1286 4364 fideiussores
1310 4311 1344 4362 ob
1368 4323 1423 4362 rem
1445 4309 1591 4362 iudicatam
1613 4325 1680 4376 quos
1705 4307 1827 4360 defensor
1853 4303 1924 4358 dedit

1118 4393 1173 4430 uon
1190 4379 1350 4432 tenebuntur
1367 4393 1416 4430 uec
1433 4377 1545 4444 pignora
1561 4391 1629 4444 quae
1647 4375 1783 4430 dederunt.
1917 4439 1923 4450 ὓ

1154 4441 1172 4500 2
1199 4445 1290 4500 Gerus
1310 4447 1378 4500 libro
1401 4461 1473 4498 cono
1499 4443 1537 4498 acl
1559 4445 1673 4498 edietum
1694 4441 1863 4512 provinciale
1889 4437 1924 4518 ι81

1119 4513 1233 4566 creditor
1251 4513 1377 4568 Serviane
1400 4513 1503 4566 11111111
1525 4511 1620 4580 pignus
1639 4525 1655 4564 a
1672 4523 1825 4578 possessore
1841 4513 1923 4576 petre-

1118 4581 1152 4632 rit
1170 4587 1197 4634 et
1214 4597 1353 4648 possessor
1368 4579 1421 4634 litis
1438 4579 1647 4634 aestimationem
1661 4575 1786 4630 obtulerit
1800 4579 1827 4628 et
1841 4575 1875 4630 ab
1892 4589 1923 4630 eo

1118 4647 1221 4702 debitor
1238 4665 1293 4702 rem
1309 4647 1437 4712 vindicet,
1456 4663 1510 4702 uon
1528 4645 1604 4700 aliter
1619 4645 1671 4698 hoc
1688 4645 1777 4696 facere
1796 4643 1923 4698 concede-

1117 4721 1169 4778 tur,
1187 4717 1238 4768 uisi
1254 4717 1328 4784 prius
1346 4717 1369 4768 ei
1386 4715 1504 4768 debitum
1522 4713 1623 4768 offerat.

1151 4779 1170 4840 3
1201 4783 1345 4838 Uarianos
1369 4783 1437 4838 libro
1462 4787 1555 4836 octavo
1582 4779 1792 4850 disputationum
1827 4779 1856 4834 Si
1881 4795 1924 4834 res

1118 4851 1248 4906 distracta
1264 4851 1346 4906 luerit
1362 4849 1415 4916 sic,
1433 4849 1484 4906 nisi
1498 4849 1570 4906 intra
1587 4853 1689 4900 certum
1708 4849 1775 4900 diem
1791 4849 1925 4904 meliorem

1118 4919 1300 4974 condicionem
1313 4921 1463 4982 invenisset,
1478 4917 1611 4984 fueritque
1625 4915 1723 4970 tradita
1738 4917 1842 4972 etforte
1851 4935 1922 4986 emp-

295 4985 333 5044 12
352 4987 558 5044 Tarruomrvus
573 4991 641 5044 libro
659 4997 751 5044 octauo
767 4989 980 5058 [trepidationum
1014 4987 1067 5042 Re·
1117 4993 1173 5052 tor,
1199 4993 1341 5056 antequam
1358 4987 1449 5040 melior
1466 4985 1587 5038 condicio
1605 4985 1755 5052 offerretur,
1777 4987 1847 5040 hano
1869 5001 1924 5040 rem

257 5057 385 5122 scriptum
404 5063 444 5110 est
461 5057 495 5110 ab
512 5057 672 5124 imperatore
689 5059 792 5110 libellos
810 5061 904 5122 agente
917 5055 1066 5124 Papiniano
1116 5055 1221 5124 pignori
1244 5055 1372 5118 dedisset,
1395 5053 1539 5106 Marcellus
1561 5051 1628 5106 libro
1654 5053 1743 5122 quinto
1763 5055 1924 5122 digestorum

257 5123 414 5178 creditorem
431 5139 448 5176 a
466 5125 585 5178 debitore
606 5125 702 5204 pignus
725 5141 812 5178 emere
834 5139 928 5192 posse,
953 5125 1017 5192 quia
1038 5125 1067 5176 in
1116 5125 1155 5176 ait
1180 5123 1250 5176 iiuiri
1274 5123 1383 5190 pignuS,
1415 5119 1439 5174 si
1463 5119 1556 5172 melior
1581 5121 1700 5176 condicio
1725 5123 1806 5176 luerit
1832 5123 1923 5186 allata,

258 5195 269 5242 1
307 5191 422 5246 dominio
446 5197 535 5246 manet
557 5191 709 5246 debitorisi.
746 5191 774 5246 Si
797 5191 885 5244 aliena
902 5207 944 5246 res
961 5191 1066 5260 pignori
1116 5205 1288 5312 gpamquam,
1312 5191 1359 5242 ubi
1381 5187 1419 5242 sic
1441 5187 1637 5266 resdistracta
1661 5195 1714 5256 est,
1738 5191 1789 5244 nisi
1811 5189 1923 5260 emptori

257 5257 318 5312 data
335 5259 417 5314 fuerit
434 5265 460 5314 et
478 5257 593 5314 creditor
610 5275 667 5312 eam
684 5259 844 5322 vendiderit,
861 5259 1011 5324 videamus,
1030 5275 1065 5312 an
1136 5259 1301 5326 'splicuisset
1319 5257 1413 5326 pignus
1430 5253 1501 5308 fiam
1518 5271 1571 5310 non
1589 5263 1673 5328 putet.

255 5327 369 5394 pretium
387 5329 458 5396 quod
473 5327 593 5398 percepit
610 5329 723 5382 creditor
737 5329 831 5382 liberet
845 5327 991 5380 debitorem
1004 5343 1064 5396 per·
1150 5327 1169 5382 4
1188 5325 1268 5380 loru
1287 5325 1355 5380 libro
1376 5325 1573 5400 scptpapesimo
1598 5329 1674 5380 tertio
1692 5325 1730 5380 acl
1745 5325 1859 5380 edictam
1895 5323 1922 5376 Si

254 5395 340 5448 sonuli
357 5395 462 5450 actione
478 5395 606 5464 pecuniae
624 5397 746 5450 creditae.
774 5395 845 5464 quod
870 5409 931 5446 vere
953 5411 1063 5464 respon·
1115 5395 1233 5458 debitor,
1257 5393 1332 5446 cuius
1354 5405 1395 5444 res
1418 5393 1521 5458 pignori
1544 5395 1674 5464 obligatae
1697 5399 1787 5458 erant,
1817 5407 1920 5446 servum

253 5563 472 5628 (1111111111111112
548 5565 580 5626 (11
599 5563 732 5614 venireF²
814 5567 846 5624 (st
864 5563 1059 5626 necimpedieu·
1111 5561 1236 5612 rossadal.
1247 5563 1288 5626 (of
1300 5563 1314 5610 l.
1325 5573 1345 5612 11
1357 5561 1378 5610 d.
1390 5563 1415 5622 t.)
1484 5565 1518 5628 (1)
1537 5565 1689 5614 solvendoF

253 5633 425 5686 damesseius.
511 5635 543 5696 (t)
561 5631 618 5698 cf.l.
629 5633 705 5682 1111
805 5637 828 5690 t)
847 5629 1058 5696 Pap.l.IIlresp.
1145 5631 1188 5688 (lot
1208 5627 1266 5676 Sat.
1279 5635 1360 5680 115.
1372 5631 1519 5690 t.8;Ed.t.
1531 5633 1695 5698 1111111111
1707 5631 1916 5696 to...13;App.it.

254 5699 1059 5764 0111111111111111111111111111111111111111711,1111111111
1108 5695 1329 5756 ra—Bas.25,a
1413 5699 1452 5760 (11)
1471 5697 1733 5748 111111111111111111*Ἴ
1811 5701 1913 5758 (11111-

252 5771 305 5822 alia
357 5773 389 5834 (t)
407 5771 496 5836 ipseF
498 5767 516 5830 ²,
527 5767 607 5832 ipsius
616 5785 663 5816 scr.
715 5767 915 5832 1111111111
966 5763 1000 5824 (8)
1019 5761 1058 5812 di·
1109 5763 1258 5826 queleoscr.

1664 5847 1711 5894 34*
