4366 6258
262 367 485 418 msmruuums
1043 349 1115 440 ,att
1727 355 1868 420 XXVlll
1890 367 1908 420 5

263 533 325 592 assis
342 533 517 602 appellatione
534 533 709 586 condreatur.
741 533 842 586 habent
858 535 948 588 eutem
965 535 992 588 et
1007 535 1059 586 hae
1105 531 1191 586 irater
1214 549 1268 586 nou
1291 541 1344 600 est,
1368 539 1391 590 si
1412 539 1530 592 fraterna
1554 535 1665 590 ιιι-ιιιιι
1687 531 1813 598 diligitur,
1836 539 1908 586 recte

263 607 346 676 partes
368 601 477 670 propria
501 599 609 654 nomina
633 599 667 652 ab
693 601 773 654 uncia
797 615 881 670 usqne
906 601 941 656 ad
963 613 1058 664 assem,
1108 615 1169 652 cnm
1191 601 1296 654 nomine
1319 617 1367 656 sno
1390 605 1440 658 snb
1464 603 1640 674 appellatione
1661 599 1751 654 fratris
1774 599 1850 656 heres
1868 601 1908 652 in-

263 675 324 742 puta
339 667 418 722 haec:
443 673 549 722 sextans
572 667 705 736 quadrans
728 667 810 722 triens
828 669 963 738 quincunx
980 667 1058 724 semis
1107 667 1233 720 stituitur.

263 741 371 806 septunx
387 735 434 790 bes
452 733 566 790 dodrans
584 733 695 788 dextans
713 733 801 790 deunx
817 751 855 790 as.
1142 729 1181 790 60
1205 731 1266 798 (59)
1296 733 1403 788 cresus
1425 737 1492 792 libro
1515 741 1593 792 santo
1619 735 1720 790 decimo
1745 733 1908 802 clipeatorum

293 801 330 862 52
350 799 409 868 [le
426 801 680 856 Muneranuslidru
695 803 772 856 tertio
785 803 940 874 reperturum
965 799 1059 856 Talem
1106 799 1188 854 Liber
1202 801 1282 854 humo
1301 817 1360 854 cum
1376 799 1425 854 tibi
1442 805 1563 870 serviret,
1586 805 1662 858 heres
1679 801 1817 856 institutus
1833 799 1910 852 iussu

262 871 446 928 institutionem
468 867 574 938 quidam
596 869 684 922 valere
702 885 757 924 non
773 871 917 938 putabant:
941 867 1057 922 ‘Stichus
1106 871 1153 922 tuo
1172 867 1245 922 adiit.
1272 867 1414 922 Trebatius
1432 883 1489 922 esse
1506 885 1566 922 enm
1580 871 1719 924 heredem:
1735 869 1826 922 Labeo
1844 871 1909 920 tunc

264 943 332 994 ‘liber
354 943 410 990 estu
435 941 474 1000 et,
497 935 520 988 si
540 936 609 989 liber
629 935 692 1000 erit,
714 937 791 992 heres
809 937 882 990 esto'.
917 935 965 988 sed
982 935 1057 990 dirus
1105 949 1161 992 non
1178 949 1237 990 esse
1253 935 1384 1000 heredem,
1402 933 1424 988 si
1440 937 1596 990 necessitate
1609 937 1637 990 id
1651 937 1752 1002 iecerit,
1769 951 1823 990 non
1838 933 1909 1004 quod

263 1009 364 1064 Marcus
379 1003 516 1072 rescripsit
531 1004 601 1058 hanc
617 1003 809 1060 instimtiunem
825 1003 927 1066 valere,
968 1003 1058 1056 eunde
1110 1007 1120 1056 l
1157 1003 1273 1072 alioquin
1289 1003 1368 1080 uellet
1384 1001 1503 1070 obligari.
1538 1003 1640 1072 Siquis
1662 1005 1701 1060 ita
1723 1003 1846 1060 heredem
1868 1003 1909 1058 in-

266 1083 275 1130 1
308 1079 385 1140 atque
401 1071 425 1126 si
441 1087 496 1126 nun
512 1077 570 1126 erat
586 1069 719 1126 adiectum
737 1073 768 1126 ‘si
781 1071 848 1126 liber
861 1069 928 1124 erit’.
947 1019 984 1122 l'Si
998 1069 1057 1138 quis
1106 1069 1235 1126 stituerit:
1262 1069 1357 1124 ιΤιιιιι
1384 1085 1437 1138 qua
1463 1083 1496 1122 er
1520 1073 1596 1138 parte
1619 1071 1683 1126 mihi
1708 1073 1796 1128 socius
1820 1069 1910 1126 estin

262 1145 297 1198 ita
318 1139 462 1208 scripserit:
490 1137 619 1204 ‘Stichum
644 1137 669 1192 si
690 1153 765 1194 meus
790 1137 840 1192 erit
864 1153 926 1192 cum
950 1139 1056 1202 murier,
1106 1137 1236 1204 ‘vectigali
1259 1139 1414 1202 salinarum,
1436 1153 1485 1204 pru
1510 1151 1542 1192 ea
1563 1141 1640 1204 parte
1658 1141 1723 1194 mihi
1739 1141 1816 1196 heres
1834 1141 1909 1204 estut

264 1211 332 1262 ‘liber
359 1213 384 1260 et
412 1207 488 1260 heres
517 1207 591 1272 esto’,
619 1205 750 1260 ahenatue
778 1221 832 1260 non
858 1203 957 1274 poterit
982 1205 1058 1260 iussu
1107 1207 1213 1276 quidam
1230 1211 1338 1274 putant,
1364 1205 1387 1260 si
1409 1219 1469 1258 asse
1488 1203 1639 1272 ιιιιιιιιιι2
1655 1207 1683 1262 id
1700 1207 1850 1264 adiectum³
1866 1207 1909 1270 sit,

264 1273 379 1344 emptoris
395 1273 468 1326 adire
484 1273 670 1336 hereditatem,
695 1273 827 1342 quamvis,
851 1273 902 1326 etsi
923 1287 978 1328 non
1000 1275 1059 1326 erat
1106 1279 1137 1328 ut
1159 1273 1273 1328 maxime
1295 1273 1383 1326 socius
1402 1271 1483 1326 ιιιιιι
1499 1271 1598 1348 ΙΤιιιιι,
1621 1287 1675 1326 ιιι
1698 1291 1755 1330 esse
1776 1273 1910 1340 heredem,

263 1345 309 1396 huc
326 1355 485 1408 expressum,
503 1357 556 1394 nun
573 1339 639 1394 alias
656 1339 723 1394 liher
740 1345 767 1394 et
781 1339 859 1392 heres
873 1339 930 1394 fieri
943 1343 1057 1408 poterat,
1106 1339 1155 1396 sed
1171 1341 1195 1396 si
1210 1357 1265 1408 qua
1280 1355 1344 1410 pars
1361 1355 1446 1394 vacua
1461 1339 1554 1392 rehcta
1570 1337 1659 1416 tuerit,
1676 1357 1710 1394 ex
1724 1357 1756 1396 ea
1769 1341 1911 1398 ιιιιιιιιιιι

263 1405 378 1478 quamsi
400 1407 540 1462 mansisset
563 1409 628 1462 eine.
667 1405 715 1462 sed
740 1407 763 1462 si
785 1405 860 1460 virm
881 1421 943 1460 enm
964 1421 1057 1460 manu·
1106 1421 1173 1462 esse
1208 1407 1280 1478 quod
1302 1411 1388 1462 tutum
1409 1411 1435 1462 et
1451 1405 1569 1474 ineptum
1586 1411 1614 1458 et
1628 1405 1752 1462 utiosum
1770 1415 1822 1464 est:
1847 1407 1911 1480 quid

263 1473 363 1538 miserit,
380 1473 471 1528 Celsus
485 1475 552 1530 libro
567 1475 658 1544 quinto
674 1473 775 1528 decimu
792 1473 952 1542 digestorum
966 1473 1058 1528 scribit
1107 1477 1178 1530 enim
1200 1481 1273 1530 vetat
1295 1489 1355 1528 asse
1376 1473 1526 1542 descriptu2
1542 1471 1641 1526 utiliter
1657 1473 1756 1528 Titium
1778 1491 1812 1530 ex
1834 1481 1911 1546 parte

263 1543 315 1596 ieri
338 1541 407 1596 hunc
430 1543 567 1598 heredem:
596 1557 651 1598 non
673 1543 742 1596 enim
764 1543 836 1596 hunc
860 1555 952 1596 casnm
975 1547 1057 1596 testa·
1106 1543 1177 1600 forte
1193 1549 1298 1614 quarta,
1317 1559 1348 1596 ex
1366 1555 1419 1612 qua
1436 1543 1524 1598 socius
1541 1545 1606 1606 arat,
1623 1539 1747 1594 heredem
1761 1543 1912 1600 institutum

262 1618 339 1666 torem
355 1609 468 1664 vulsisse
486 1609 624 1666 excludere
641 1609 731 1678 palam
747 1615 889 1678 estusque
905 1609 987 1666 rerba
1002 1627 1056 1664 um·
1106 1615 1122 1666 2
1157 1613 1234 1666 esse?
1262 1611 1355 1666 ‘Titius
1366 1613 1443 1666 heres
1455 1617 1525 1666 esto:
1544 1609 1620 1664 Seius
1631 1613 1658 1662 et
1669 1609 1788 1664 Maevius
1800 1611 1911 1668 heredes

263 1679 319 1732 nino
335 1681 495 1746 repugnant:
520 1693 582 1732 uam
604 1677 723 1748 quamne
745 1693 836 1732 servus
858 1679 915 1732 eius
936 1693 990 1734 non
1008 1683 1056 1744 est,
1108 1681 1214 1734 ιιιιιι’.
1240 1695 1331 1734 verum
1348 1685 1388 1734 est
1406 1677 1597 1746 quudPruculu
1609 1677 1698 1746 placet
1710 1675 1777 1732 duos
1789 1681 1911 1736 semisses

263 1751 288 1798 at
304 1747 373 1798 certe
389 1744 499 1800 libertus
516 1751 565 1800 est.
1108 1753 1123 1802 3
1158 1763 1225 1812 esse,
1243 1763 1355 1826 quorum
1365 1747 1433 1800 alter
1445 1747 1604 1800 comunctim
1615 1745 1719 1798 duobus
1732 1743 1818 1798 datrtr.
1847 1747 1913 1802 Cum

290 1807 328 1868 53
347 1807 406 1876 (52)
425 1813 543 1866 Plutus
558 1813 624 1866 libro
641 1811 759 1868 secundo
776 1813 933 1884 reperturum
962 1813 1057 1866 Servus
1109 1815 1167 1884 quis
1190 1831 1224 1870 ex
1245 1815 1386 1878 institutis,
1412 1815 1457 1882 qui
1478 1829 1533 1866 non
1555 1829 1614 1866 eum
1637 1813 1725 1882 aliquo
1751 1811 1913 1868 coniunctim

263 1877 428 1932 hereditarius
446 1879 522 1934 heres
539 1879 642 1934 institui
679 1883 756 1944 otest,
774 1879 797 1932 si
813 1879 892 1934 modo
906 1879 1058 1934 testamenti
1107 1881 1244 1936 institutus
1262 1883 1309 1946 sit,
1327 1883 1404 1936 heres
1421 1897 1476 1936 ιιι
1493 1885 1546 1944 ιιι,
1569 1895 1632 1948 pars
1650 1879 1706 1934 eius
1724 1879 1845 1934 omnibus
1861 1897 1911 1960 pro

262 1943 402 2022 landolinit
421 1961 480 2000 cum
498 1945 638 2010 defuncto,
659 1897 724 2000 ficet
745 1961 805 2000 cum
820 1945 918 2000 herede
934 1945 1057 2000 instituto
1127 1951 1275 2004 ustionibus
1290 1949 1454 2002 hereditariis
1468 1947 1606 2026 adcrescit,
1623 1961 1709 2026 neque
1719 1945 1809 2012 refert,
1826 1963 1912 2026 pmmu

263 2029 311 2066 nen
327 2017 367 2064 ιιι.
757 2055 758 2058 ¹
1107 1967 1167 2070 55ιο
1191 2017 1248 2086 quis
1271 2017 1407 2070 institutus
1430 2031 1466 2068 an
1488 2015 1567 2068 abent
1589 2015 1751 2068 substitutus
1771 2015 1848 2068 heres
1870 2019 1911 2068 ιιι.

292 2077 329 2134 54
346 2077 406 2144 (53)
425 2079 602 2134 Miseratus
622 2081 689 2134 libro
712 2079 849 2152 simpulsare·
867 2095 1057 2148 responsorum
1108 2087 1125 2136 4
1158 2083 1188 2138 ei
1209 2085 1286 2138 heres
1310 2083 1448 2138 institutus
1472 2083 1603 2138 scribendi
1625 2083 1777 2138 testamenti
1794 2087 1914 2152 tempure

262 2147 352 2200 Lucius
368 2147 453 2200 Titius
468 2147 527 2202 Seio
545 2153 572 2200 et
589 2147 743 2216 Sempronio
761 2163 794 2200 ex
810 2147 963 2200 semissibus
980 2149 1056 2200 here·
1109 2149 1172 2206 ciris
1195 2151 1332 2206 Romanus
1355 2151 1419 2216 luit,
1448 2151 1542 2206 deinde
1566 2149 1591 2204 ei
1613 2167 1684 2218 aqua
1706 2157 1734 2204 et
1754 2151 1809 2218 igni
1829 2149 1912 2204 inter-

263 2213 331 2266 dibus
354 2213 482 2268 institutis
506 2221 531 2268 et
554 2213 648 2268 ceteris
673 2215 837 2268 exheredatis
854 2215 966 2268 invicem
981 2215 1056 2268 here·
1108 2217 1209 2272 dictum
1226 2225 1274 2284 est,
1291 2219 1368 2272 heres
1385 2217 1423 2284 iit,
1440 2219 1464 2272 si
1480 2219 1550 2272 intra
1565 2217 1630 2270 illud
1647 2223 1752 2284 tempus
1765 2233 1817 2286 quo
1830 2221 1912 2272 testa-

263 2279 315 2334 ten
339 2281 489 2346 substituit,
521 2281 613 2334 deinde
641 2281 729 2350 legata
758 2287 785 2334 et
811 2281 948 2336 libertates
977 2281 1057 2348 dedit,
1107 2291 1150 2340 tur
1176 2285 1291 2340 decessit
1315 2285 1422 2338 redierit
1446 2289 1507 2350 aut,
1533 2287 1556 2338 si
1580 2285 1631 2338 sub
1658 2283 1814 2338 condicione
1835 2283 1913 2338 heres

262 2353 347 2416 postea
362 2347 400 2402 ita
418 2347 543 2402 subiecit:
562 2347 708 2402 ‘Cornelius
725 2353 753 2404 et
769 2347 910 2404 Sallustius
928 2353 954 2404 et
971 2349 1056 2404 Varro
1107 2351 1244 2406 institutus
1262 2359 1316 2418 est,
1339 2369 1391 2422 quo
1415 2357 1532 2422 tempora
1556 2351 1676 2406 condicio
1698 2353 1809 2406 exsistit.
1843 2353 1913 2406 idem

262 2413 352 2484 ‘aequis
376 2413 498 2484 partibus
520 2415 630 2470 heredes
653 2421 746 2482 sunto,
770 2431 837 2486 quus
858 2417 971 2470 inmcem
994 2419 1056 2472 sub·
1108 2425 1122 2472 5
1158 2425 1186 2474 ιι
1202 2419 1230 2472 iu
1246 2419 1338 2488 legatis
1353 2425 1380 2476 et
1391 2419 1419 2472 in
1430 2419 1560 2476 bonorum
1571 2419 1791 2488 possessionibus.
1819 2419 1913 2474 ‘Titius

262 2483 366 2536 ‘stituu'r
390 2497 498 2550 quaero,
521 2487 649 2552 quantum
666 2485 708 2538 rel
725 2485 826 2554 priores
845 2483 897 2538 duo
915 2499 950 2538 ex
966 2485 1056 2538 semis·
1109 2493 1151 2542 ‘ex
1174 2487 1281 2542 semisse
1303 2489 1380 2542 heres
1403 2493 1474 2542 esto:
1504 2487 1580 2542 Seius
1606 2503 1639 2540 ex
1664 2487 1813 2556 quadrante
1836 2487 1913 2540 heres

262 2549 326 2604 sibus
342 2549 456 2604 instituti
472 2551 513 2604 vel
530 2551 690 2618 posteriores
707 2551 807 2606 habere
823 2551 945 2606 debeant.
983 2551 1056 2606 Mar·
1109 2559 1188 2608 ‘estur
1220 2555 1305 2608 Titius
1331 2555 1355 2608 ιι
1379 2555 1407 2610 in
1430 2555 1588 2624 Capitulium
1613 2555 1776 2620 ascenderit,
1802 2569 1835 2608 ex
1860 2553 1913 2608 alic

262 2617 335 2670 uellus
357 2617 493 2684 respondit
513 2619 542 2670 in
559 2619 672 2672 obscuro
690 2633 763 2684 esse,
785 2617 937 2672 'Oomelium
956 2623 982 2672 et
999 2619 1056 2672 Sal·
1108 2621 1266 2690 ‘quadrante
1282 2623 1357 2676 heres
1376 2623 1450 2676 esto'.
1484 2627 1626 2692 antequam
1643 2621 1803 2690 Capitolium
1819 2635 1913 2676 ascen-

259 2683 360 2738 lustinm
383 2689 409 2738 et
434 2683 579 2736 Varronem
607 2683 691 2752 primo
716 2699 751 2738 an
774 2685 891 2758 secundo
915 2687 957 2740 rel
978 2685 1057 2738 tertio
1109 2689 1155 2742 dat
1177 2689 1200 2742 si
1222 2703 1271 2758 pro
1294 2689 1392 2742 herede
1407 2695 1496 2758 gerat,
1520 2705 1553 2742 ex
1574 2689 1683 2744 semisse
1706 2689 1783 2742 heres
1805 2689 1867 2742 erit:
1892 2687 1914 2742 si

260 2749 336 2818 gradu
366 2749 476 2804 heredes
506 2751 645 2806 instituere
672 2751 798 2806 soluerit:
833 2751 881 2806 sed
911 2751 1057 2806 secundum
1109 2755 1267 2824 Capitolium
1289 2755 1452 2822 ascenderit,
1478 2761 1560 2812 etex
1585 2755 1733 2826 quadrante
1755 2757 1831 2810 heres
1856 2755 1914 2820 erit,

261 2819 410 2886 scripturam
434 2819 599 2882 testamenti,
622 2833 691 2888 quae
713 2825 920 2890 proponeretur,
944 2821 1057 2874 alterum
1107 2839 1158 2878 nec
1181 2823 1232 2878 erit
1256 2823 1280 2878 ei
1303 2839 1413 2878 necesse
1433 2839 1483 2894 pro
1506 2823 1602 2878 herede
1624 2837 1715 2892 gerere
1741 2823 1838 2892 quippe
1861 2823 1915 2876 iam

261 2901 339 2938 assem
356 2885 448 2940 datum
467 2885 504 2938 eis
521 2885 611 2940 videri.
1108 2895 1123 2944 6
1157 2889 1257 2944 heredi.
1294 2889 1323 2944 Si
1343 2891 1382 2944 ita
1404 2891 1532 2960 scriptum
1553 2891 1648 2944 fuerit:
1673 2891 1767 2944 ‘Titius
1789 2905 1821 2944 ex
1838 2899 1915 2958 parte

290 2951 326 3020 55
350 2951 411 3020 (54)
440 2953 594 3008 Numerus
623 2953 691 3008 libro
719 2955 810 3024 primu
842 2953 1057 3008 membranarum
1109 2957 1203 3022 tertia,
1220 2957 1339 3010 Maevius
1357 2973 1390 3010 ex
1406 2959 1800 3024 partetertiaheredessunto:
1819 2957 1914 3022 Titius,

260 3021 333 3076 Pater
353 3019 407 3074 tilio
428 3019 559 3090 impuberi
576 3037 680 3076 serrum
696 3019 821 3074 heredem
838 3021 975 3076 substituit
991 3021 1056 3076 libe-
1108 3025 1140 3078 ‘si
1161 3025 1232 3078 intra
1256 3023 1347 3076 tertias
1371 3025 1498 3080 kalendas
1521 3025 1595 3078 navis
1613 3041 1646 3080 ex
1663 3025 1728 3078 Asia
1744 3025 1858 3088 venerit,
1882 3037 1915 3076 ex

260 3103 360 3156 rumque
390 3103 448 3142 esse
475 3087 564 3142 iussit:
597 3103 657 3142 eum
683 3089 800 3154 pupillus
828 3087 947 3142 vendidit
971 3087 1055 3142 Titio:
1108 3091 1218 3160 ‘reliqua
1234 3097 1310 3158 parte
1328 3091 1404 3144 heres
1422 3093 1501 3148 astu’:
1526 3091 1674 3156 videamus,
1698 3107 1732 3146 ne
1749 3091 1836 3144 Titius
1859 3097 1914 3146 sta-

261 3157 336 3208 'litius
362 3171 420 3210 eum
443 3157 497 3208 iam
518 3155 602 3222 primo
626 3159 785 3210 testamento
802 3153 876 3210 facto
893 3155 922 3208 in
939 3155 1056 3210 secundo
1106 3159 1154 3212 tim
1173 3175 1206 3210 ex
1223 3159 1331 3212 semisse
1347 3157 1425 3212 heres
1442 3159 1490 3212 sit:
1517 3175 1578 3212 nam
1601 3157 1654 3212 duu
1672 3157 1782 3214 heredes
1799 3157 1915 3212 instituti

262 3229 408 3276 testamento
426 3223 539 3276 liberum
555 3223 732 3290 heredemque
749 3237 807 3276 esse
823 3223 908 3276 iussit.
935 3221 1056 3288 superins
1108 3229 1184 3288 sunt,
1209 3225 1256 3278 sed
1272 3225 1359 3278 Titius
1383 3229 1430 3278 aut
1453 3241 1486 3280 ex
1508 3227 1617 3280 semisse
1640 3231 1689 3278 aut
1712 3241 1745 3280 ex
1761 3225 1852 3280 besse:
1876 3225 1915 3278 ita

260 3295 438 3344 testamentum
449 3289 513 3342 Titii
524 3295 631 3358 ruptum
644 3295 691 3354 est,
710 3289 772 3358 quia
788 3289 812 3342 is
829 3303 922 3344 ιιιιιιι
940 3293 967 3342 ιι
980 3289 1056 3342 heres
1107 3297 1216 3346 sextans
1239 3291 1331 3360 ntique
1354 3291 1404 3344 erit
1426 3291 1453 3344 in
1475 3293 1601 3358 pendenti
1624 3297 1663 3356 et,
1688 3293 1712 3346 si
1730 3291 1849 3346 condicio
1868 3307 1914 3346 ex·

260 3363 339 3424 potest
362 3373 420 3412 esse
439 3361 480 3422 et,
503 3363 534 3412 ut
556 3355 677 3424 superius
701 3361 888 3412 testamentum
910 3361 1056 3424 rumpatur,
1107 3359 1218 3424 stiterit,
1244 3373 1277 3412 ex
1298 3359 1376 3412 besse
1398 3359 1476 3412 heres
1493 3359 1555 3424 erit,
1579 3361 1602 3412 si
1625 3373 1680 3412 non
1702 3357 1846 3424 exstiterit,
1869 3359 1915 3412 ille

260 3423 350 3478 sufficit
373 3425 411 3478 ita
436 3425 568 3494 posterius
593 3423 694 3478 iactum
721 3439 792 3488 esse,
821 3429 852 3476 ιι
876 3423 966 3490 aliquo
992 3439 1057 3478 casu
1107 3431 1215 3480 sextans
1235 3427 1338 3480 Maesio
1362 3423 1507 3480 adcrescet.
1543 3425 1587 3478 sed
1610 3427 1634 3480 si
1657 3427 1800 3480 decesserit
1817 3427 1914 3490 Titius,

260 3493 366 3560 potuerit
390 3507 422 3544 ex
437 3507 477 3546 eo
501 3493 578 3546 heres
601 3493 721 3544 existere.
757 3491 829 3560 quod
849 3489 883 3544 ad
899 3491 952 3544 rim
970 3495 1058 3544 autam
1107 3499 1249 3560 antequam
1268 3493 1387 3546 condieiu
1400 3493 1518 3556 exsistat,
1538 3493 1762 3548 deindeoondiciu
1775 3493 1914 3558 exstiterit,

260 3559 308 3614 eius
323 3559 496 3614 institutionis
512 3559 635 3628 pertinet,
652 3559 691 3612 ita
705 3573 735 3612 se
746 3573 789 3612 res
799 3559 888 3622 hahet,
907 3563 946 3622 ιι,
965 3573 1056 3626 quam·
1106 3567 1197 3612 tamen
1214 3559 1258 3612 ille
1274 3565 1383 3614 sextans
1400 3575 1455 3612 nun
1472 3559 1534 3612 Titii
1551 3559 1655 3626 heredi,
1679 3561 1727 3616 sed
1743 3561 1848 3616 Maesio
1867 3561 1914 3616 ad-

259 3625 297 3680 din
312 3627 410 3694 pupillo
429 3641 463 3680 ex
481 3641 512 3682 ea
529 3625 717 3680 substitutione
733 3627 810 3680 heres
827 3631 918 3694 potest
935 3639 1001 3688 esse,
1025 3637 1057 3676 ex
1107 3631 1223 3682 crescet:
1250 3643 1312 3680 nam
1338 3643 1398 3680 cnm
1424 3627 1512 3680 adhuc
1538 3627 1646 3682 dubium
1672 3633 1755 3692 esset,
1782 3627 1854 3682 Titio
1879 3643 1915 3682 an

259 3693 314 3748 Titii
335 3699 494 3748 testamento
515 3693 664 3748 libertatem
686 3693 912 3762 hereditatemque
931 3691 1058 3760 consequi
1106 3695 1211 3748 Maeuio
1236 3695 1260 3748 is
1283 3699 1390 3748 sextans
1414 3695 1491 3748 datus
1516 3701 1597 3760 esset,
1622 3695 1708 3748 Titius
1733 3695 1847 3750 decessit
1864 3709 1914 3750 nec

259 3779 304 3818 uun
320 3763 417 3830 possit:
442 3763 465 3814 ιι
487 3763 603 3842 pupillus
625 3761 654 3814 in
677 3775 753 3814 snam
771 3761 883 3814 tutelam
899 3761 1056 3830 peruenerit,
1105 3767 1195 3830 potest
1211 3761 1326 3828 intellegi
1344 3763 1422 3816 datus
1442 3761 1465 3816 ei
1483 3761 1527 3830 qui
1544 3767 1597 3816 tem
1617 3779 1663 3816 ore
1682 3763 1764 3816 dandi
1779 3761 1808 3818 in
1825 3779 1915 3818 rerum

257 3829 357 3908 pedride
381 3845 413 3882 ex
431 3829 496 3906 Titir
520 3833 677 3908 testamento
700 3829 770 3908 liber
784 3829 915 3906 heresque
932 3829 966 3882 eit
984 3843 1016 3880 ac
1034 3827 1057 3882 si
1107 3835 1254 3910 [natura
1271 3845 1326 3908 nun
1341 3829 1401 3908 iniit.
1431 3829 1458 3884 Si
1475 3829 1574 3908 Attius⁴
1605 3829 1682 3910 ibium
1700 3829 1916 3910 etlliaeriumet

257 3893 1056 4032 tttlttlttllttfltitlitttltltltltttt
1106 3895 1915 4032 ittiittttttttttltittsttttultlttttttt

258 4047 308 4088 esse
324 4031 415 4102 possit.
1105 4033 1204 4102 poterit
1222 4033 1298 4088 Seius
1316 4033 1380 4086 Titii
1397 4033 1470 4086 adire
1487 4031 1672 4096 hereditatem,
1696 4033 1764 4088 Attii
1781 4033 1822 4088 vel
1839 4033 1914 4088 adire

286 4097 322 4156 56
348 4097 409 4166 (55)
434 4099 552 4154 Pennus
575 4099 642 4154 libro
662 4099 756 4168 primu
782 4097 820 4152 ud
845 4099 930 4170 dapem
952 4097 1056 4152 Aeliam
1106 4099 1148 4154 vel
1163 4099 1299 4156 omittere:
1318 4099 1459 4166 sedAttio,
1478 4107 1619 4170 antequam
1637 4099 1716 4156 adeat
1733 4101 1791 4156 rel8
1809 4099 1914 4156 omittat

257 4167 367 4222 territam
407 4165 436 4220 Si
464 4165 486 4218 is
516 4167 561 4234 qni
589 4165 713 4222 soluendo
742 4181 796 4220 nun
825 4171 866 4220 est
887 4167 972 4234 primo
995 4165 1055 4222 loco
1106 4167 1162 4222 eius
1184 4167 1371 4234 hereditatem,
1397 4183 1430 4222 ex
1452 4169 1560 4222 semisse
1580 4169 1657 4222 heres
1681 4169 1738 4222 erit.
1774 4169 1798 4222 si
1819 4167 1915 4222 adierit

257 4235 381 4300 Stichum,
406 4233 523 4288 secundo
547 4249 608 4288 eum
632 4233 675 4288 cui
698 4249 731 4288 ex
754 4231 951 4288 fideicommissi
974 4247 1056 4288 causa
1106 4235 1182 4288 Seius
1200 4237 1267 4288 Attii
1283 4235 1471 4300 hereditatem,
1496 4237 1581 4290 Titius
1604 4251 1638 4288 ex
1660 4237 1758 4290 triente
1774 4235 1915 4290 dumtaxat

255 4303 394 4358 libertatem
413 4301 492 4354 dehet
508 4301 619 4356 liberum
637 4305 663 4354 et
680 4300 804 4355 heredem
820 4301 979 4368 instituerit,
1001 4299 1055 4354 Ne·
1106 4303 1183 4356 heres
1208 4303 1259 4358 erit
1282 4309 1308 4358 et
1330 4319 1378 4372 per
1400 4303 1572 4358 hereditatem
1589 4301 1652 4354 Titii
1675 4303 1757 4356 ιιιιιι
1775 4303 1915 4354 dumtaxat

255 4371 331 4424 ratius
348 4369 465 4424 secundo
483 4369 541 4422 luco
560 4369 689 4438 scriptum
705 4369 830 4424 heredem
845 4369 905 4424 iore
922 4371 969 4436 ait,
993 4369 1056 4438 quta
1106 4369 1140 4424 ad
1157 4369 1247 4426 Seium
1263 4371 1411 4440 perveniet,
1435 4371 1548 4426 alterum
1569 4371 1691 4424 trientem
1715 4385 1747 4424 ex
1769 4383 1820 4424 sua
1836 4369 1913 4422 insti-

255 4453 303 4492 ιιι
323 4437 425 4492 ridetur
449 4435 609 4492 crediturum
630 4435 842 4492 fraudandomm
863 4453 945 4492 cansa
960 4453 1055 4492 manu-
1106 4437 1209 4492 tutiune
1220 4439 1336 4494 habebit.
1363 4437 1426 4508 quid
1439 4453 1509 4506 erge,
1527 4437 1551 4492 si
1564 4439 1598 4492 ab
1610 4437 1685 4490 Attio
1698 4435 1785 4492 Titius
1798 4441 1824 4490 et
1837 4435 1914 4492 Seium

255 4507 351 4560 missus
1105 4505 1216 4560 heredes
1228 4507 1342 4562 instituti
1355 4511 1425 4570 sunt,
1439 4505 1524 4560 Titius
1538 4505 1631 4558 adierit
1640 4503 1824 4568 hereditatem,
1841 4503 1913 4558 Titio

284 4569 321 4630 57
341 4569 401 4640 (56)
419 4571 501 4626 Iners
520 4571 587 4626 lrbru
611 4573 748 4644 capulari
765 4573 798 4628 cle
815 4573 940 4626 secordis
957 4571 1056 4628 russulis
1106 4573 1182 4628 Seius
1210 4575 1287 4630 heres
1318 4573 1464 4630 exstiterit?
1497 4579 1620 4644 potestne
1644 4571 1712 4624 Attii
1739 4571 1914 4626 hereditatem

254 4639 338 4696 Potest
360 4641 418 4708 quis
436 4639 475 4694 ita
492 4639 615 4694 heredem
632 4641 784 4696 instituere:
809 4639 840 4696 ‘si
862 4639 935 4694 intra
957 4655 1056 4694 annum
1105 4641 1227 4696 omittere
1244 4657 1278 4696 an
1295 4641 1445 4696 necessario
1465 4641 1489 4696 ei
1507 4655 1537 4694 ex
1555 4655 1615 4694 asse
1631 4639 1709 4692 heres
1727 4639 1786 4692 esti
1815 4639 1914 4720 qnippe

255 4709 477 4788 ‘septuagesimum
494 4707 639 4774 decessero,
658 4709 702 4762 ille
718 4709 783 4762 mihi
799 4709 876 4762 heres
895 4709 975 4764 esto':
999 4725 1055 4762 non
1105 4725 1167 4764 oum
1190 4711 1258 4762 alius
1281 4725 1358 4766 nemo
1382 4711 1460 4764 heres
1481 4709 1619 4762 institutus
1639 4711 1702 4786 est,¹
1718 4721 1797 4828 (huam
1814 4707 1838 4762 is
1855 4723 1914 4778 ipse

254 4789 316 4830 emm
332 4791 381 4846 pro
398 4781 475 4846 parte
492 4781 604 4832 testatus
621 4775 738 4842 intellegi
755 4777 843 4840 debet,
860 4777 909 4830 sed
925 4777 975 4832 sub
991 4793 1054 4832 con·
1106 4777 1152 4847 qui
1169 4791 1202 4830 ex
1220 4777 1309 4846 aliqua
1325 4783 1401 4846 parte
1417 4779 1470 4832 iam
1486 4777 1563 4830 heres
1580 4779 1629 4840 est,
1646 4789 1722 4842 penu
1742 4779 1817 4842 eest,
1835 4777 1914 4846 quasi

254 4843 349 4898 dicione
366 4843 520 4900 instituisse.
1105 4861 1173 4900 nnus
1191 4847 1268 4900 heres
1285 4861 1333 4914 per
1350 4845 1450 4900 Titium
1467 4843 1603 4900 institutus
1621 4843 1664 4898 sit.

283 4909 320 4970 58
344 4909 405 4980 (57)
433 4913 513 4968 Inna
536 4911 605 4966 libro
631 4913 853 4984 quinquepertito
879 4913 992 4982 septimo
1019 4913 1056 4966 acl
1139 4909 1176 4972 61
1203 4909 1265 4980 (60)
1291 4913 1398 4968 Cursus
1419 4915 1486 4970 libro
1512 4913 1635 4968 uicesimo
1658 4909 1913 4982 nuncupatorum

252 4981 359 5034 edictam
398 4981 427 5034 St
453 4981 476 5034 is
501 4981 546 5050 qui
572 4981 697 5036 solvendo
723 4995 778 5034 nun
801 4985 841 5034 est
863 4993 969 5034 servum
993 4997 1053 5034 cum
1104 4981 1155 5050 Qui
1172 4981 1296 5038 soluendo
1313 4999 1368 5036 nun
1385 4987 1451 5048 erat,
1469 4997 1572 5036 servum
1589 4979 1674 5050 primu
1688 4981 1747 5036 lucu
1760 4983 1912 5036 stulterum

251 5043 366 5102 libertate
388 5047 513 5104 heredem
535 5047 680 5104 instituerit
702 5053 729 5104 et
747 5047 859 5104 liberum
876 5047 1053 5114 substituerit,
1103 5065 1209 5106 serrum
1230 5051 1347 5106 secundo
1370 5053 1430 5106 locu
1453 5047 1563 5104 heredes
1586 5047 1701 5118 scripsit.
1736 5050 1808 5104 sulus
1825 5051 1848 5106 is
1867 5051 1913 5120 qui

251 5121 308 5168 ante
329 5117 508 5186 incipiendum
531 5117 581 5170 erit
602 5131 620 5170 a
641 5115 801 5172 substituto:
824 5117 868 5170 lex
891 5115 961 5170 enim
977 5117 1053 5170 Aelia
1103 5119 1188 5188 primo
1205 5119 1265 5174 loco
1283 5119 1398 5186 scriptus
1417 5121 1457 5170 est
1472 5115 1646 5172 hereditatem
1663 5119 1749 5188 capit:
1772 5133 1835 5174 nam
1853 5119 1912 5188 lege

251 5177 336 5236 Sentis
360 5185 399 5238 ita
425 5185 531 5240 demum
555 5185 594 5250 ei,
623 5185 668 5254 qni
692 5185 720 5240 in
745 5185 866 5242 fraudem
892 5183 1053 5238 creditorum
1103 5187 1179 5242 Aelia
1202 5185 1294 5242 Sentis
1316 5185 1355 5238 ita
1379 5189 1502 5250 caretur,
1530 5191 1574 5250 ut,
1604 5185 1627 5242 si
1652 5185 1704 5242 duc
1730 5187 1853 5256 pluresue
1877 5203 1911 5242 ex

249 5245 321 5306 heres
344 5251 482 5308 institutus
506 5257 546 5308 est
569 5261 709 5308 conservat
732 5253 894 5320 libertatem,
926 5251 949 5306 si
974 5267 1052 5308 nemu
1103 5257 1195 5310 eadem
1219 5269 1300 5308 cansa
1322 5251 1433 5306 heredes
1457 5253 1549 5324 scripti
1568 5253 1635 5322 sint,
1658 5257 1699 5310 uti
1721 5257 1832 5328 quisque
1854 5257 1911 5326 pri-

250 5317 312 5374 alius
330 5335 363 5374 ex
380 5337 411 5376 eo
429 5325 585 5376 testamento
603 5323 681 5376 heres
699 5337 757 5378 esse
773 5329 869 5392 potest.
1103 5341 1161 5380 mus
1181 5323 1295 5390 scriptus
1313 5319 1355 5384 sit,
1373 5319 1451 5374 heres
1468 5319 1511 5376 sit.

280 5383 318 5444 59
337 5383 397 5456 (58)
420 5389 500 5444 Inru
521 5389 588 5444 libro
611 5395 710 5458 quartu
734 5389 771 5444 ud
797 5391 932 5446 Vitellium
965 5389 1050 5446 Nemo
1136 5387 1176 5448 62
1202 5389 1265 5456 (61)
1289 5389 1479 5442 Munnsrrnus
1505 5389 1571 5446 libro
1599 5397 1693 5450 octauo
1718 5407 1910 5464 responsuram

248 5449 347 5510 dubitat
363 5465 437 5512 recte
453 5459 492 5512 ita
509 5457 631 5512 heredem
647 5459 798 5528 nuncupari
814 5475 894 5530 posse
918 5459 971 5514 ‘hic
989 5459 1052 5512 mihi
1103 5461 1153 5528 Qui
1175 5459 1281 5512 volebat
1302 5455 1383 5510 liliam
1407 5457 1578 5528 exheredare,
1602 5463 1641 5518 sic
1658 5465 1818 5518 testamento
1836 5475 1909 5514 com·

249 5523 261 5572 1
295 5525 378 5580 ‘heres
395 5527 471 5592 estu’,
495 5543 555 5580 cum
572 5527 606 5580 sit
623 5543 721 5592 noram,
746 5527 791 5596 qui
808 5529 964 5584 ostenditur.
1001 5527 1052 5596 Qui
1100 5527 1253 5598 prehendit:
1273 5529 1308 5580 ‘te
1325 5529 1422 5592 autem,
1439 5525 1503 5596 filia,
1519 5531 1579 5584 ideo
1597 5529 1761 5596 exheredari,
1784 5527 1908 5600 quoniam

245 5761 272 5822 (1)
291 5765 441 5826 propriusr
506 5767 537 5830 (2)
556 5765 732 5830 direnptores.
802 5769 833 5828 (ιι)
852 5767 1075 5818 idedeiietnml'
1139 5767 1170 5828 (4)
1189 5767 1345 5816 ruminel*
1413 5769 1445 5832 (ι)
1463 5769 1662 5820 hereditatemF
1726 5769 1758 5830 (s)
1778 5767 1854 5818 sitos.

1668 5855 1701 5902 49
