4366 6258
275 351 340 424 XX
362 361 381 426 6
1073 349 1134 424 att

1547 377 1666 438 QUIBUS
1688 375 1792 424 monis
1813 373 1931 424 Plenus

275 565 354 620 quem
371 551 468 602 emerat
486 545 654 610 redhibuerit,
673 559 708 598 an
725 545 830 600 desinat
847 545 986 600 Serviauae
1002 547 1077 602 locus
1131 553 1140 598 l
1177 545 1268 600 fructu
1291 547 1420 598 exstincto
1442 545 1536 616 pignus
1559 545 1740 616 hypothecave
1757 543 1833 612 perit.
1869 543 1930 598 Ore-

275 619 352 672 asse?
385 619 413 668 et
433 615 516 684 magis
538 619 591 680 est,
614 631 650 670 ue
673 613 789 680 desinat,
813 613 863 670 nisi
889 631 921 668 ex
942 615 1078 670 voluntate
1127 613 1206 680 ditor,
1223 629 1258 668 nc
1271 613 1374 682 pignori
1388 615 1584 684 hypothecaeve
1599 613 1632 668 sit
1646 629 1697 678 res,
1715 613 1816 682 pacisci
1829 617 1930 682 potest:

279 691 289 738 l
326 683 462 736 creditoris
485 685 537 736 hoc
558 681 660 736 factum
681 687 730 736 est.
767 683 794 738 st
811 685 840 736 iu
855 683 1005 738 venditione
1020 683 1077 752 pig·
1127 687 1155 736 et
1171 681 1230 736 ideo
1248 681 1270 736 si
1292 683 1383 736 heredi
1406 689 1501 750 pactus
1523 681 1617 748 fuerit,
1642 683 1665 736 ei
1688 697 1794 750 quoqne
1816 679 1932 748 proderit

275 751 348 806 noris
371 751 532 806 consenserit
554 751 668 804 creditor
689 751 732 804 vel
753 757 784 806 ut
806 751 909 806 debitor
931 751 1000 804 hauc
1023 767 1078 804 rem
1126 757 1243 820 pactum,
1262 751 1306 804 oui
1322 751 1437 804 restituit
1453 751 1625 804 hereditatem
1640 767 1673 804 ex
1687 757 1796 804 senatus
1811 749 1931 802 consulto

275 823 407 886 permutet
422 819 462 874 vel
479 817 560 872 donet
576 819 616 872 vel
633 819 661 870 in
678 817 842 886 dotemdet,
866 819 1006 872 dicendum
1028 817 1079 872 erit
1128 823 1142 872 d
1178 817 1354 880 Trebelliano.
1390 817 1418 872 si
1431 823 1588 886 procurator
1604 817 1931 872 ιιιιιιιοιιιιιιιιιιιιιιιιιι7

275 887 369 954 pignus
386 887 499 950 liberari,
517 885 569 940 nisi
585 887 659 940 salva
676 901 759 940 causa
774 889 890 956 pignoris
908 889 950 940 sui
967 901 1077 940 consen·
1128 887 1176 950 sit,
1200 901 1254 940 non
1271 891 1336 954 puto
1355 883 1471 940 dubitari
1488 885 1596 950 debere,
1619 887 1683 952 quin
1705 891 1815 952 pactum
1838 889 1932 938 noceat

275 955 310 1006 sit
326 955 366 1006 vel
383 953 525 1008 venditioni
542 953 584 1006 vel
601 953 710 1006 ceteris:
729 969 790 1008 nam
809 955 895 1008 solent
911 955 988 1006 multi
1006 955 1078 1006 salva
1128 953 1259 1006 creditori.
1285 953 1399 1020 itemque
1417 955 1440 1006 si
1457 969 1474 1006 a
1490 959 1566 1022 parte
1582 951 1718 1006 creditoris
1733 959 1891 1020 procurator
1904 953 1931 1004 in

275 1035 357 1074 causa
369 1021 485 1090 pignoris
499 1021 540 1074 sui
554 1021 711 1074 consentire.
739 1023 801 1076 sed¹
820 1021 842 1074 si
859 1021 916 1088 ipse
934 1021 1079 1074 vendiderit
1127 1035 1182 1072 rem
1199 1035 1274 1072 suam
1292 1021 1434 1084 exstiterit,
1457 1021 1615 1088 paciscendo
1637 1019 1757 1072 inutilem
1780 1021 1830 1074 sibi
1852 1019 1932 1072 faciet

275 1087 396 1152 creditor,
413 1089 452 1144 sic
469 1093 556 1142 tamen
572 1087 748 1142 venditionem
764 1089 837 1154 iecit,
855 1105 888 1142 ne
902 1087 1079 1142 discedereta
1127 1087 1345 1156 hypothecariam
1363 1089 1506 1152 actionem,
1522 1087 1551 1140 iu
1568 1093 1687 1152 tantum,
1706 1093 1737 1140 ut
1753 1101 1843 1156 putem
1860 1093 1932 1142 recte

274 1155 397 1222 pignore,
415 1153 464 1208 nisi
482 1155 505 1208 ei
522 1155 648 1218 satisfiat,
674 1155 813 1210 dicendum
832 1157 880 1210 erit
898 1155 1078 1222 exceptionem
1128 1155 1180 1210 dici
1203 1161 1230 1208 et
1248 1155 1359 1210 dominis
1377 1155 1430 1210 litis
1447 1157 1499 1210 hoc
1517 1171 1582 1210 casu
1598 1171 1695 1210 nocere
1712 1155 1782 1210 hanc
1799 1171 1863 1210 exce
1882 1155 1931 1208 tio·

275 1223 369 1276 cinon
386 1237 489 1276 nocere.
517 1223 564 1276 sed
581 1229 608 1276 et
625 1223 648 1278 si
665 1239 719 1276 non
737 1231 905 1278 concesserat
921 1223 1017 1292 pignus
1034 1239 1077 1276 ve·
1128 1227 1143 1276 3
1178 1239 1245 1276 nem.
1281 1223 1310 1276 Si
1328 1223 1486 1288 convenerit,
1503 1239 1538 1276 ne
1554 1237 1617 1290 pars
1636 1221 1743 1276 dimidia
1759 1223 1849 1290 proin
1869 1221 1931 1276 'riso

274 1289 408 1354 numdari,
431 1291 478 1344 sed
500 1295 585 1344 ratam
609 1291 703 1344 habuit
724 1291 912 1356 venditionem,
937 1291 1007 1344 idem
1030 1291 1080 1342 erit
1127 1291 1230 1360 pignori
1253 1291 1301 1354 sit,
1326 1305 1507 1360 quaecumque
1529 1289 1606 1342 fundi
1628 1291 1684 1344 eins
1702 1307 1765 1358 pars
1784 1305 1800 1342 a
1817 1291 1933 1358 quolibet

275 1361 290 1408 2
324 1357 497 1426 probandum.
532 1357 605 1410 Belle
622 1359 765 1426 quaeritur,
782 1359 807 1412 si
822 1357 892 1412 forte
908 1357 1023 1412 venditio
1040 1357 1079 1410 rei

274 1425 423 1492 specialiter
440 1425 571 1492 obligatae
588 1441 642 1478 non
658 1426 758 1492 valeat,
782 1441 817 1478 an
840 1441 936 1480 nocere
952 1425 1020 1480 haec
1036 1441 1078 1480 res

275 1491 399 1546 creditori
416 1491 511 1546 debeat
528 1493 598 1560 quod
616 1495 758 1558 consensit,
776 1497 807 1546 ut
842 1501 889 1546 uta
904 1493 927 1546 si
942 1507 994 1560 qna
1010 1495 1077 1546 ratio

273 1559 339 1680 ieeis
364 1559 540 1614 venditionem
563 1561 707 1630 impediat?
742 1509 882 1616 dicendum
913 1565 953 1612 est
983 1561 1078 1630 pignus

274 1643 290 1680 v
318 1643 369 1682 ere.

309 1691 327 1750 5
344 1693 520 1750 Marcianos
541 1693 609 1750 libro
626 1695 762 1764 singulari
777 1693 814 1748 od
829 1693 976 1762 formalem
994 1693 1078 1764 feypo-

274 1759 419 1816 thecariam
453 1759 569 1816 Solvitur
584 1763 734 1832 hypotheca
750 1767 777 1814 et
794 1761 865 1814 siah
883 1777 914 1814 ea
929 1761 1079 1816 discedatur

274 1833 321 1882 aut
337 1831 489 1898 paciscatur
507 1829 633 1894 creditor,
657 1845 690 1884 ne
707 1829 848 1898 pecuniam
865 1835 952 1896 petat:
970 1831 1021 1882 nisi
1037 1831 1079 1884 ιι2

274 1897 333 1966 quis
350 1897 422 1950 dicat
438 1903 548 1966 pactum
569 1897 753 1966 interpositum
777 1911 849 1962 esse,
872 1903 903 1950 ut
925 1913 942 1950 a
964 1913 1079 1966 persona

273 1981 327 2018 non
344 1969 458 2032 petatur.
485 1973 511 2020 et
535 1967 597 2034 qttid
620 1967 644 2020 si
658 1967 718 2018 ‘hoc
740 1971 831 2018 actum
854 1965 902 2030 sit,
927 1981 987 2018 cum
1009 1965 1079 2020 forte

274 2033 340 2086 alius
358 2033 534 2104 hypothecam
551 2033 715 2104 possidebit?
748 2031 795 2086 sed
813 2047 873 2086 cum
890 2041 996 2102 pactum
1015 2049 1078 2086 con·

272 2105 379 2154 ventum
396 2103 575 2170 exceptionem
592 2107 748 2170 perpetuam
765 2101 867 2170 pariat,
893 2101 983 2156 eadem
1007 2107 1033 2154 et
1050 2101 1077 2154 in

251 2189 252 2192 ¹
273 2167 324 2224 hoc
339 2183 403 2224 casu
417 2177 528 2236 possunt
543 2169 603 2234 dici,
620 2173 691 2224 utet
706 2169 739 2222 ab
753 2169 903 2238 hypotheca
918 2167 1077 2224 discedatur.

275 2239 287 2290 1
323 2235 351 2290 Si
367 2239 519 2306 paciscatur
537 2237 664 2300 creditor,
681 2251 715 2290 nc
737 2237 808 2290 intra
825 2251 924 2304 annom
941 2237 1079 2306 pecuniam

272 2307 360 2374 petat,
384 2305 543 2374 intellegitur
560 2305 593 2358 de
609 2305 759 2374 hypotheca
777 2321 882 2374 quoque
899 2305 966 2368 idem
983 2311 1079 2374 pactus

273 2377 288 2426 2
323 2389 390 2428 esse.
425 2373 453 2428 Si
470 2373 636 2438 convenerit,
660 2377 690 2426 ut
707 2389 754 2440 pro
772 2373 923 2442 hypotheca
940 2371 1080 2428 fideiussor

273 2439 388 2504 ιιιιιιιιι,
406 2447 432 2494 ιι
449 2439 527 2494 datus
545 2441 587 2504 sit,
606 2437 772 2492 satisfactum
788 2441 927 2506 videbitur,
945 2447 976 2494 ut
992 2443 1077 2510 hypo·

272 2509 351 2560 theca
368 2509 500 2562 liberetur.
527 2507 600 2560 aliud
617 2511 671 2572 est,
694 2507 717 2560 si
739 2507 781 2560 ius
805 2509 971 2576 obligationis
989 2509 1077 2562 vendi-

273 2575 341 2630 derit
358 2575 471 2628 creditor
489 2577 515 2626 et
532 2575 671 2642 pecuniam
689 2575 837 2644 acceperit:
854 2581 920 2628 tunc
938 2575 1006 2628 enim
1021 2591 1077 2626 ma-

272 2649 336 2696 nent
353 2657 444 2698 omuss
461 2641 633 2710 obligationes
650 2643 782 2710 integrae,
800 2643 863 2712 quia
880 2643 958 2710 pretii
973 2642 1033 2698 loco
1050 2643 1078 2696 id

272 2713 287 2764 3
322 2711 459 2792 accipitur,
473 2711 798 2766 ncnsolutionisnomine.
833 2709 1005 2764 Satisfactum
1020 2727 1078 2766 esse

272 2779 395 2832 creditorr
406 2779 567 2848 intellegitur
581 2785 607 2832 et
622 2779 644 2832 si
658 2779 842 2832 iusiurandum
857 2779 972 2834 delatum
986 2779 1077 2834 datum

272 2851 313 2900 est
329 2847 495 2914 hypothecae
511 2863 566 2902 non
584 2863 642 2902 esse
659 2863 715 2902 rem
732 2847 882 2914 obligatam.

306 2911 324 2972 6
347 2915 492 2970 Uarianos
511 2915 579 2968 fibro
601 2917 797 2986 scpturtgcsimo
815 2917 893 2968 tertio
911 2913 948 2968 nd
964 2915 1077 2970 edictam

272 2981 338 3036 Item
355 2983 484 3038 liberatur
500 2983 609 3052 pignus,
627 2983 681 3036 sive
698 2983 814 3038 solutum
832 2989 873 3036 est
890 2983 1006 3038 debitum
1024 2985 1077 3038 sive

272 3065 303 3104 eo
320 3051 425 3104 nomine
443 3049 609 3106 satisfactum
626 3055 674 3106 est.
700 3051 747 3104 sed
765 3057 792 3106 et
806 3053 830 3106 si
845 3057 963 3120 tempore
974 3051 1077 3106 finitum

271 3117 365 3188 pignus
383 3123 438 3184 est,
454 3119 525 3172 idern
543 3119 630 3174 dicere
649 3119 789 3186 debemus,
806 3119 849 3174 vel
866 3121 888 3174 si
906 3135 959 3190 qua
975 3121 1078 3174 ratione

273 3191 285 3240 l
321 3187 445 3256 obligatio
464 3187 519 3242 eius
537 3187 612 3242 finita
630 3193 678 3244 est.
713 3187 764 3256 Qui
781 3193 893 3256 paratus
911 3193 951 3244 est
968 3187 1077 3254 solvere,

271 3255 363 3310 merito
386 3257 480 3324 pignus
503 3255 607 3310 videtur
628 3257 769 3310 liberasse:
794 3259 839 3326 qui
862 3271 924 3310 vero
947 3271 1001 3310 non
1025 3257 1077 3310 sol·

270 3337 345 3388 vere,
368 3325 414 3376 sed
437 3325 591 3378 satisfacere
612 3331 723 3394 paratus
741 3329 795 3388 est,
818 3325 847 3376 in
870 3325 973 3378 diversa
995 3327 1095 3378 causa

271 3397 319 3444 est.
346 3407 405 3460 ergo
424 3393 584 3448 satisfecisse
600 3393 717 3460 prodest,
737 3391 799 3462 quia
816 3393 867 3448 sibi
883 3393 1014 3460 imputare
1032 3393 1077 3448 de·

270 3459 315 3512 bet
332 3459 459 3526 creditor,
482 3461 528 3528 qui
546 3461 756 3516 satisfactionem
773 3459 879 3514 admisit
896 3461 951 3514 vice
968 3461 1078 3514 solutio·

270 3527 324 3580 nis:
349 3529 439 3594 atqui
456 3543 510 3580 non
527 3529 642 3582 admittit
659 3529 882 3592 satisfactionem,
905 3529 952 3582 sed
970 3527 1077 3582 solutio·

271 3597 285 3646 2
320 3609 380 3646 nem
395 3595 535 3660 desiderat,
552 3595 699 3664 culpandus
712 3611 767 3650 non
777 3601 825 3650 est.
861 3595 892 3646 ln
907 3595 1078 3650 satisdatione

270 3665 359 3714 autem
375 3677 429 3716 nou
446 3661 545 3716 utimur
561 3663 680 3716 Atilicini
696 3661 836 3726 sententia,
855 3661 900 3730 qui
917 3663 1036 3730 putabat,
1055 3663 1078 3716 si

270 3727 412 3784 satisdator
435 3729 514 3784 abcui
537 3733 642 3784 ιιιιιι3
666 3731 810 3800 pecuniae,
833 3727 958 3784 recedere
980 3745 1038 3784 eum
1061 3745 1078 3784 a

269 3795 422 3866 pignoribus
440 3797 543 3851 debere.

305 3861 322 3920 7
343 3863 435 3920 Gaios
450 3865 516 3918 libro
534 3865 671 3934 captatori
686 3865 723 3920 od
743 3865 892 3936 formulam
917 3863 1078 3934 hypotheca-

269 3933 338 3986 riam
373 3931 401 3986 si
410 3933 544 3986 consensit
557 3933 701 3988 venditioni
715 3933 840 3998 creditor,
853 3935 981 3986 liberatur
994 3933 1077 4000 hypo-

270 4001 361 4054 theca:
386 3999 433 4054 sed
455 3999 483 4054 in
500 4001 543 4054 his
560 4001 652 4068 pupilli
670 4015 816 4054 consensus
835 4017 889 4054 non
906 3999 984 4054 debet
1001 4003 1079 4054 aliter

1128 1363 1144 1410 4
1178 1373 1331 1426 possessore
1344 1363 1460 1426 petatur,
1481 1357 1587 1412 dimidia
1601 1375 1655 1412 non
1670 1363 1743 1412 recte
1757 1363 1869 1426 petetur.
1906 1357 1933 1412 Si

1127 1427 1215 1494 plures
1234 1425 1353 1480 dederint
1370 1443 1419 1494 pro
1436 1425 1545 1480 indiviso
1564 1431 1591 1480 et
1610 1441 1670 1480 oum
1688 1441 1740 1480 nno
1757 1425 1871 1480 creditor
1885 1441 1932 1494 pa-

1130 1493 1258 1558 ciscatur,
1285 1507 1319 1546 ne
1343 1495 1509 1562 hypothecae
1532 1493 1581 1558 sit,
1613 1493 1707 1546 deinde
1731 1495 1766 1546 ab
1792 1507 1824 1546 eo
1850 1499 1932 1562 petat,

1128 1561 1230 1614 ιιιιιιιιι
1247 1561 1290 1614 hic
1308 1575 1367 1612 cum
1384 1577 1437 1628 quo
1451 1565 1545 1630 pactus
1561 1565 1603 1614 est
1617 1559 1731 1614 :olidum
1745 1561 1856 1614 fundum
1871 1577 1932 1630 pos·

1128 1627 1228 1692 sideat,
1246 1643 1293 1694 pro
1312 1627 1442 1680 ιιιιιιιιιι8
1460 1629 1521 1696 quia
1540 1627 1571 1680 de
1588 1633 1665 1696 parte
1682 1627 1861 1692 convenisset,
1880 1645 1933 1682 non

1128 1699 1143 1748 5
1177 1695 1280 1762 repellit
1297 1709 1357 1748 eum
1374 1711 1391 1748 a
1408 1699 1473 1750 toto.
1508 1695 1552 1748 An
1568 1693 1670 1762 pacisci
1685 1695 1789 1762 possint
1805 1695 1875 1750 iilius
1892 1693 1933 1748 fa-

1127 1761 1212 1814 milias
1229 1767 1257 1814 et
1272 1777 1377 1828 servus,
1401 1777 1495 1816 neres
1512 1761 1615 1830 pignori
1632 1761 1679 1826 sit,
1704 1763 1801 1830 quami
1817 1763 1933 1830 peculin-

1127 1831 1192 1882 riter
1208 1831 1385 1898 hypothecam
1401 1831 1552 1898 acceperint
1570 1835 1597 1882 et
1613 1829 1713 1882 habent
1726 1831 1837 1882 liberam
1851 1831 1933 1882 admi-

1127 1897 1323 1960 nistrationem,
1346 1897 1498 1962 videamus,
1524 1913 1559 1950 an
1586 1897 1806 1966 quemadmodum
1833 1897 1932 1954 donare

1128 1981 1181 2018 non
1223 1973 1329 2030 essunt,
1352 1963 1392 2018 ita
1415 1981 1465 2020 nec
1482 1965 1582 2032 pacisci
1600 1981 1633 2018 ue
1651 1965 1754 2032 pignori
1772 1967 1806 2018 sit
1822 1965 1931 2032 possint

1128 2033 1175 2086 sed
1212 2033 1332 2086 'cendum
1350 2039 1404 2098 est,
1427 2039 1458 2086 ut
1481 2033 1627 2086 concedere
1649 2033 1765 2100 possint,
1790 2033 1889 2086 scilicet
1913 2031 1933 2088 si

1128 2105 1143 2154 6
1178 2101 1290 2168 pretium
1305 2115 1353 2168 pro
1367 2101 1492 2168 pactione
1507 2101 1649 2168 accipiant,
1667 2101 1743 2168 quasi
1757 2101 1881 2154 vendant.
1907 2099 1933 2156 Si

1127 2167 1264 2222 voluntate
1281 2167 1418 2222 creditoris
1432 2167 1531 2222 fundus
1546 2169 1677 2222 alienatus
1692 2173 1741 2234 est,
1758 2167 1933 2222 inverecunde

1128 2237 1255 2306 applicari
1271 2235 1323 2290 sibi
1340 2251 1401 2290 eum
1419 2234 1533 2290 creditor
1551 2235 1691 2302 desiderat,
1710 2235 1733 2290 si
1749 2241 1839 2290 tamen
1856 2235 1934 2290 effec-

1127 2309 1170 2356 tus
1189 2305 1224 2358 sit
1241 2309 1348 2358 secutus
1365 2303 1537 2358 venditionis:
1555 2319 1618 2358 nam
1635 2303 1658 2356 si
1673 2317 1729 2356 non
1745 2303 1863 2368 venierit,
1881 2315 1934 2360 nou

1128 2377 1169 2424 est
1186 2369 1251 2426 satis
1268 2371 1302 2426 ad
1319 2371 1499 2440 repellendum
1516 2371 1686 2434 creditorem,
1704 2371 1775 2440 quod
1793 2371 1875 2426 voluit
1891 2387 1934 2424 ve-

1128 2443 1142 2492 i
1177 2439 1242 2492 nire.
1278 2437 1478 2506 Supervacuum
1501 2443 1541 2492 est
1565 2453 1691 2506 quaerere
1713 2455 1805 2506 agrum
1831 2437 1933 2506 specia-

1127 2505 1187 2560 liter
1208 2507 1374 2576 hypothecae
1398 2507 1500 2560 datum,
1531 2507 1641 2560 ermissu
1665 2507 1801 2560 creditoris
1823 2507 1935 2572 venisse,

1128 2575 1151 2626 si
1167 2575 1225 2642 ipsc
1243 2575 1345 2626 debitor
1361 2587 1417 2626 rem
1434 2523 1581 2642 possideat:
1604 2575 1655 2626 nisi
1678 2575 1749 2642 quod
1785 2579 1854 2628 otest
1869 2573 1936 2640 fleri,

1127 2647 1158 2694 ut
1175 2641 1278 2696 debitor
1314 2641 1425 2694 ermissu
1439 2641 1577 2696 creditoris
1589 2641 1744 2706 vendiderit,
1763 2591 1857 2696 deinde
1871 2659 1933 2710 pos-

1126 2657 1329 2764 resturatio
1351 2709 1491 2788 redemerit
1514 2709 1548 2764 ab
1572 2711 1665 2764 eodem
1688 2709 1729 2790 ecl
1753 2711 1787 2764 ab
1811 2709 1878 2790 alio,
1902 2711 1935 2766 ad

1128 2793 1206 2846 quem
1228 2793 1277 2846 per
1298 2793 1494 2832 successionem
1518 2793 1551 2830 ea
1572 2795 1615 2832 res
1638 2783 1770 2848 pertinere
1796 2787 1933 2846 coepisset,

1127 2851 1174 2898 aut
1191 2845 1213 2900 si
1229 2847 1287 2914 ipse
1304 2845 1408 2900 debitor
1426 2845 1537 2914 emptori
1559 2845 1635 2900 heres
1661 2845 1804 2900 exstiterit:
1829 2861 1931 2898 verum·

1126 2917 1216 2966 tamen
1234 2929 1293 2968 cunt
1311 2913 1528 2980 pecuniasoluta
1543 2915 1653 2978 nonsit,
1672 2913 1725 2968 doli
1741 2915 1803 2968 mali
1821 2915 1936 2982 suspicio

1126 2979 1206 3034 inerit
1221 2980 1353 3034 translata
1370 2981 1405 3034 ad
1421 2997 1548 3048 praesens
1565 2987 1685 3050 tempus,
1701 2987 1733 3034 ut
1749 2983 1834 3050 possit
1851 2983 1935 3036 credi·

1128 3053 1143 3102 8
1178 3053 1221 3102 tor
1237 3049 1437 3116 replicationem
1454 3047 1509 3102 doli
1524 3049 1586 3102 mali
1604 3049 1718 3104 obicere.
1753 3049 1822 3102 Illud
1844 3049 1935 3102 videa-

1127 3133 1200 3182 mus,
1218 3115 1242 3172 si
1259 3117 1344 3172 Titius
1363 3117 1465 3172 debitor
1481 3117 1618 3172 voluntate
1635 3117 1770 3172 creditoris
1789 3115 1830 3172 sui
1847 3119 1935 3172 vendi-

1129 3185 1197 3238 derit
1213 3185 1316 3240 Macrio
1333 3185 1374 3240 vel
1392 3185 1424 3250 ei,
1442 3199 1460 3240 a
1476 3201 1528 3254 quo
1544 3185 1664 3238 Maevius
1682 3187 1782 3250 emerit,
1800 3191 1827 3238 et
1843 3195 1937 3254 postea

1127 3253 1247 3308 Maevius
1265 3253 1334 3306 Titio
1358 3253 1436 3308 heres
1459 3253 1590 3308 exstiterit
1612 3259 1638 3308 ιι
1656 3253 1772 3308 creditor
1789 3255 1822 3308 ab
1841 3269 1872 3308 eo
1890 3271 1936 3322 pe·

1128 3327 1181 3388 tat,
1200 3321 1263 3390 qiud
1280 3321 1344 3376 iuris
1362 3321 1404 3376 sit.
1431 3321 1479 3376 sed
1495 3321 1614 3388 iniquum
1632 3327 1673 3376 est
1689 3321 1791 3374 auferri
1808 3321 1831 3374 ei
1848 3337 1903 3376 rem
1920 3337 1937 3376 a

1128 3389 1272 3454 creditore,
1295 3389 1341 3458 qui
1361 3405 1416 3442 nou
1439 3389 1614 3442 successionis
1637 3391 1695 3442 iure
1718 3389 1765 3442 sed
1788 3389 1840 3442 alio
1857 3391 1935 3444 modo

1127 3471 1183 3510 rem
1201 3463 1296 3512 nactus
1315 3461 1362 3510 est.
1389 3461 1479 3526 potest
1495 3461 1585 3510 tamen
1609 3457 1674 3522 dici,
1697 3473 1757 3510 oum
1775 3457 1838 3510 Titii
1861 3457 1936 3510 dolus

1127 3523 1155 3578 in
1172 3541 1201 3578 re
1219 3529 1384 3590 versaretur,
1407 3541 1442 3578 ne
1460 3525 1575 3578 creditor
1592 3539 1609 3578 a
1625 3541 1780 3592 possessore
1796 3525 1936 3592 pecuniam

1128 3597 1143 3646 9
1178 3593 1302 3660 recipiat,
1327 3593 1519 3660 iniquissimum
1536 3607 1593 3646 esse
1610 3591 1741 3646 ludificari
1757 3607 1825 3646 eum.
1861 3593 1936 3660 Quod

1127 3661 1151 3712 si
1168 3661 1191 3714 is
1208 3661 1308 3714 fundus
1325 3675 1341 3712 a
1358 3661 1463 3714 Maevio
1482 3661 1563 3712 alicui
1579 3659 1710 3728 obligatus
1728 3659 1896 3728 possideatur
1907 3663 1935 3724 ²⁰,

1128 3727 1171 3782 cui
1193 3727 1311 3782 nondum
1334 3727 1502 3782 satisfactum
1527 3727 1590 3792 erit,
1614 3733 1679 3782 tunc
1703 3743 1797 3782 rursus
1823 3743 1936 3796 acquum

1128 3795 1177 3848 erit
1200 3795 1284 3862 excipi
1303 3795 1405 3850 ‘sinon
1428 3795 1565 3850 voluntate
1588 3793 1725 3850 creditoris
1748 3793 1850 3850 veniit':
1874 3797 1937 3850 licet

1127 3863 1197 3916 enim
1220 3863 1295 3916 dolus
1317 3863 1402 3916 malus
1424 3863 1548 3916 debitoris
1571 3861 1729 3916 interveniat
1751 3863 1866 3932 quinon
1884 3863 1936 3916 sol-

1127 3931 1178 3996 vit,
1197 3935 1285 3986 tamen
1303 3931 1438 3984 secundus
1454 3931 1569 3984 creditor
1586 3931 1632 3998 qui
1648 3931 1752 4000 pignori
1769 3931 1872 3998 accepit
1888 3947 1936 4000 po·

1130 4003 1160 4052 10
1194 3999 1246 4052 tior
1264 4003 1313 4054 est.
1349 3997 1444 4052 Tutius
1461 4005 1551 4052 tamen
1569 4003 1623 4064 est,
1646 3997 1669 4052 si
1691 3997 1795 4054 debitor
1817 4015 1835 4052 a
1852 3999 1936 4052 credi·

270 4075 344 4122 ratus
361 4067 461 4134 haberi,
479 4083 558 4148 qnam
571 4069 594 4122 si
608 4071 768 4136 praesentet
786 4075 876 4122 tutore
889 4073 999 4122 auctore
1013 4083 1077 4120 con·
1126 4071 1185 4120 tore
1202 4071 1284 4134 petat,
1302 4071 1332 4120 ut
1351 4067 1374 4120 ιι
1391 4067 1527 4134 permittat
1541 4067 1633 4134 pignus
1647 4067 1768 4132 vendere,
1787 4081 1839 4134 quo
1853 4065 1937 4134 magis

271 4135 383 4190 senserit
400 4141 447 4188 aut
464 4141 543 4190 etiam
560 4135 617 4204 ipse
633 4141 722 4202 tutor,
748 4137 850 4190 scilicet
872 4137 896 4192 si
914 4135 1078 4190 commodum
1127 4133 1290 4198 satisfaciat,
1308 4147 1370 4188 ante
1388 4135 1538 4186 cautionem
1556 4133 1677 4200 accipere
1694 4135 1728 4186 ab
1746 4147 1793 4198 eo,
1818 4135 1937 4202 quirem

270 4203 369 4272 aliquid
391 4203 433 4256 vel
455 4203 519 4258 satis
544 4203 567 4258 ei
590 4201 647 4254 fieri
670 4217 704 4254 er
729 4219 760 4258 eo
786 4203 867 4256 index
892 4201 1077 4258 aestimaverit.
1128 4205 1263 4268 empturus
1280 4201 1338 4264 erit,
1355 4207 1387 4254 ut
1402 4201 1516 4268 pretium
1530 4201 1569 4254 rei
1580 4201 1702 4254 venditae
1716 4215 1802 4268 usque
1815 4201 1851 4252 ad
1865 4217 1936 4254 sum-

272 4275 285 4324 1
320 4271 488 4336 Videbimus,
510 4269 533 4324 si
555 4273 714 4338 procurator
731 4271 849 4324 omnium
865 4271 996 4326 bonorum
1013 4285 1077 4324 con·
1131 4273 1158 4318 tl
1195 4285 1265 4320 mam
1281 4267 1361 4320 debiti
1379 4267 1502 4320 creditori
1511 4267 1636 4322 solvatur.
1671 4267 1936 4322 Venditionisautem

270 4339 353 4392 sensit
368 4339 411 4390 vel
428 4353 517 4392 servus
535 4343 625 4400 actor,
649 4337 692 4390 cui
716 4343 743 4388 et
766 4335 832 4390 solvi
855 4343 943 4404 potest
960 4343 988 4390 et
1005 4337 1078 4390 inid
1127 4333 1331 4402 appellationem
1348 4335 1504 4402 generaliter
1521 4335 1643 4402 accipere
1660 4333 1800 4400 debemus,
1823 4339 1854 4386 nt
1871 4341 1896 4388 et
1914 4333 1937 4386 si

270 4419 334 4474 prae
354 4405 438 4458 ositos
461 4411 515 4470 est,
538 4419 573 4456 au
596 4411 686 4456 teneat
704 4417 850 4460 consensus
869 4419 966 4458 eorum.
993 4411 1020 4456 et
1037 4403 1076 4456 di-
1127 4403 1215 4468 legare
1231 4401 1364 4470 permisit,
1387 4403 1476 4454 valeat
1493 4401 1566 4470 quod
1583 4403 1729 4456 concessit:
1753 4399 1824 4470 quod
1841 4403 1878 4456 ita
1894 4401 1935 4456 in-

272 4487 320 4528 ceu
338 4489 383 4526 um
400 4479 441 4526 ιιι
457 4489 511 4526 non
527 4487 620 4540 posse,
643 4471 695 4524 nisi
712 4471 864 4538 specialiter
880 4471 931 4528 hoo
948 4471 986 4526 eis
1003 4487 1086 4524 manr
1127 4471 1294 4536 tellcgemus,
1312 4475 1356 4534 at,
1378 4469 1427 4522 1ἰι
1444 4469 1468 4522 ιι
1486 4475 1558 4524 atum
1575 4469 1743 4538 repudiatum
1759 4469 1854 4534 fuerit,
1872 4485 1935 4524 con-

271 4543 286 4594 i
321 4539 411 4594 datum
428 4545 476 4594 est.
512 4539 565 4594 Sed
579 4539 601 4592 si
616 4555 676 4594 cum
689 4537 816 4592 debitoris
831 4545 1004 4608 procuratore
1013 4555 1075 4592 con·
1129 4541 1160 4588 12
1195 4537 1313 4590 valescat
1329 4537 1434 4606 pignus.
1469 4485 1497 4590 {i
1520 4537 1623 4590 debitor
1646 4537 1793 4590 vendiderit
1812 4553 1869 4592 rem
1886 4551 1935 4590 nec

270 4607 353 4672 venit,
377 4623 410 4662 ne
428 4609 462 4660 sit
477 4623 520 4662 res
538 4607 669 4674 obligata,
694 4605 834 4658 dicendum
859 4611 899 4660 est
920 4609 948 4660 id
965 4607 1077 4660 debitori
1126 4603 1280 4668 tradiderit,
1305 4619 1340 4656 an
1364 4621 1418 4658 non
1435 4603 1579 4672 repellatur
1596 4603 1725 4668 creditor,
1749 4603 1826 4672 qnasi
1848 4605 1935 4658 adhuc

270 4691 320 4742 per
332 4673 384 4728 doli
398 4675 579 4742 exceptionem
593 4675 731 4742 prodesse:
747 4687 808 4726 cum
822 4679 912 4726 autem
925 4689 985 4726 curn
1001 4689 1076 4726 servo
1127 4685 1169 4724 res
1187 4671 1215 4724 in
1232 4671 1308 4726 bonis
1327 4671 1362 4724 sit
1379 4671 1521 4736 debitoris,
1538 4687 1575 4724 an
1590 4687 1666 4734 vero,
1685 4687 1746 4726 curn
1763 4677 1886 4724 teneatur
1903 4687 1935 4724 ex

271 4743 327 4794 eius
352 4741 516 4804 convenerit,
540 4755 588 4810 per
610 4741 698 4808 ipsam
719 4739 792 4806 pacti
815 4741 996 4806 exceptionem
1013 4755 1076 4792 con·
1127 4743 1224 4804 empto,
1241 4739 1335 4806 pignus
1354 4739 1554 4804 exstinguatur?
1580 4737 1652 4806 quod
1670 4745 1696 4792 et
1713 4737 1795 4804 magis
1814 4743 1861 4792 est.
1889 4737 1935 4792 sed

272 4813 287 4862 3
320 4807 408 4860 venti⁵
431 4807 517 4862 debet.
554 4807 581 4858 Si
599 4805 723 4860 convenit
739 4805 772 4860 de
794 4811 871 4874 parte
893 4823 942 4874 pro
965 4807 1097 4860 indiviso
1127 4805 1191 4870 quid
1214 4805 1236 4858 si
1253 4805 1368 4874 pretium
1385 4805 1506 4858 venditor
1523 4809 1681 4858 consecutos
1698 4821 1752 4858 non
1769 4803 1805 4858 sit
1820 4819 1870 4858 nec
1883 4819 1933 4924 ξι-

272 4873 419 4940 alienanda,
437 4873 459 4928 si
477 4879 610 4928 certares
629 4885 669 4928 est
686 4873 852 4954 quaevenit,
870 4879 958 4940 potest
975 4873 1027 4926 dici
1044 4873 1077 4928 de
1128 4875 1159 4924 13
1193 4877 1268 4924 ratus
1277 4873 1311 4926 sit
1319 4879 1422 4940 emptor
1431 4871 1515 4924 darc?
1531 4871 1689 4924 tantundem
1697 4875 1786 4938 potest
1795 4871 1854 4924 dici.
1903 4869 1935 4924 ed

270 4941 372 5010 rebqua
393 4945 469 5008 parte
491 4941 525 4996 ab
549 4941 642 4994 ιιιιιιοδ
658 4955 701 5008 ag:
717 4945 841 5008 oportere
858 4955 909 4994 nec
925 4939 1014 4994 obstat
1032 4957 1076 4994 ex·
1126 4939 1150 4992 si
1165 4939 1314 5006 permiserit
1331 4939 1447 4992 creditor
1463 4939 1589 5004 vendere,
1614 4939 1717 4992 debitor
1740 4953 1802 4992 vero
1820 4937 1933 4992 donave-

270 5013 287 5062 4
321 5009 416 5076 ceptio.
451 5007 519 5062 illud
534 5009 678 5062 tenendum
695 5013 744 5072 est,
762 5007 786 5060 si
803 5005 861 5074 quis
880 5007 1024 5060 communis
1039 5009 1076 5060 rei
1126 5005 1174 5070 rit,
1201 5021 1235 5058 an
1259 5005 1416 5084 exceptione
1437 5005 1512 5058 illum
1534 5005 1715 5058 summoveat?
1750 5021 1785 5058 an
1810 5003 1875 5058 facti
1901 5005 1934 5058 sit

271 5073 549 5142 partcmproindiviso
560 5075 660 5128 dederit
673 5075 849 5144 hypothecae,
865 5073 990 5128 divisione
1004 5073 1077 5128 facta
1126 5071 1208 5140 magis
1226 5079 1355 5140 quaestio,
1373 5071 1501 5140 numquid
1517 5071 1577 5126 ideo
1594 5071 1677 5124 veniri
1691 5071 1784 5136 voluit,
1802 5077 1833 5124 ut
1849 5071 1933 5140 pretio

272 5155 333 5194 cnm
348 5141 421 5196 socio
439 5157 492 5194 non
510 5143 600 5208 utique
624 5147 808 5210 campartem
831 5139 955 5194 creditori
977 5141 1076 5206 obliga-
1126 5155 1190 5192 acce
1209 5145 1237 5194 to
1262 5139 1314 5206 ipsi
1340 5155 1444 5206 quoque
1469 5153 1511 5192 res
1537 5137 1678 5206 expediat?
1710 5155 1762 5206 quo
1790 5155 1855 5194 casu
1880 5155 1934 5192 non

270 5209 326 5260 tam
347 5223 419 5272 esse,
445 5223 513 5276 quae
536 5209 561 5260 ei
585 5207 699 5274 obtingit
724 5207 770 5274 qui
791 5207 895 5276 pignori
919 5207 1004 5272 dedit,
1031 5207 1077 5260 sed
1126 5157 1233 5260 nocebit
1250 5221 1404 5260 consensus.
1426 5205 1525 5272 ‚quodsi
1541 5205 1569 5260 in
1594 5205 1683 5260 dotem
1706 5205 1820 5270 dederit,
1844 5205 1932 5260 vendi·

271 5273 408 5340 utriusque
424 5289 486 5344 pers
503 5291 552 5344 pro
570 5273 681 5328 indiviso
698 5291 749 5342 pro
767 5281 845 5344 parte
863 5273 969 5326 dimidia
985 5289 1076 5326 mane-
1127 5273 1198 5326 disse
1214 5275 1242 5326 iu
1259 5275 1311 5328 hoc
1330 5289 1394 5326 casu
1412 5279 1485 5326 recte
1501 5271 1605 5326 videtur
1622 5279 1732 5340 propter
1749 5287 1832 5326 onera
1844 5273 1932 5326 matri·

272 5337 310 5390 bit
326 5339 450 5406 obligata.
1126 5341 1215 5394 monii.
1241 5341 1270 5392 in
1293 5341 1469 5404 contrarium,
1493 5339 1516 5392 ιι
1533 5341 1665 5392 concessit
1683 5341 1782 5394 donare
1801 5345 1827 5392 et
1844 5339 1931 5394 vendi·

305 5399 324 5460 8
340 5403 516 5460 Maecianus
535 5407 603 5462 febro
626 5407 762 5476 angulari
776 5407 815 5462 od
829 5407 976 5476 formulam
992 5405 1078 5476 feypo-
1127 5407 1195 5460 derit
1212 5407 1329 5472 debitor,
1352 5407 1495 5476 repelletur
1513 5407 1642 5470 creditor,
1666 5407 1717 5460 nisi
1740 5407 1764 5462 si
1786 5405 1932 5476 quisdicat

273 5469 417 5526 therasiam
452 5473 526 5526 Sicut
548 5489 579 5530 re
600 5473 733 5542 corporali
755 5475 888 5538 extincta,
914 5473 953 5526 ita
977 5479 1003 5528 et
1025 5487 1077 5526 usu
1126 5473 1186 5528 ideo
1205 5475 1368 5530 concessisse
1386 5473 1493 5540 donari,
1517 5473 1588 5542 quod
1610 5473 1711 5530 amicos
1736 5481 1793 5530 crat
1810 5473 1946 5530 ιιιιιιιοιι,

275 5639 438 5706 ιηιιιηιᾶιε
488 5643 624 5702 (alsterae.
673 5643 1074 5708 (alcestaeldepartecumBscr.
1125 5643 1296 5694 indivisodei.
1384 5647 1417 5704 (el
1436 5647 1585 5710 quamlcom
1595 5645 1656 5696 Hal.

271 5707 569 5772 (lipraesentedefflol.
622 5711 957 5774 (ticonventinefendiror.
1001 5707 1074 5772 (cleb
1126 5715 1166 5774 (tt)
1184 5709 1312 5764 etiusF²

271 5773 359 5836 initio]
369 5773 510 5824 abalienata
517 5789 565 5826 aar.
642 5779 674 5836 ft)
693 5781 837 5840 pactusv'ns.
848 5779 902 5830 edd.
977 5779 1010 5840 (ι)
1028 5791 1074 5840 pro

1744 5647 1789 5706 hot
1808 5645 1929 5698 abactas
