4366 6258
275 411 318 460 ua
341 407 591 460 nouarioivieus
1641 383 1763 458 meu.
1784 385 1827 476 11,
1850 389 1912 474 di

944 323 1245 498 ffiuss„

272 581 322 636 soli
335 581 479 650 possident,
496 581 684 652 principalibus
698 581 927 638 constitutionibus
940 577 1069 648 prospici·
1118 593 1187 648 quae
1204 581 1309 636 ommno
1325 593 1380 634 non
1397 577 1583 646 comparantur
1597 573 1703 654 legatis:
1727 589 1796 644 quae
1818 577 1842 634 si
1858 577 1914 634 iue-

272 657 328 714 ιιι,
347 665 380 704 ne
398 651 441 704 cui
458 651 536 720 longa
553 655 579 704 et
595 651 743 708 indubitata
758 647 888 720 possessio
908 649 1007 702 auieni
1023 647 1068 702 de·
1117 647 1171 700 rint
1195 649 1343 716 perfectae,
1368 653 1467 702 temere
1487 657 1604 698 reuocari
1627 659 1680 698 non
1702 649 1821 712 possunt.
1856 663 1915 716 per-

267 723 286 770 -8
322 717 390 770 beat.
426 717 575 788 Aliquando
593 719 672 774 etiam
688 719 786 772 furdra
799 715 1069 784 velvipossessares
1118 715 1242 770 ficiuntur
1259 723 1359 782 autem,
1378 731 1438 772 oum
1456 713 1567 770 donator
1583 725 1657 790 suam
1673 713 1833 768 voluntatem
1850 717 1915 770 scri-

272 785 381 854 nsucapi
398 791 499 854 potest:
518 787 597 842 veluti
608 787 631 840 si
644 789 671 840 in
686 785 782 840 domini
794 789 951 852 potestatem
965 799 1070 838 inversa
1118 783 1170 852 ptis
1187 791 1234 836 aut
1250 785 1306 838 sine
1323 785 1429 854 scriptis
1446 781 1664 838 manifestaverit:
1681 785 1707 834 et
1721 781 1755 834 ad
1769 783 1914 852 exemplum

271 851 356 906 fuerit.
383 859 447 908 tunc
466 855 533 908 euim
549 855 612 908 vitio
629 853 666 908 rei
682 857 793 920 purgato
806 851 924 918 procedit
937 853 992 906 eius
1005 869 1068 906 usu·
1118 851 1272 906 venditionis
1295 859 1388 908 nostra
1410 851 1561 908 constitutio
1572 851 1591 882 ¹⁷
1607 863 1653 902 eas
1677 847 1755 902 etium
1778 849 1805 902 iii
1823 867 1851 904 se
1868 851 1916 904 ha-

271 923 285 972 9
320 921 405 986 capio.
440 923 492 974 Res
510 921 567 974 fisci
589 919 673 974 nostri
695 919 804 986 usucapi
827 935 879 972 nou
902 925 995 988 potest.
1022 919 1070 974 sed
1118 917 1180 974 bere
1196 919 1379 974 necessitatem
1395 919 1542 974 traditionis
1557 917 1646 980 voluit,
1663 921 1701 980 ut,
1718 921 1745 970 et
1759 917 1848 972 sinon
1861 923 1915 972 tra-

271 987 431 1054 Papinianus
453 989 559 1042 scribit1
576 989 653 1040 bonis
669 985 825 1040 vacantibus
846 987 931 1042 fisco²
954 987 1069 1042 nonduin
1119 987 1230 1050 dantur,
1253 987 1370 1040 habeant
1391 989 1569 1056 plenissimum
1586 989 1614 1040 et
1629 983 1775 1054 perdoctum
1791 987 1874 1040 robur
1890 993 1917 1040 et

269 1053 396 1108 nuntiatis
418 1055 489 1108 boiia
511 1055 563 1106 fide
585 1059 726 1122 emptorem
752 1053 801 1106 sibi
823 1053 947 1108 traditam
962 1071 1018 1110 rem
1037 1071 1068 1110 ex
1118 1053 1265 1108 traditionis
1280 1055 1422 1110 necessitas
1430 1055 1566 1112 incumbat
1580 1053 1707 1110 donatori.
1732 1057 1758 1106 et
1771 1067 1831 1106 cuni
1844 1059 1916 1108 retro

270 1121 310 1176 his
327 1121 403 1174 bonis
418 1135 563 1190 usucapere
577 1135 667 1188 posse:
686 1127 712 1172 ct
725 1123 763 1172 ita
777 1121 922 1178 ‹liuisPius
938 1129 963 1178 et
979 1123 1069 1177 divus³
1117 1121 1265 1190 principum
1282 1121 1466 1190 dispositiones
1482 1123 1608 1178 insinuari
1625 1137 1670 1178 eas
1689 1121 1756 1174 actis
1778 1121 1916 1178 interveni·

273 1195 301 1244 10
336 1187 446 1242 Severus
470 1193 495 1242 et
517 1187 666 1242 Antoninus
689 1189 888 1256 rescripserunt.
923 1191 1069 1244 Novissime
1118 1189 1222 1244 entibus
1238 1187 1370 1252 volebant,
1388 1189 1411 1242 si
1425 1189 1536 1246 maiores
1550 1191 1722 1246 ducentorum
1735 1187 1842 1242 fuerant
1856 1189 1917 1244 soli·

269 1255 404 1310 sciendum
422 1261 462 1308 est
478 1269 533 1308 rem
551 1253 630 1306 talem
648 1271 705 1310 esse
728 1255 837 1322 debere,
861 1263 892 1310 ut
913 1259 941 1310 iii
963 1273 993 1312 se
1015 1275 1068 1312 non
1117 1259 1224 1322 dorum,
1241 1261 1333 1310 nostra
1351 1257 1533 1312 constitutio¹⁸
1550 1265 1577 1312 et
1592 1259 1766 1328 quantitatem
1782 1271 1866 1324 usque
1883 1257 1917 1310 ad

269 1325 366 1376 habeat
381 1323 480 1386 vitium,
498 1327 529 1374 ut
545 1337 561 1376 a
578 1321 714 1376 bonafide
728 1339 769 1376 ein
788 1331 845 1378 tore
859 1325 970 1394 usucapi
985 1325 1069 1394 possit
1117 1325 1271 1404 quingentos
1289 1323 1388 1378 solidos
1405 1325 1551 1392 ampliavit,
1575 1343 1653 1396 quain
1670 1331 1741 1382 stare
1758 1329 1785 1380 et
1802 1325 1859 1378 sine
1875 1325 1917 1378 iii-

268 1391 308 1446 vel
325 1391 369 1460 qui
387 1405 419 1444 eir
436 1389 487 1442 alia
503 1389 573 1442 iusta
590 1403 672 1446 causa
688 1341 786 1460 possitiJ
794 1397 813 1446 t.
1117 1391 1266 1446 sinuatione
1291 1391 1398 1454 statuit,
1430 1397 1458 1444 et
1481 1393 1605 1460 quasdam
1630 1393 1785 1450 donationes
1810 1391 1917 1458 invenit,

270 1465 297 1514 11
367 1457 451 1512 Error
468 1463 555 1510 autem
576 1455 661 1514 falsae
683 1475 781 1514 causae
803 1459 992 1528 usucapionem
1014 1475 1068 1514 nou
1117 1475 1185 1528 quae
1202 1457 1306 1528 penitus
1322 1457 1527 1514 insinuationem
1548 1461 1606 1514 fieri
1629 1463 1735 1516 minime
1759 1459 1917 1526 desiderant,

267 1529 344 1596 parit.
370 1525 450 1580 veluti
459 1525 481 1578 si
490 1525 556 1592 quis,
572 1539 632 1580 cuin
646 1543 700 1582 non
713 1529 812 1592 emerit,
828 1529 921 1582 emisse
935 1543 963 1582 se
978 1529 1067 1582 existi·
1118 1527 1205 1582 sedin
1219 1541 1248 1580 se
1261 1525 1438 1596 plenissimam
1451 1525 1549 1580 habeat
1563 1527 1719 1586 firmitatem.
1745 1529 1797 1584 alia
1811 1529 1919 1598 insuper

267 1609 342 1648 mans
364 1593 528 1662 possideam:
552 1593 594 1646 vel
617 1609 676 1648 oum
699 1595 723 1650 ei
746 1595 872 1650 donatum
895 1611 949 1650 non
971 1595 1067 1660 iuerat,
1116 1595 1200 1648 multa
1223 1595 1257 1648 ad
1279 1595 1429 1648 uberiorem
1452 1593 1548 1646 exitum
1569 1595 1740 1652 donationum
1765 1597 1918 1662 invenimus,

267 1661 342 1730 quasi
359 1677 393 1716 ex
410 1659 551 1716 donatione
568 1661 710 1730 possideat.

269 1735 297 1784 12
365 1727 476 1782 Diutius
491 1729 633 1796 possessio,
651 1747 720 1800 quae
736 1731 863 1802 prodesse
880 1735 1005 1800 coeperat
1022 1729 1066 1784 de-

265 1797 366 1862 functe,
386 1797 517 1850 etheredi
536 1801 561 1850 et
578 1797 707 1852 bonorum
724 1797 871 1868 possessori
889 1799 1067 1864 continuatur,

265 1865 327 1918 licet
343 1865 400 1934 ipse
417 1865 484 1920 sciat
500 1865 637 1934 praedium
654 1867 781 1922 ahenum:
800 1867 895 1936 quodsi
908 1865 952 1920 illc
965 1865 1068 1920 initium

264 1935 363 1988 iustum
387 1949 441 1986 nou
466 1933 572 1998 habuit,
598 1933 690 1988 heredi
716 1939 742 1990 et
766 1937 895 1990 bonorum
920 1933 1068 2002 possessori

264 2001 325 2054 licet
347 1999 477 2068 ignoranti
500 2001 632 2070 possessio
655 2017 709 2056 non
728 2003 846 2070 prodest.
880 2001 952 2070 quod
977 2005 1069 2056 nostra

264 2067 438 2122 constitutio⁵
461 2069 579 2122 similiter
605 2075 632 2124 et
653 2069 681 2124 in
703 2069 910 2140 usucapionibus
934 2069 1069 2124 observari

266 2141 295 2190 13
331 2135 482 2202 coustituit,
500 2141 531 2190 iit
547 2141 667 2206 tempora
685 2137 880 2192 continuentur.
915 2135 990 2192 Inter
1005 2151 1067 2192 ven·

264 2203 372 2258 ditarem
390 2219 494 2272 quoque
512 2209 538 2258 et
555 2209 699 2274 emptorem
716 2205 838 2274 coniungi
854 2211 975 2276 tempora
992 2203 1068 2258 divus
1088 2265 1089 2268 Ἴ

264 2271 374 2326 Severus
394 2277 420 2324 et
436 2273 586 2326 Antoninus
603 2275 804 2342 rescripserunt.

265 2345 294 2392 14
361 2339 459 2394 Edicto
482 2339 534 2394 divi
550 2339 636 2394 Marci
659 2347 767 2396 caretur
788 2357 861 2404 eum,
889 2339 935 2408 qui
960 2355 978 2394 a
1001 2339 1067 2396 fisco

262 2423 316 2462 rem
334 2405 446 2460 alienam
464 2407 534 2474 emit,
551 2409 574 2462 si
590 2413 653 2476 post
669 2409 843 2464 venditionem
861 2409 1068 2478 quinquennium

261 2475 433 2546 praeterierit,
451 2491 530 2556 ppsse
547 2477 681 2532 dominum
698 2477 737 2532 rei
750 2493 799 2546 per
812 2477 1011 2556 ειεεριίοιιειιι6
1025 2493 1066 2532 re·

260 2543 364 2664 pellere.
392 2549 544 2600 constitutio
569 2549 656 2600 autem
680 2545 755 2600 divae
775 2561 918 2600 memoriae
934 2545 1068 2600 Ζειιοιιίετ

269 2627 327 2664 ione
344 2613 480 2680 prospexit
498 2613 552 2678 his,
577 2613 621 2680 qui
644 2629 660 2666 a
682 2613 747 2668 fisco
770 2629 818 2682 per
834 2613 1011 2668 venditionem
1026 2613 1068 2668 vel

261 2681 428 2734 donationem
450 2681 491 2734 vel
514 2681 594 2732 alium
617 2681 723 2734 titulum
746 2681 843 2750 aliquid
866 2681 1014 2750 accipiunt,
1037 2687 1068 2736 ut

260 2747 311 2826 ipsi
334 2747 438 2816 quidem
462 2749 548 2802 securi
572 2749 661 2802 statim
683 2747 751 2802 fiant
769 2753 795 2802 et
811 2749 924 2804 dotores
942 2751 1065 2814 existant,

260 2831 314 2868 sive
332 2815 524 2870 conveniantur
541 2815 595 2870 sive
618 2817 800 2886 experiantur:
825 2817 951 2870 adversus
975 2831 1065 2870 sacra·

260 2883 387 2936 tissimum
405 2889 492 2936 autem
510 2883 642 2936 aerarium
665 2899 749 2952 usqne
766 2883 800 2936 ad
817 2883 1018 2952 quadriennium
1034 2885 1065 2938 li·

260 2957 318 3004 ceat
341 2951 475 3004 intendere
497 2951 552 3016 his,
577 2951 622 3020 qui
644 2967 692 3020 pro
715 2949 830 3004 dominio
852 2951 894 3006 vel
915 2951 1067 3022 hypotheca

259 3035 350 3072 earum
372 3033 474 3084 rerum,
497 3033 565 3088 quac
587 3019 719 3074 abenatae
741 3023 817 3084 sunt,
840 3021 993 3088 putaverint
1016 3019 1066 3074 sibi

259 3087 386 3154 quasdam
413 3093 561 3156 competere
584 3089 710 3142 actiones.
743 3091 836 3140 nostra
865 3093 954 3140 autem
980 3089 1066 3142 divina

259 3155 444 3218 constitutioi,
468 3169 546 3224 quam
568 3171 654 3224 nuper
671 3155 905 3224 promulgavimus,
931 3155 1009 3210 etiam
1033 3157 1066 3210 de

258 3223 312 3286 his,
332 3221 375 3290 qui
394 3239 410 3276 a
427 3229 519 3276 nostra
536 3221 576 3274 vel
592 3221 748 3276 venerabilis
766 3223 902 3290 Augustae
919 3223 997 3278 domo
1016 3225 1065 3276 ali-

257 3289 319 3358 quid
337 3291 495 3358 acceperint,
514 3289 581 3342 haee
599 3289 700 3354 statuit,
719 3289 832 3356 quaein
849 3289 984 3344 fiscalibus
1002 3291 1065 3344 alie·

257 3359 406 3412 nationibus
429 3357 568 3426 praefatae
590 3357 759 3410 Zenonianae
782 3357 986 3410 constitutioni⁸'
1001 3375 1065 3412 con-

249 3427 382 3480 timentur.

602 3603 603 3606 =
620 3563 694 3626 Vlli

497 3665 542 3712 nn
560 3663 819 3714 DONaTIONIBUS.

287 3761 338 3816 list
356 3763 435 3816 etiam
448 3761 520 3816 aliud
531 3777 614 3828 genus
630 3763 815 3832 adquisitionis
836 3763 951 3818 donatio.
980 3763 1063 3816 dona·

254 3831 353 3884 tionum
372 3835 460 3884 autem
478 3829 530 3882 duo
548 3845 645 3896 genera
662 3837 736 3884 sunt:
755 3831 847 3884 mortis
866 3845 949 3884 causa
967 3835 993 3884 et
1010 3845 1065 3884 non

256 3905 265 3950 1
304 3899 396 3952 mortis
423 3911 513 3950 causa.
548 3897 645 3950 Mortis
671 3913 753 3952 causa
779 3899 887 3950 donatio
914 3905 968 3962 est,
995 3911 1064 3966 quae

252 3971 363 4034 propter
381 3965 472 4018 mortis
485 3963 515 4016 fit
527 3965 706 4032 suspicionem
716 3967 744 4030 ¹⁰,
763 3981 823 4018 cum
841 3963 899 4034 quis
917 3965 956 4018 ita
973 3965 1062 4028 donat,

252 4037 295 4096 ut,
320 4033 342 4086 si
367 4031 429 4100 quid
453 4031 605 4086 humanitus
629 4033 654 4086 ei
671 4033 831 4102 contigisset,
850 4033 962 4088 haberet
979 4033 1002 4086 is
1020 4031 1064 4100 qui

252 4099 369 4168 accepit:
395 4101 435 4152 sin
458 4105 547 4152 autem
572 4101 760 4166 supervixisset
782 4101 827 4170 qui
851 4101 972 4166 donavit,
995 4101 1063 4154 reoi-

251 4173 340 4234 peret,
365 4167 405 4220 vel
423 4167 445 4220 si
466 4183 525 4220 eum
551 4165 701 4222 donationis
723 4169 900 4238 poenituisset
922 4175 969 4222 aut
991 4169 1064 4236 prior

252 4235 394 4288 decesserit
416 4235 438 4286 is
463 4235 505 4288 cui
529 4233 656 4288 donatum
680 4237 721 4290 sit.
760 4237 840 4290 hae¹¹
865 4237 957 4290 mortis
982 4251 1065 4288 causa

252 4303 406 4356 donationes
425 4301 459 4354 ad
478 4301 625 4370 exemplum
639 4305 786 4370 legatorum
799 4303 925 4358 redactae
939 4311 1002 4370 sunt
1016 4319 1064 4372 ρει

252 4371 348 4424 omnia.
376 4385 436 4422 nam
446 4385 506 4424 cum
515 4369 693 4438 prudentibus
702 4373 853 4452 ambignum
862 4371 960 4436 iuerat,
975 4379 1064 4426 utrum

252 4435 402 4490 donationis
416 4453 450 4490 an
464 4437 544 4506 legati
558 4437 643 4492 instar
657 4455 716 4492 eam
724 4445 845 4508 optinere
854 4441 875 4472 ¹²
889 4445 1025 4508 oporteret
1034 4441 1062 4502 ¹³,

251 4509 278 4556 et
295 4503 432 4572 utriusque
450 4521 549 4562 causae
567 4507 696 4574 quaedam
713 4507 831 4562 habebat
848 4507 962 4576 insignia
977 4513 1003 4562 et
1019 4507 1064 4560 alii

251 4571 284 4624 ad
303 4571 375 4624 aliud
392 4589 473 4640 genus
489 4589 547 4628 eam
561 4577 747 4630 retrahebant:
766 4575 873 4630 anobis
889 4575 1064 4630 coustitutum

250 4645 290 4692 est
300 4641 333 4704 ¹⁴,
359 4645 389 4692 ut
405 4657 452 4708 per
469 4641 630 4696 omniafere
647 4643 739 4710 legatis
758 4649 964 4698 connumeretur
981 4649 1008 4696 et
1025 4643 1063 4698 sic

249 4709 392 4774 procedat,
416 4709 636 4776 quemadmodum
660 4727 718 4764 cam
741 4717 834 4766 nestra
856 4711 981 4766 formavit
999 4727 1063 4766 con-

250 4775 360 4828 stitutio.
400 4777 453 4830 ¹5et
475 4777 502 4828 in
525 4793 629 4830 summo
652 4777 744 4832 mortis
768 4793 852 4834 causa
878 4779 986 4832 donatio
1013 4783 1062 4844 est,

249 4859 309 4896 cum
327 4841 410 4910 magis
428 4859 457 4898 se
475 4847 533 4912 quis
552 4845 615 4898 velit
632 4847 745 4910 hahere,
770 4861 851 4916 quam
875 4861 935 4900 eum
953 4847 997 4900 cui
1015 4847 1062 4900 do-

249 4915 335 4976 natur,
353 4913 488 4982 magisque
503 4927 564 4966 euni
578 4913 622 4964 cui
636 4913 726 4978 donat,
742 4931 821 4982 quam
836 4913 961 4970 heredem
976 4931 1061 4970 suum.

248 4979 285 5032 sic
304 4985 330 5030 et
347 4979 420 5046 apud
438 4981 581 5034 Homerum
600 4979 776 5036 Telemachus
794 4983 877 5036 donat
893 4983 1024 5036 Piraeo.¹6

248 5051 262 5098 ’i
330 5047 407 5100 Aliae
432 5055 519 5102 autem
546 5047 704 5102 donationes
727 5055 804 5114 sunt,
830 5065 900 5120 quae
924 5051 981 5104 sine
1008 5051 1063 5102 nlla

248 5113 338 5168 mortis
353 5115 513 5182 cogitatione
529 5117 605 5180 liunt,
624 5131 692 5186 quas
709 5117 779 5168 inter
795 5117 868 5172 vivos
887 5119 1061 5186 appellamus.

246 5261 512 5272 n—-n-mm--uu-m-ffim

247 5357 275 5410 (1)
284 5355 321 5404 sic
331 5355 417 5414 Al'li,
428 5355 530 5418 scripsit
539 5357 566 5406 Β
617 5359 648 5416 (1)
659 5355 729 5416 fisco]
739 5355 793 5416 AT,
804 5355 853 5402 eti.
864 5357 891 5406 B
943 5357 976 5416 (3)
986 5347 1060 5402 deid-

246 5423 358 5474 τατυιθ
419 5429 450 5486 tt)
460 5425 496 5474 sic
504 5425 535 5486 A,
546 5423 660 5488 possidet
669 5425 717 5486 B“,
728 5423 865 5486 possideas·
878 5423 912 5472 Ἦ
956 5423 988 5484 (5)
1002 5423 1059 5474 Ood.

246 5491 330 5552 ’1,31,1
374 5495 405 5548 [tl
416 5507 461 5552 per
470 5493 651 5554 exceptionem]
665 5489 849 5554 Zexceptioae
860 5489 912 5540 AB
955 5493 989 5552 (1)
1001 5489 1059 5540 Cod.

246 5561 268 5616 t,
279 5569 336 5620 tui
376 5561 411 5624 (8)
426 5559 577 5620 cottana
614 5561 657 5618 (θ’)
670 5561 705 5606 sic
719 5557 761 5612 pu,
772 5551 1062 5606 coiistiaittoiiisABT⁸

278 5631 311 5684 (ei
333 5627 371 5694 Cf
381 5627 525 5692 Dipthi:
541 5627 636 5690 taso
666 5625 724 5676 Coit.
735 5627 759 5686 5,
770 5635 790 5682 a,
801 5623 873 5684 1638,
884 5633 909 5672 se
921 5633 957 5672 sc
968 5623 1060 5686 (saed

245 5693 288 5748 (10)
299 5697 334 5744 sic
346 5695 378 5758 B,
389 5693 572 5756 suspectionem
585 5693 610 5742 T
640 5697 681 5756 (11)
691 5693 749 5754 hae]
761 5691 814 5752 ΤΘ,
824 5709 867 5740 om.
877 5689 903 5738 Β
940 5693 983 5754 (ιι)
993 5687 1060 5752 opti-

215 5761 499 5828 Ἰιιει·ε]Τ,ροιιειεΒἸ
578 5765 621 5822 (13)
639 5759 786 5824 oporteat*
863 5759 906 5820 (11)
929 5759 987 5808 God.
999 5759 1023 5816 8,
1034 5765 1060 5806 tt

246 5831 300 5894 (ιι),
311 5843 324 5882 ι
425 5833 467 5894 (ιε)
488 5835 500 5888 t
511 5839 521 5880 1
524 5831 572 5894 fia.
584 5847 612 5880 ex
622 5825 753 5880 Marcioni·
761 5831 777 5878 l.
788 5829 864 5878 stass
875 5825 947 5892 (Dip.
958 5825 999 5886 39,
1010 5835 1030 5886 c,
1040 5825 1060 5888 1)

1117 1679 1185 1730 quae
1202 1661 1290 1718 omnia
1307 1677 1340 1716 ex
1361 1661 1460 1716 nostris
1482 1661 1727 1730 constitutionibus,
1751 1681 1817 1734 quas
1841 1679 1920 1734 super

1116 1731 1158 1784 liis
1174 1729 1325 1798 posuimus,
1349 1727 1496 1798 colligenda
1517 1733 1588 1782 sunt.
1613 1729 1749 1786 sciendum
1765 1737 1854 1788 tamen
1871 1739 1920 1798 est,

1117 1799 1202 1868 quod,
1221 1799 1270 1852 etsi
1287 1797 1455 1866 plenissimae
1472 1795 1524 1850 sint
1541 1794 1709 1862 donationes,
1732 1801 1822 1852 tamen
1839 1799 1863 1856 si
1879 1801 1920 1854 iii·

1116 1865 1185 1934 grati
1202 1865 1319 1920 existant
1334 1865 1469 1928 homines,
1490 1865 1518 1918 in
1541 1879 1605 1932 quos
1623 1865 1779 1918 beneficium
1796 1867 1922 1922 collatum

1118 1937 1172 1998 est,
1190 1931 1362 1988 donatoribus
1379 1949 1427 2002 per
1444 1937 1562 1988 noemam
1579 1931 1792 1986 constitutionem
1802 1933 1822 1966 ¹⁰
1838 1935 1920 1990 licen-

1117 2001 1182 2054 tiam
1198 2001 1389 2070 praestavimus
1408 1999 1486 2054 centis
1504 2015 1537 2054 ex
1554 1999 1640 2054 causis
1658 2015 1703 2054 eas
1720 2015 1860 2066 revocare,
1877 2019 1919 2068 ue,

1118 2069 1163 2138 qui
1180 2083 1242 2124 suas
1259 2083 1302 2122 ree
1319 2067 1348 2120 in
1365 2069 1461 2122 alios²⁰
1478 2067 1659 2132 contuleruut,
1676 2065 1711 2120 ab
1728 2067 1771 2120 his
1790 2069 1921 2136 quandam

1116 2135 1254 2204 patiantur
1269 2135 1392 2192 iniuriam
1408 2135 1449 2192 vel
1466 2135 1602 2200 iacturam,
1620 2133 1765 2188 seeundum
1783 2151 1920 2192 enumera-

1118 2209 1132 2258 3
1167 2209 1209 2258 tos
1226 2203 1254 2258 in
1270 2207 1363 2258 nostra
1381 2203 1569 2258 constitutione
1590 2201 1692 2258 modos.
1726 2201 1778 2256 list
1800 2207 1827 2258 et
1850 2205 1922 2258 aliud

1116 2287 1199 2342 genus
1216 2273 1285 2326 inter
1301 2273 1374 2328 viros
1388 2271 1568 2336 donationum,
1586 2269 1656 2350 quod
1669 2269 1803 2324 veteribus
1818 2271 1922 2340 quidem

1116 2339 1290 2408 prudentibus
1306 2339 1414 2408 penitus
1431 2345 1490 2394 erat
1505 2339 1674 2420 incognitum,
1691 2343 1787 2408 postea
1800 2345 1890 2392 autem
1906 2357 1923 2394 a

1116 2407 1264 2462 iunioribus
1287 2407 1354 2462 divis
1376 2407 1540 2478 principibus
1565 2405 1756 2462 introductum·
1770 2411 1825 2470 est,
1853 2407 1923 2476 quod

1116 2481 1179 2532 ante
1196 2477 1302 2546 nuptias
1319 2477 1467 2530 vocabatur
1483 2481 1509 2532 et
1524 2475 1634 2530 tacitam
1649 2475 1678 2528 iii
1695 2489 1731 2554 se·
1742 2473 1923 2554 condicionem

1116 2543 1240 2610 habebat,
1258 2549 1289 2599 ut
1304 2549 1371 2600 tunc
1384 2549 1472 2600 ratuni
1485 2549 1562 2610 esset,
1581 2561 1641 2598 cuni
1654 2547 1850 2600 matrimonium
1865 2543 1923 2598 fue-

1116 2613 1180 2666 rit²¹
1198 2613 1360 2668 insecutum:
1385 2613 1497 2682 ideoque
1519 2617 1581 2666 ante
1602 2611 1710 2680 nuptias
1729 2611 1923 2680 appellabatur,

1117 2681 1188 2750 quod
1205 2687 1267 2736 ante
1283 2681 1479 2736 matiimonium
1496 2681 1661 2736 efficiebatur
1678 2685 1705 2736 et
1717 2695 1849 2750 nusquam
1862 2685 1926 2748 post

1115 2749 1224 2816 nuptias
1241 2749 1389 2804 celebratas
1406 2749 1467 2804 talis
1484 2749 1591 2804 donatio
1609 2747 1779 2816 procedebat.
1806 2747 1854 2804 sed
1870 2747 1924 2816 pri·

1115 2831 1175 2870 mus
1193 2817 1298 2886 quidem
1315 2815 1391 2872 divus
1408 2817 1524 2872 lustinus
1541 2823 1618 2886 pater
1634 2821 1739 2882 noster,
1757 2831 1818 2870 cuni
1835 2815 1925 2886 angeri

1117 2885 1192 2938 dotes
1210 2891 1236 2940 et
1252 2889 1315 2952 post
1331 2885 1438 2954 nuptias
1456 2885 1544 2940 fuerat
1559 2885 1729 2954 permissum,
1751 2883 1775 2938 si
1792 2883 1856 2964 quid
1871 2885 1925 2938 tale

1117 2953 1211 3018 evenit,
1229 2953 1308 3006 etiam
1325 2957 1388 3006 ante
1406 2953 1512 3020 nuptias
1530 2951 1698 3008 donatiouem
1715 2967 1807 3020 augeri
1820 2957 1847 3006 et
1862 2967 1925 3008 con-

1116 3025 1206 3074 stante
1222 3019 1389 3074 matrimonio
1412 3035 1463 3074 sua
1486 3019 1704 3076 constitutione2²
1720 3019 1854 3090 permisit:
1878 3019 1926 3076 sed

1115 3093 1206 3142 tamen
1223 3105 1319 3142 nomeii
1337 3087 1523 3144 inconveniens
1540 3089 1702 3154 remanebat,
1721 3103 1782 3142 cum
1800 3093 1863 3142 ante
1875 3107 1925 3144 nu-

1115 3155 1185 3224 ptias
1203 3155 1308 3224 quidem
1324 3155 1478 3220 vocabatur,
1496 3161 1557 3224 port
1574 3155 1681 3224 nuptias
1700 3163 1789 3210 autem
1807 3155 1862 3212 tale
1879 3173 1924 3212 ac-

1116 3223 1231 3290 cipiebat
1247 3223 1446 3278 incrementum.
1470 3223 1517 3278 sed
1531 3239 1580 3278 nos
1594 3223 1746 3292 plenissimo
1760 3223 1807 3276 fini
1820 3223 1927 3278 madere

1115 3291 1268 3344 sanctiones
1292 3291 1430 3358 cupientes
1454 3295 1481 3344 et
1504 3291 1692 3360 consequentia
1715 3291 1823 3346 nomina
1844 3291 1925 3346 rebus

1116 3371 1174 3412 esse
1201 3357 1338 3412 studentes
1365 3357 1549 3412 constituimus
1557 3359 1593 3424 ²³,
1619 3363 1650 3412 ut
1673 3359 1742 3412 tales
1768 3357 1926 3414 donationes

1115 3441 1169 3480 uon
1187 3431 1335 3494 augeantur
1352 3431 1470 3490 tantum,
1494 3427 1540 3480 sed
1559 3431 1585 3480 et
1602 3431 1743 3482 constante
1759 3427 1926 3482 matrimonio

1114 3493 1220 3548 initium
1237 3493 1371 3560 accipiant
1389 3497 1416 3548 et
1436 3509 1490 3548 nou
1514 3499 1576 3548 ante
1598 3495 1721 3564 nuptias,
1748 3493 1795 3548 sed
1818 3499 1927 3564 propter

1115 3563 1223 3630 nuptias
1241 3565 1368 3614 vocentur
1385 3567 1413 3614 et
1430 3561 1536 3616 dotibus
1553 3563 1581 3616 io
1597 3563 1650 3616 hoc
1667 3567 1863 3632 exaequentur,
1887 3567 1926 3628 ut,

1115 3627 1337 3698 quemadmodum
1363 3629 1438 3684 dotes
1465 3635 1491 3682 et
1517 3635 1658 3684 constante
1679 3629 1849 3686 matrimonio
1872 3647 1927 3686 non

1114 3695 1200 3752 solum
1219 3701 1364 3764 augentur,
1391 3697 1437 3752 sed
1456 3695 1533 3752 etiam
1551 3697 1633 3764 fiunt,
1658 3699 1697 3752 ita
1715 3701 1742 3752 et
1757 3697 1826 3752 istae
1842 3697 1926 3752 dona·

1114 3765 1214 3828 tiones,
1238 3779 1306 3832 quae
1323 3769 1434 3832 propter
1451 3765 1557 3832 nuptias
1581 3765 1749 3820 introductae
1772 3771 1848 3830 sunt,
1871 3781 1926 3820 noii

1114 3833 1199 3884 solum
1218 3831 1379 3884 antecedant
1400 3829 1609 3896 matrimonium,
1634 3833 1680 3886 sed
1704 3833 1784 3886 etiam
1805 3847 1837 3888 eo
1861 3847 1926 3888 eou-

1114 3903 1202 3952 tracto
1222 3901 1248 3950 et
1265 3913 1299 3950 au
1318 3905 1414 3950 cantur
1430 3903 1458 3952 et
1475 3899 1679 3954 constituantur.

1115 3971 1130 4018 ι1
1198 3965 1267 4018 Erat
1292 3915 1354 4018 oiim
1381 3969 1408 4018 et
1430 3965 1497 4018 alius
1520 3965 1614 4018 modus
1637 3965 1718 4020 civilis
1742 3965 1926 4034 adquisitionis

1114 4049 1163 4100 per
1180 4033 1221 4086 ius
1237 4031 1418 4098 admiscendi,
1436 4031 1508 4100 quod
1523 4037 1563 4086 est
1577 4033 1644 4086 tale:
1663 4035 1860 4088 sicummuaem
1870 4049 1925 4088 ser·

1114 4117 1176 4154 vum
1193 4099 1295 4154 habens
1313 4101 1408 4168 aliquis
1427 4115 1488 4154 cuin
1496 4099 1567 4154 Titio
1585 4101 1656 4154 solus
1673 4101 1824 4154 libertatem
1841 4099 1865 4154 ei
1877 4099 1926 4154 im·

1113 4169 1205 4236 posuit
1221 4169 1262 4220 vel
1278 4167 1395 4220 vindicta
1413 4167 1454 4222 vel
1470 4171 1639 4232 testamento,
1658 4181 1690 4220 eo
1709 4181 1775 4220 casu
1792 4167 1926 4234 perseius

1114 4235 1286 4290 omittebatur
1303 4241 1330 4288 et
1353 4235 1426 4290 socio
1450 4235 1632 4288 adcrescebat.
1658 4235 1706 4288 sed
1730 4249 1791 4286 cum
1812 4235 1926 4300 pessimo

1112 4303 1203 4358 fuerat
1226 4303 1376 4370 ειιειιιρΙΟἩ
1400 4307 1427 4356 ct
1449 4301 1573 4358 libertate
1595 4317 1699 4356 servum
1723 4301 1878 4354 defraudari
1901 4307 1927 4358 et

1113 4387 1146 4424 ex
1165 4385 1197 4424 ea
1214 4371 1414 4424 humanioribus
1433 4369 1537 4438 quidem
1554 4369 1665 4424 dominis
1684 4367 1810 4422 damnum
1826 4367 1926 4436 inferri,

1113 4439 1289 4494 severioribus
1307 4443 1396 4492 autem
1414 4439 1518 4492 lucrum
1535 4437 1704 4490 adcrescere:
1722 4435 1775 4490 hoc
1793 4435 1869 4504 quasi
1885 4437 1927 4490 iii·

1114 4505 1199 4562 vidiae
1216 4507 1323 4576 plenum
1341 4505 1385 4574 pio
1407 4505 1521 4560 remedio
1545 4519 1594 4572 per
1616 4509 1735 4556 noemam
1759 4505 1926 4560 constitutio-

1113 4575 1204 4628 iieiii²5
1213 4575 1312 4628 mederi
1321 4573 1502 4628 necessarium
1511 4571 1633 4626 dumus
1648 4577 1674 4624 et
1687 4571 1836 4626 invenimus
1847 4571 1926 4638 viam,

1113 4657 1161 4710 per
1179 4657 1258 4710 quani
1275 4649 1302 4694 et
1320 4641 1497 4696 manumissor
1514 4645 1541 4694 et
1557 4639 1646 4692 socius
1664 4637 1720 4694 eius
1739 4643 1766 4694 et
1784 4641 1829 4708 qui
1846 4641 1926 4696 liber-

1112 4715 1195 4762 tatem
1211 4711 1316 4778 accepit
1329 4713 1420 4762 nostm
1435 4707 1560 4760 fruantur
1573 4705 1711 4772 beneficio,
1729 4707 1852 4762 libertate
1867 4725 1928 4762 cuni

1113 4775 1210 4830 effectu
1236 4775 1398 4844 procedente
1425 4775 1511 4838 (cuius
1533 4773 1624 4828 favore
1647 4781 1674 4828 et
1699 4775 1824 4846 antiquos
1850 4777 1927 4844 legis-

1112 4847 1211 4898 latores
1234 4845 1318 4898 multa
1342 4847 1368 4898 et
1391 4847 1485 4896 cauma
1508 4857 1660 4898 communes
1677 4843 1784 4912 regulas
1801 4847 1929 4898 statuisse

1112 4911 1356 4966 manifestissimum
1379 4915 1428 4972 est)
1454 4913 1480 4964 et
1503 4925 1533 4966 ec
1551 4913 1626 4980 qui2⁶
1644 4927 1703 4966 esni
1718 4913 1755 4964 ini
1775 4913 1847 4966 osuit
1863 4929 1929 4968 suae

1112 4979 1278 5034 liberalitatis
1295 4979 1442 5034 stabilitate
1457 4979 1587 5048 gaudente
1601 4985 1628 5034 et
1643 4979 1715 5036 socio
1729 4929 1848 5034 trienni
1864 4997 1928 5036 con-

1112 5053 1218 5102 servato
1235 5045 1404 5116 pretiumque
1427 5047 1496 5102 servi
1519 5049 1665 5104 secundum
1687 5051 1793 5118 partem
1810 5049 1928 5116 dominii,

1112 5117 1185 5186 quod
1202 5129 1251 5170 nos
1269 5113 1444 5180 delinivimus,
1463 5117 1617 5186 accipiente.

1113 5355 1158 5414 (111)
1166 5351 1268 5400 Homeri
1277 5369 1359 5402 uersus
1367 5351 1415 5402 Od.
1423 5353 1563 5420 itta—se
1574 5357 1614 5408 tic
1622 5351 1731 5406 inscrtum
1741 5351 1797 5402 edd.
1812 5355 1856 5418 (ii)
1870 5357 1929 5408 Caci.

1112 5421 1137 5480 8,
1148 5429 1174 5470 sa
1186 5423 1239 5482 test,
1250 5429 1307 5482 ast
1385 5423 1430 5486 (ιε)
1453 5423 1511 5474 σοι.
1522 5425 1545 5486 8,
1556 5435 1583 5476 sa
1592 5425 1647 5486 tsi),
1657 5433 1685 5474 aa
1768 5423 1929 5484 (sardoas,

1112 5499 1140 5538 ts
1151 5491 1206 5550 (etl,
1216 5498 1241 5541 10
1302 5491 1350 5554 (tu)
1368 5493 1405 5542 sic
1416 5491 1469 5554 ΤΘ,
1479 5493 1575 5542 alienos
1585 5493 1612 5542 B
1664 5493 1708 5556 (m)
1727 5491 1763 5542 sic
1773 5489 1800 5552 T,
1811 5491 1895 5540 iuerat
1903 5493 1929 5540 B

1112 5557 1161 5618 (ait
1182 5555 1305 5620 Gadda
1316 5567 1341 5610 ιε
1419 5563 1465 5622 (rat
1487 5561 1545 5612 θοι).
1556 5563 1580 5622 5,
1591 5571 1611 5622 a,
1622 5569 1650 5612 ab
1734 5565 1782 5616 tait
1799 5557 1929 5618 :icBW⁰,

1112 5623 1248 5684 pessimum
1263 5625 1280 5676 i'.
1296 5626 1410 5690 exemplo
1427 5625 1476 5686 W',
1493 5627 1656 5690 pessimumi
1677 5625 1819 5688 exemplum
1834 5625 1868 5684 E,
1884 5619 1929 5672 ια’-

1112 5705 1207 5820 quiqrmr
1220 5681 1348 5810 ἤνὲεὕτο
1362 5687 1574 5762 παράδειγμαθ
1611 5741 1612 5744 ,
1715 5693 1763 5752 (25)
1785 5689 1843 5740 Cod..
1854 5693 1878 5752 ’1,
1889 5703 1931 5750 1,)

1125 5767 1152 5808 ae
1183 5759 1243 5822 quia
