4366 6258
284 353 424 424 XXXVI
446 359 462 422 i
1088 349 1153 428 534
1518 377 1565 426 nn
1587 345 1733 428 seuerus
1754 379 1943 430 cossunrun

286 559 346 600 cum
367 541 448 598 filiam
471 541 610 616 reliquisse
630 549 837 616 preponeretur,
860 545 1093 602 fideicommissum
1144 545 1301 602 ‘hereditate
1318 545 1942 616 mea1⁰adtepemenemhheclratrihusteis

284 629 339 668 non
356 611 454 668 deberi.
491 613 649 670 Occurras:
671 629 734 668 narn
750 617 802 670 etsi
818 613 1014 670 matrimonium
1032 629 1093 670 eum
1144 613 1296 682 restituas.
1333 615 1481 684 quaesitum
1498 621 1547 680 est,
1565 629 1602 668 an
1619 613 1734 684 Septicio
1752 613 1806 670 filio
1825 615 1941 672 defuncte

284 679 387 736 furiosa
407 697 460 736 non
482 681 548 748 fuit,
573 679 640 736 satis
665 685 755 738 tamen
776 685 878 738 iactum
901 687 942 738 est
962 681 1093 738 eiusmodi
1142 685 1214 736 intra
1235 683 1407 738 vicensimum
1433 699 1532 738 annum
1554 683 1611 736 sinc
1631 683 1722 738 liberis
1739 681 1795 750 ¹hec
1816 681 1941 738 fideicom-

285 749 443 806 eondicieni.
1143 751 1250 804 missum
1260 757 1350 806 utrum
1360 767 1410 820 pre
1423 751 1591 820 portionibus
1607 751 1773 808 hereditariis
1790 751 1825 804 ad
1841 751 1941 808 hamam

319 815 359 876 80
378 815 457 886 (78)¹
473 817 554 874 Inus
572 817 641 872 libro
663 820 804 874 uicensimo
816 819 910 890 primo
928 817 1092 892 clipeatorum
1142 823 1170 874 ιι
1193 833 1312 874 sorerem
1334 819 1392 874 eius
1415 821 1547 886 pertineat
1568 833 1604 874 an
1619 835 1683 874 aere
1705 817 1860 888 aequaliter.
1893 835 1941 874 res·

284 887 384 942 Lucius
401 887 487 942 Titius
503 885 630 940 intestato
647 889 801 952 meriturus,
820 901 881 940 eum
898 887 1010 940 haberet
1026 903 1093 940 uxo·
1143 893 1158 940 6
1193 887 1287 956 pendit
1304 901 1355 956 pre
1371 891 1448 954 parte
1465 887 1634 942 hereditaria.
1650 887 1731 940 ¹Titia
1747 901 1781 940 cx
1797 901 1857 940 asse
1874 887 1941 944 heres

284 971 341 1036 rem
353 955 561 1052 etexeatiliam
573 955 774 1038 emancipatam,
793 953 997 1036 epdicillishaee
1013 955 1093 1010 verba
1143 955 1245 1034 scripta
1265 961 1370 1024 partem
1391 953 1525 1008 dimidiam
1547 953 1704 1032 hereditatis
1721 955 1841 1008 Maeuiae
1859 961 1941 1024 rogata

284 1021 1093 1168 aaut,attitiattadrtitlptistitus
1142 1021 1941 1168 {astatadstat‘astiteritisitaut:

286 1165 341 1212 ‘vos
354 1157 430 1226 ipsae
440 1157 561 1212 habeatis
569 1159 588 1224 ³,
607 1173 744 1214 commune
757 1157 831 1210 teb1s
845 1163 891 1212 sit:
910 1157 982 1228 qued
999 1159 1022 1210 si
1038 1173 1093 1212 non
1143 1159 1206 1212 dom
1229 1157 1320 1212 Seiae:
1343 1163 1492 1226 quaesitum
1511 1163 1566 1222 est,
1584 1173 1619 1210 an
1637 1157 1709 1212 Titia
1726 1173 1760 1210 ax
1777 1171 1860 1210 causa
1876 1155 1940 1212 fidei-

286 1231 342 1294 ‘ege
359 1241 492 1304 rogarem,
509 1239 556 1278 ros
573 1243 623 1294 pro
640 1231 729 1282 vestm
744 1225 844 1294 pietate
861 1225 1002 1280 faceretis'.
1037 1225 1093 1278 iilia
1143 1225 1275 1280 commissi
1293 1225 1415 1278 Maeviae
1434 1229 1566 1280 teneatur.
1607 1225 1758 1294 respondit,
1781 1241 1842 1278 cum
1858 1233 1941 1292 rogata

285 1293 404 1348 intestam
413 1291 498 1360 patris
515 1291 646 1348 bonerum
662 1291 858 1362 possessionem
875 1293 990 1360 accepit:
1010 1309 1091 1372 quae·
1142 1293 1315 1348 hereditatem
1332 1291 1473 1350 restituere
1490 1297 1664 1360 proponatur,
1681 1291 1748 1344 nihil
1764 1291 1884 1360 proponi,
1902 1309 1941 1348 cur

286 1359 366 1414 situm
389 1365 494 1426 est,an
515 1361 604 1414 aliua
644 1377 688 1414 ars
709 1357 864 1414 hereditatis
882 1361 960 1414 Lucii
978 1357 1042 1414 Titii
1059 1375 1092 1414 ex
1142 1365 1338 1414 nenteneatur.
1367 1359 1523 1414 Curemus:
1539 1361 1632 1414 subest
1641 1359 1712 1412 enim
1722 1359 1855 1426 praestari
1872 1375 1941 1426 oper-

286 1427 600 1484 eausaiideicemmissra
641 1425 756 1480 'emetri
773 1425 927 1480 detectura
955 1427 1092 1494 respondit
1142 1433 1198 1480 tere
1214 1427 1251 1492 id,
1269 1431 1369 1496 quante
1387 1427 1471 1494 pluris
1488 1425 1588 1480 fundus
1605 1427 1670 1492 hut,
1688 1441 1768 1494 quarn
1785 1425 1821 1480 ad
1838 1427 1941 1482 credito·

286 1495 429 1548 seeundum
452 1509 483 1548 ea
504 1513 573 1564 quae
589 1497 804 1564 proponerentur
821 1495 955 1548 dimidiam
971 1497 1092 1564 partem⁵
1143 1501 1156 1546 7
1187 1509 1244 1548 rem
1274 1495 1393 1550 errenire
1403 1495 1530 1562 oportuit.
1557 1495 1941 1558 GaieSeieexsemissc,litic

285 1561 383 1624 deberi,
401 1563 424 1616 si
441 1563 521 1618 etiam
538 1579 606 1618 uxor
618 1565 714 1630 parata
722 1561 758 1614 sit
768 1561 796 1614 in
809 1577 947 1636 commune
959 1563 1030 1616 bena
1043 1579 1092 1616 sua
1143 1579 1177 1616 ex
1188 1513 1338 1642 quodiana
1349 1567 1376 1618 et
1385 1561 1446 1616 aliis
1457 1577 1491 1616 ex
1499 1561 1608 1630 reliquis
1625 1561 1792 1632 portionibus
1808 1561 1941 1620 heredibus

288 1637 298 1680 ι
335 1629 482 1684 conferma
516 1631 621 1684 Maesia
642 1627 709 1684 duos
731 1627 800 1684 filies
821 1629 932 1684 heredes
949 1629 1093 1696 reliquerat
1142 1629 1269 1684 insutntrs
1292 1629 1332 1682 ita
1355 1627 1436 1684 cauit:
1456 1629 1524 1684 ‘fidei
1547 1635 1636 1684 autem
1652 1635 1755 1682 vestrae
1773 1629 1882 1692 mande,
1900 1631 1941 1688 Gai

285 1703 312 1750 et
329 1697 420 1750 eedem
437 1703 596 1752 testamento
613 1697 652 1750 ita
669 1695 748 1750 cavit:
774 1695 845 1750 ‘fidel
860 1703 949 1750 autem
964 1697 1092 1752 heredum
1143 1697 1197 1750 ‘Sei
1213 1705 1240 1750 ιι
1250 1697 1335 1750 Lucia
1348 1697 1428 1762 Titia,
1446 1697 1486 1750 uti
1502 1705 1564 1764 pest
1583 1697 1684 1750 obitum
1701 1701 1818 1750 vestrum
1835 1695 1941 1754 reddatis

285 1771 412 1820 ‘meorum
431 1767 572 1830 committo,
590 1763 630 1816 uti
647 1765 732 1818 omnis
749 1764 900 1820 substantia
917 1779 976 1818 mea
993 1765 1029 1818 sit
1039 1781 1091 1844 pro
1143 1763 1298 1820 ‘restituatis
1322 1765 1392 1820 Titio
1417 1769 1444 1818 et
1460 1765 1615 1834 Sempronio
1640 1765 1775 1820 semissem
1799 1765 1940 1834 patrimonii

285 1833 414 1900 ‘deposito
437 1833 494 1888 sine
516 1831 604 1888 usmis
625 1831 698 1900 apud
716 1831 810 1886 Gaium
829 1833 918 1888 Seium
935 1837 963 1888 et
978 1833 1093 1888 Lucrum
1145 1837 1179 1886 ‘et
1195 1831 1326 1902 portionis
1343 1833 1416 1898 eius,
1434 1833 1605 1900 quantouis
1622 1831 1701 1888 dedi’.
1736 1833 1885 1900 quaesitum
1901 1843 1941 1896 est,

284 1901 400 1968 ‘Titium
435 1915 485 1954 uos
494 1903 581 1964 etiam,
599 1899 622 1952 si
636 1899 763 1964 licuisset,
779 1907 915 1956 curatores
926 1902 1092 1954 substantiae
1143 1917 1204 1954 eum
1226 1903 1334 1970 utrique
1356 1901 1470 1954 adierint
1496 1899 1672 1954 hereditatem
1697 1905 1724 1954 et
1748 1907 1842 1972 postea
1868 1901 1941 1960 Gaius

284 1975 366 2024 ‘meae
389 1969 422 2022 de
442 1969 520 2022 'esem
540 1967 648 2020 remotis
666 1969 738 2030 aliis,
759 1975 788 2020 ut
804 1969 833 2022 hi
849 1969 993 2024 restituant
1009 1983 1092 2038 nepe·
1143 1969 1220 2024 Seius
1242 1967 1385 2022 defunctus
1408 1969 1443 2022 sit
1460 1969 1545 2022 Lucia
1562 1969 1633 2020 Titia
1649 1969 1747 2024 herede
1763 1969 1898 2032 instituta,
1914 1987 1941 2026 an

285 2037 363 2090 ‘tibus
380 2035 454 2100 meis,
472 2041 552 2104 prout
570 2035 628 2104 quis
647 2051 738 2090 eorum
756 2035 792 2090 ad
809 2035 998 2104 annosviginti
1016 2037 1092 2104 quin·
1142 2036 1210 2090 haec
1230 2035 1317 2090 Lucia
1340 2035 1413 2090 Titia
1454 2041 1538 2090 artem
1562 2035 1697 2090 dimidiam
1721 2035 1849 2102 remissie,
1874 2053 1941 2104 quau

285 2107 344 2174 ‘que
355 2103 512 2174 pervenerit,
530 2119 579 2172 pro
590 2103 723 2170 portione,
731 2103 773 2158 vel
791 2105 814 2158 si
830 2119 909 2172 uuus,
926 2105 953 2158 ei
969 2105 1091 2160 omnem'.
1142 2109 1252 2172 rogatus
1269 2109 1329 2158 erat
1339 2103 1422 2158 Gaius
1433 2053 1514 2158 baius
1531 2105 1679 2170 restituere,
1697 2105 1819 2174 protinus
1838 2105 1941 2164 debeata

284 2173 432 2242 quaesitum
445 2177 492 2240 ιιι,
512 2187 547 2224 an
554 2171 784 2228 fideicommissum
800 2173 934 2242 praestari
950 2189 967 2226 a
984 2173 1091 2242 scriptis
1143 2189 1178 2226 an
1194 2187 1257 2226 rere
1278 2177 1341 2242 post
1362 2185 1440 2228 suam
1457 2173 1561 2226 demum
1577 2179 1690 2226 mortem
1707 2173 1861 2228 universum
1877 2173 1940 2228 fidei·

284 2241 426 2296 heredibus
440 2239 525 2294 Lucio
537 2239 607 2296 Titio
625 2245 652 2296 et
669 2239 753 2296 (ιιιι7
772 2241 831 2296 Seio
850 2241 954 2296 debeat.
980 2257 1092 2310 respon·
1143 2241 1311 2296 commissum
1333 2245 1389 2294 tam
1411 2255 1443 2294 ex
1466 2256 1514 2294 sua
1536 2257 1653 2310 persona
1673 2257 1753 2308 quam
1769 2257 1803 2296 ex
1821 2241 1883 2294 Gaii
1898 2241 1941 2300 Sci

284 2309 324 2362 dit
333 2309 479 2364 secundom
496 2323 528 2362 ea
546 2323 614 2376 quae
630 2317 843 2390 proponerentur
860 2309 974 2364 Lucium
983 2309 1091 2374 Titium,
1143 2309 1233 2362 datum
1256 2309 1398 2364 restituere
1421 2309 1533 2362 debeat?
1558 2307 1697 2378 respondit
1718 2309 1831 2362 Luciam
1856 2309 1941 2366 Titiam

241 2407 243 2412 ·
284 2377 347 2430 item
365 2377 460 2430 (laium
471 2377 560 2430 Seium
576 2377 809 2434 fideicommissum
826 2383 915 2446 petere
932 2395 986 2434 nen
1003 2393 1090 2448 posse.
1142 2377 1233 2434 statim
1243 2377 1335 2442 teneri,
1354 2385 1384 2430 ut
1395 2383 1500 2446 partem
1508 2377 1642 2430 dimidiam
1653 2377 1768 2432 semesis
1785 2395 1819 2432 ex
1836 2393 1941 2446 persona

284 2449 299 2498 ι
335 2445 401 2500 Τιιι
422 2445 534 2498 heredes
556 2445 663 2512 scripsit
679 2445 813 2500 Maeuium
836 2445 946 2500 fratrem
964 2463 1041 2500 suum
1059 2461 1092 2500 ex
1143 2449 1158 2500 8
1193 2445 1247 2500 Seii
1268 2447 1402 2500 restituat.
1438 2445 1533 2500 Filiam
1555 2461 1630 2500 suam
1652 2443 1775 2500 heredem
1797 2445 1905 2512 scripsit
1919 2455 1941 2500 ιι

285 2513 430 2576 dodrante,
449 2511 539 2566 Seium
562 2527 595 2566 ex
611 2519 747 2580 sextante,
766 2515 885 2568 Stichum
903 2513 1021 2568 eiusdem
1039 2515 1092 2570 Seii
1126 2521 1278 2582 nepotem,
1303 2529 1382 2582 quem
1406 2529 1438 2568 ιι
1462 2529 1494 2568 ιι
1515 2515 1645 2578 habehat,
1673 2513 1698 2568 ei
1715 2515 1855 2568 substituit
1872 2519 1899 2568 ιι
1913 2515 1942 2570 ita

284 2595 396 2644 servum,
419 2579 503 2632 filium
527 2587 615 2634 autem
632 2583 782 2636 naturalem
799 2581 896 2636 Maeuii
914 2599 947 2636 ex
968 2583 1048 2636 uncia
1065 2587 1092 2638 et
1143 2581 1225 2636 cauit:
1239 2581 1333 2636 ‘Lucio
1343 2581 1413 2636 Titio
1425 2581 1607 2638 iratris¹¹mei
1615 2581 1669 2636 filie
1677 2597 1774 2650 genere
1783 2597 1842 2636 mee
1853 2581 1939 2636 ducem

284 2647 345 2704 fidei
368 2647 497 2704 commisit
518 2647 585 2714 Seii,
614 2651 655 2704 uti
676 2649 798 2704 Stichum
822 2651 1034 2716 manumitteret,
1064 2651 1092 2704 in
1142 2653 1301 2704 ‘tesaurees
1314 2649 1443 2720 relinque.
1467 2649 1618 2718 quolegate
1634 2649 1693 2712 scie,
1707 2651 1781 2704 illum
1799 2653 1941 2704 commutem

284 2719 351 2772 haec
372 2717 466 2772 verba:
494 2719 519 2770 ‘a
542 2723 568 2770 ιι
585 2723 661 2788 peto,
679 2719 738 2784 Sei,
755 2719 795 2772 uti
811 2723 842 2772 tu
859 2719 979 2774 Stichum
997 2735 1089 2772 manu·
1142 2721 1218 2784 ιιιιι,
1237 2719 1363 2788 queniam
1374 2719 1470 2788 scripsi
1480 2719 1630 2774 universam
1646 2733 1704 2774 rem
1719 2733 1812 2786 meam,
1832 2735 1863 2772 ιο
1882 2721 1942 2788 qued

285 2789 422 2842 ‘mittereac
445 2785 506 2840 dedi
531 2785 603 2840 unde
625 2785 746 2842 iaceres'.
788 2787 836 2842 sed
857 2795 884 2842 et
908 2785 1036 2842 codicillis
1052 2789 1092 2842 ita
1142 2785 1233 2842 ‘liliam
1242 2793 1366 2842 meamet
1382 2791 1506 2856 nepotem
1521 2803 1610 2842 meum
1620 2787 1731 2842 heredes
1744 2787 1839 2856 scripsi
1847 2789 1876 2852 ¹²,
1893 2791 1941 2842 uni-

285 2857 366 2908 cavit:
387 2855 509 2920 ‘unciam
524 2871 557 2910 ex
569 2871 621 2924 qua
631 2855 684 2908 feci
697 2855 818 2910 Stichum
829 2855 960 2926 heredem,
978 2855 1002 2910 si
1013 2871 1092 2924 quam
1142 2857 1254 2910 ‘versam
1262 2857 1442 2910 substantiam
1454 2857 1491 2910 eis
1502 2857 1712 2912 communicasse
1719 2857 1747 2908 ¹³.
1766 2873 1833 2924 quos
1841 2857 1941 2910 invicem

264 2925 370 2978 '‘Seius
392 2925 597 2978 controversiam
614 2925 757 2992 moveretl,
776 2925 811 2980 ad
827 2923 963 2980 Maeuium
980 2925 1092 2980 fratrem
1142 2923 1324 2980 commende.
1359 2923 1415 2978 iilia
1439 2925 1512 2980 adita
1532 2925 1618 2994 patris
1639 2923 1787 2980 hereditate
1808 2923 1942 2978 divertite

283 2999 380 3048 ‘meum
402 2993 497 3048 reverti
513 2993 582 3048 uelo.
617 3001 661 3058 tu,
684 2993 781 3060 irater,
806 2995 952 3048 seeundum
968 2993 1047 3048 fidem
1065 3001 1092 3048 ιι
1142 2993 1253 3048 marito:
1277 2993 1428 3062 quaesitum
1445 2999 1494 3058 est,
1511 3007 1548 3046 an
1565 2991 1653 3048 Titius
1688 2993 1803 3046 nondam
1822 2995 1879 3046 cius
1895 3009 1942 3046 ma·

285 3063 418 3130 ‘pietatem
429 3069 511 3126 tuam,
530 3061 659 3132 quidquid
676 3061 711 3116 ad
728 3067 755 3118 te
771 3061 921 3130 peruenerit
938 3077 970 3118 ex
987 3061 1091 3116 heredi·
1142 3061 1209 3116 ritus
1233 3079 1281 3116 suo
1301 3061 1342 3116 vel
1359 3061 1408 3114 filii
1426 3061 1468 3118 sui
1484 3061 1590 3116 nomine
1607 3077 1642 3116 ex
1658 3009 1861 3118 fibeicommisso
1881 3079 1941 3116 cen-

284 3139 349 3186 ιιιιι
371 3145 430 3186 mea
447 3131 539 3186 Sticho
560 3129 615 3186 filie
633 3137 680 3186 tue
697 3131 836 3186 restitues:
863 3131 934 3202 quod
950 3139 981 3184 ut
998 3131 1091 3198 facias,
1142 3131 1293 3186 munionem
1320 3131 1452 3186 bonerum
1481 3131 1607 3198 consequi
1628 3131 1716 3200 possit
1736 3131 1794 3184 viva
1820 3131 1943 3200 quondan

284 3199 590 3256 ‘fideituaecommitto'.
620 3201 769 3270 quaesitum
782 3205 829 3264 est,
841 3217 901 3256 curn
911 3199 987 3256 Seius
998 3199 1093 3256 adierit
1142 3217 1227 3256 uxore
1256 3217 1306 3256 sua
1332 3199 1374 3254 rel
1400 3205 1463 3270 pest
1490 3205 1601 3254 mortem
1627 3199 1691 3256 eius.
1726 3201 1866 3268 respondit
1888 3199 1943 3256 nilo]

284 3269 456 3324 hereditatem
479 3277 506 3326 et
526 3277 636 3340 propter
652 3271 705 3324 hec
727 3271 880 3338 compulsus
898 3269 1019 3324 Stichum
1036 3285 1092 3322 ma·
1142 3269 1339 3324 fideicommissi
1361 3269 1452 3324 datum
1474 3283 1570 3340 genero
1593 3269 1707 3340 proponi
1728 3273 1836 3338 praeter
1853 3269 1933 3322 ducen

285 3339 435 3404 numiserit,
463 3355 497 3392 an
522 3341 628 3396 unciam
654 3339 823 3402 hereditatis,
852 3355 885 3394 ex
908 3355 961 3408 qua
984 3337 1092 3394 Stichus
1125 3339 1158 3392 ’9
1193 3343 1236 3392 ιιι
1252 3353 1356 3392 aureos.
1385 3337 1458 3394 Idem
1476 3337 1590 3406 quaesiit
1607 3337 1718 3392 eandem
1731 3353 1842 3392 uxorem
1856 3337 1942 3392 marite

284 3411 360 3462 heres
378 3409 515 3462 institutus
533 3415 582 3474 est,
600 3407 691 3462 Sticho
709 3407 870 3464 manumisso
888 3407 1028 3462 restituere
1046 3407 1090 3462 dc·
1142 3405 1241 3460 herede
1258 3407 1359 3476 scripto
1376 3405 1638 3472 fideicommisisse¹⁴,
1657 3411 1699 3472 ut,
1718 3421 1779 3460 cum
1795 3413 1942 3470 moreretm,

285 3479 355 3532 beat.
383 3477 520 3546 respondit
536 3493 591 3532 nen
607 3477 723 3548 proponi
740 3475 829 3530 Seium
846 3483 969 3544 rogatum
985 3477 1092 3530 unciam
1142 3475 1197 3530 lilio
1215 3475 1350 3528 communi
1367 3491 1451 3540 omne,
1470 3475 1542 3544 quod
1558 3475 1593 3528 ad
1610 3489 1671 3528 eum
1689 3489 1722 3528 ex
1739 3473 1885 3530 hereditate
1902 3489 1942 3530 sua

287 3553 300 3600 3
335 3547 519 3600 eirestituere.
545 3545 752 3615 idemquaesiit,
767 3545 844 3610 amsi
858 3545 1092 3614 aliquameontre-
1142 3541 1319 3614 peruenisset,
1346 3543 1500 3600 restitueret
1508 3545 1544 3598 ¹⁵:
1571 3559 1608 3598 an
1633 3541 1696 3598 illae
1725 3559 1830 3612 queque
1855 3559 1898 3598 res
1922 3549 1943 3598 et

286 3613 396 3668 versiam
407 3611 483 3670 Seius
495 3613 528 3668 de
539 3615 618 3670 uncia
629 3613 690 3676 hac,
708 3629 741 3668 ex
759 3629 813 3684 qua
830 3613 937 3668 Stichus
954 3613 1092 3668 institutus
1141 3613 1337 3682 possessiones,
1356 3613 1469 3680 quaein
1487 3613 1575 3670 dotem
1593 3613 1672 3668 datae
1690 3617 1794 3682 etpost
1811 3613 1942 3668 divertium

286 3691 340 3748 ιιι,
365 3683 453 3736 facere
475 3683 539 3736 uelit
561 3691 588 3736 et
605 3683 726 3736 Maevius
743 3681 850 3736 unciam
869 3699 901 3736 ex
919 3697 1001 3738 causa
1017 3681 1092 3736 fidei·
1142 3681 1281 3736 restitutae
1293 3681 1398 3736 mulieri
1409 3681 1523 3750 fuerant,
1541 3681 1745 3736 fideicommissa
1757 3681 1941 3736 contineantur.

286 3751 418 3806 commissi
439 3749 534 3806 aSeio
555 3751 636 3808 fuerit
654 3757 827 3814 consecutus,
853 3755 942 3804 utrum
960 3751 1030 3804 hanc
1048 3767 1092 3804 so·
1142 3751 1291 3818 respondit,
1315 3749 1387 3820 quod
1408 3751 1502 3804 mulier
1521 3751 1550 3804 in
1571 3751 1648 3806 benis
1666 3751 1721 3804 suis
1739 3751 1901 3832 reliquisset,
1922 3749 1942 3802 id

284 3822 338 3874 lam
359 3819 478 3886 unciam,
503 3835 537 3874 ex
558 3837 610 3888 qua
628 3821 733 3874 Stichus
755 3819 894 3874 institutus
911 3823 960 3884 est,
978 3833 1013 3872 an
1030 3835 1091 3874 vere
1142 3817 1345 3874 fideicommissa
1365 3817 1503 3874 eeudneri.
1541 3819 1698 3874 Occurres:
1720 3823 1746 3874 ιι
1768 3819 1833 3874 abas
1856 3819 1889 3874 de
1905 3835 1941 3874 ee·

286 3895 312 3944 et
335 3889 504 3956 dodrantem,
529 3905 561 3944 ex
584 3905 637 3958 que
659 3889 670 3942 i
689 3903 718 3942 se
740 3887 860 3942 Maevius
882 3887 1020 3942 institutus
1043 3891 1092 3952 est,
1143 3889 1203 3942 dem
1229 3885 1304 3942 laete
1331 3889 1468 3940 conssultus
1493 3889 1532 3942 ita
1553 3887 1705 3958 respondit,
1732 3887 1785 3942 sire
1812 3889 1941 3942 restitutae

287 3957 370 4012 eidem
392 3957 483 4014 Sticho
506 3959 646 4012 restituere
668 3907 771 4012 iubeat.
809 3955 948 4024 respondit
971 3955 1004 4010 de
1021 3955 1092 4012 omni
1142 3955 1195 4012 sint
1213 3971 1269 4022 ιιι,
1294 3954 1440 4010 secundum
1457 3955 1485 4010 id
1502 3955 1575 4024 qnod
1592 3969 1674 4024 supra
1691 3971 1849 4024 responsum
1867 3963 1906 4010 ιιι
1921 3957 1941 4008 io

286 4027 457 4094 restituendo,
476 4027 546 4096 qued
558 4027 737 4080 adldacsium
754 4039 858 4094 queque
876 4023 954 4078 modo
965 4025 1091 4094 peruenit,
1142 4025 1220 4080 benis
1237 4023 1356 4078 mulieris
1374 4025 1535 4094 computari,
1558 4025 1613 4080 sire
1630 4039 1684 4078 nen
1703 4025 1755 4078 siut
1765 4025 1785 4058 ¹⁶
1802 4025 1941 4084 restitutae,

284 4099 301 4150 4
337 4097 501 4150 testatriccm
525 4095 648 4150 sensisse.
692 4093 775 4148 Pater
797 4111 908 4162 puerum
932 4099 959 4148 et
975 4093 1091 4162 puellam
1143 4093 1205 4162 quia
1232 4109 1265 4148 ex
1293 4093 1464 4162 stipulatione
1493 4093 1526 4148 de
1553 4093 1615 4148 dote
1637 4093 1773 4148 reddenda
1793 4093 1942 4162 interposita

285 4163 397 4218 heredes
407 4165 522 4218 instituit
533 4179 630 4234 eosque
641 4163 753 4218 invicem
764 4161 902 4218 substituit
914 4167 948 4228 ιι,
964 4163 987 4216 si
998 4169 1092 4218 neuter
1142 4161 1323 4216 restituendae
1340 4161 1407 4228 sint,
1430 4177 1461 4216 ee
1482 4161 1629 4216 auctiorem
1649 4161 1824 4216 hereditatem
1841 4177 1941 4230 compu-

285 4237 363 4288 hcres
380 4237 457 4298 esset,
477 4233 514 4288 eis
532 4233 621 4302 plures
639 4231 778 4288 substituit
796 4231 1008 4300 snbsdtutosque
1024 4231 1092 4286 inui-
1144 4235 1175 4284 10
1210 4231 1282 4288 tari„
1307 4229 1381 4298 Quae
1407 4231 1526 4298 habehat
1551 4231 1635 4284 illium
1664 4237 1691 4284 et
1716 4243 1750 4284 ex
1773 4245 1804 4286 co
1828 4237 1942 4300 nepotem

287 4317 343 4354 cem
354 4301 492 4356 substituit
500 4301 542 4356 his
550 4301 651 4356 verbis:
670 4301 837 4356 ‘substitutos
854 4299 965 4356 heredes
981 4301 1092 4354 invicem
1142 4309 1269 4368 utresque
1285 4301 1314 4354 in
1330 4299 1418 4354 mariti
1454 4303 1574 4364 otestate,
1592 4299 1717 4354 mamtum
1729 4315 1762 4352 ιι
1772 4315 1833 4354 ιιιι
1844 4297 1943 4366 scripsit

286 4369 450 4424 ιιιιιιιιίιιιοί
470 4369 613 4422 eorundem
625 4369 741 4422 filiorum
757 4369 821 4422 fidei
838 4369 975 4434 commisit,
993 4375 1031 4436 ut,
1047 4369 1093 4436 qui
1142 4367 1276 4426 heredem,
1289 4369 1398 4436 eiusque
1441 4367 1482 4422 dei
1507 4367 1638 4422 commisit
1659 4367 1688 4420 in
1711 4367 1777 4420 haec
1800 4369 1894 4420 verba:
1919 4365 1942 4418 ‘si

286 4453 377 4492 eorum
401 4439 456 4492 uita
479 4443 632 4506 superasset
655 4443 681 4490 ιι
704 4437 760 4492 sine
782 4437 873 4492 liberis
896 4439 968 4492 intra
993 4453 1092 4492 annum
1142 4435 1237 4490 ‘Titias
1260 4435 1372 4490 maritus
1395 4451 1470 4490 meus
1493 4435 1557 4488 mihi
1574 4437 1653 4490 heres
1670 4435 1733 4500 erit,
1756 4441 1819 4504 peto
1836 4433 1941 4502 fideique

285 4505 465 4574 trigessimum
478 4509 633 4572 moreretur,
651 4505 825 4560 hereditatem
836 4505 886 4570 his,
896 4521 971 4574 ,quos
981 4505 1092 4560 heredes
1142 4503 1209 4558 ‘eius
1227 4505 1376 4570 committo,
1400 4503 1528 4570 quidquid
1550 4519 1584 4558 es
1600 4503 1746 4558 hereditate
1762 4519 1822 4558 mea
1838 4503 1874 4556 ad
1891 4517 1943 4556 eum

285 4573 473 4636 substituerat,
498 4573 630 4628 restituat.
665 4573 735 4628 illius
752 4573 807 4628 vita
824 4589 941 4628 sorerem
958 4573 1092 4641 superarit
1142 4573 1314 4636 ‘errauerit,
1338 4587 1399 4626 cum
1421 4571 1489 4626 mori
1511 4573 1642 4642 coeperit,
1668 4571 1714 4624 det
1736 4573 1860 4626 restituat
1883 4569 1941 4624 Gaio

287 4649 313 4696 ιι
340 4641 411 4694 intra
435 4641 616 4710 trigcnsimum
642 4655 741 4694 annum
766 4643 823 4696 sinc
848 4641 938 4696 liberis
964 4641 1090 4696 decessit:
1142 4589 1205 4694 ‘bio
1229 4645 1333 4704 ιιοιιιο,
1359 4639 1398 4692 ita
1426 4645 1530 4704 tamen,
1559 4645 1590 4692 nt
1615 4640 1707 4694 decem
1729 4639 1835 4718 quidem
1858 4639 1942 4692 uncias

286 4709 433 4780 quaesitum
445 4717 493 4772 est,
512 4725 545 4762 ex
557 4709 706 4764 substitutis
718 4725 773 4764 uno
784 4709 909 4764 defuneto
920 4713 983 4762 ante
1001 4707 1091 4776 filium,
1142 4707 1236 4762 ‘Gaium
1257 4707 1368 4772 habeat,
1391 4705 1458 4762 duas
1481 4711 1570 4762 autem
1592 4705 1685 4762 nncms
1703 4705 1779 4762 Serus
1801 4723 1884 4774 nepos
1901 4707 1942 4758 ha-

286 4777 426 4846 perseius,
444 4791 513 4846 quae
530 4777 564 4830 ad
582 4783 684 4830 ceteros
702 4777 861 4832 substitutas
880 4777 1092 4846 quisupervive·
1142 4777 1225 4830 ίιιιιιι
1245 4773 1316 4842 quod
1333 4781 1364 4828 ut
1375 4775 1440 4840 fiat,
1462 4775 1525 4828 fidei
1542 4775 1598 4830 eius
1617 4775 1671 4830 Titi
1686 4773 1791 4828 heredis
1808 4775 1861 4828 mei
1879 4789 1941 4828 eem-

286 4851 345 4900 rent
359 4845 480 4912 pertinet,
497 4849 653 4914 utrumme
669 4845 787 4900 uirilibus
806 4861 841 4900 an
857 4861 906 4914 pre
923 4845 1091 4900 hereditariis
1142 4843 1244 4898 ‘mitte'.
1279 4849 1358 4912 pater
1376 4843 1551 4912 emancipavit
1567 4843 1659 4908 filium,
1677 4849 1801 4912 nepetam
1819 4843 1906 4896 amisit
1922 4845 1943 4894 ct

286 4913 465 4982 portionibus,
490 4913 585 4980 quibus
609 4917 672 4966 sunt
689 4915 838 4978 substituti,
861 4915 1001 4980 pertineat.
1035 4929 1091 4966 res·
1142 4911 1284 4980 superstite
1301 4911 1356 4966 filio
1374 4910 1495 4966 decessit.
1532 4911 1681 4978 quaesitum
1698 4915 1753 4974 est,
1776 4913 1841 4962 ιιι17
1862 4911 1942 4978 priore

285 4981 378 5048 pendit
391 4993 554 5046 consequens
566 4993 624 5032 esse
639 4993 688 5048 pre
706 4981 747 5032 his
764 4980 894 5048 partibus,
913 4981 1009 5048 quibus
1028 4981 1090 5034 sub·
1160 4985 1218 5032 arte
1236 4977 1385 5046 scripturae
1401 4979 1525 5032 universa
1541 4977 1674 5032 hereditas
1688 4977 1773 5046 patris
1783 4979 1804 5008 ¹⁸
1822 4993 1854 5030 ex
1868 4991 1941 5032 eausa

287 5053 301 5100 5
336 5047 423 5100 stituti
440 5053 540 5110 essent,
564 5047 795 5100 fideicommissum
811 5047 952 5116 pertinere.
986 5047 1092 5102 Maeuia
1141 4995 1337 5100 fideicommissi
1363 5047 1419 5100 filio
1442 5047 1570 5100 debeatur
1592 5051 1618 5100 et
1638 5045 1685 5098 illa
1707 5045 1846 5114 sequentia
1869 5047 1943 5098 verba

287 5113 369 5166 filiurn
382 5113 505 5168 heredem
522 5113 637 5168 instituit
653 5129 685 5168 ex
704 5115 860 5182 quincunce,
879 5115 993 5170 Τίιιιιιι9
1009 5115 1092 5168 filiam
1141 5115 1188 5168 ‘ita
1204 5119 1302 5178 tamen,
1319 5119 1350 5168 nt
1367 5115 1459 5168 decem
1475 5115 1568 5168 uncias
1585 5113 1665 5178 lilius,
1683 5113 1751 5166 duas
1765 5119 1855 5168 autem
1867 5127 1941 5182 nepes

288 5197 320 5234 ex
331 5181 486 5248 quadrante,
504 5181 649 5248 Septicium
665 5181 747 5236 filium
764 5199 798 5236 ex
814 5185 918 5248 triente,
938 5185 1012 5236 cuius
1029 5183 1092 5238 fidei
1142 5181 1256 5236 ‘habeat'
1287 5197 1320 5236 ex
1334 5183 1482 5236 ¹voluntate
1508 5181 1650 5236 defunctae
1671 5181 1711 5234 ita
1733 5181 1839 5234 demum
1860 5181 1941 5236 locum

287 5249 417 5302 commisit
431 5249 536 5302 inhaec
546 5249 640 5302 rerba:
660 5253 694 5302 ‘te
711 5267 784 5318 rege,
802 5251 840 5304 fili
857 5251 964 5318 Septici,
983 5251 1005 5304 si
1020 5251 1092 5304 intra
1140 5251 1279 5314 haberent,
1298 5249 1321 5302 si
1338 5251 1380 5304 die
1397 5249 1593 5302 fideicommissi
1610 5249 1719 5302 cedente
1736 5249 1806 5304 filius
1825 5255 1941 5330 atnepos

287 5315 465 5370 ιιίιιιιιιιιοιιι
482 5331 580 5368 annum
596 5317 654 5370 sine
670 5317 760 5370 liberis
773 5319 900 5382 morieris,
918 5317 1046 5386 quidquid
1058 5335 1091 5374 ex
1141 5333 1233 5372 eorum
1249 5317 1308 5370 ιιι19
1325 5323 1422 5372 namma
1440 5323 1536 5382 ιιιιιιι,
1555 5333 1614 5372 cum
1633 5323 1722 5370 autem
1735 5333 1789 5372 non
1802 5317 1942 5386 superuixit

285 5491 315 5548 ιι)
332 5487 457 5550 pc=D.
467 5487 507 5548 31,
517 5497 574 5548 aaa
644 5491 675 5548 (at
693 5485 1089 5552 primumautcmrogo,sicinter
1139 5487 1208 5538 niam
1222 5491 1246 5538 et
1259 5487 1308 5554 ipsi
1322 5489 1526 5538 universamrem
1536 5503 1616 5538 meam
1625 5503 1661 5554 eo,
1675 5487 1826 5552 quodliliam
1835 5491 1941 5542 meamet

286 5551 572 5614 rosapatis,utmevivo
582 5553 665 5618 egistis
674 5557 717 5604 las.
727 5555 742 5604 l.
749 5575 810 5620 pem.
851 5559 882 5614 ιιι
901 5555 997 5606 habetis
1007 5557 1021 5606 l.
1028 5575 1087 5622 pam.
1139 5561 1254 5620 nepotem
1262 5571 1345 5606 meum
1353 5557 1454 5608 heredes
1462 5555 1549 5620 scripsi
1556 5557 1685 5606 universae
1693 5557 1853 5622 substantiae,
1862 5557 1941 5608 uideor

287 5623 318 5682 (4)
337 5623 502 5682 etquotaa'ns.
520 5619 601 5686 lyam.
693 5623 725 5686 (ι)
744 5621 871 5674 dimidiam
879 5627 974 5686 partem
988 5623 1044 5674 odd.
1061 5641 1090 5674 er
1140 5623 1330 5674 communicasse
1391 5627 1433 5688 (ιι)
1451 5623 1670 5674 fideicommisseF
1725 5623 1945 5690 (1alrestituereF

287 5687 446 5752 lyamctB,
462 5687 542 5736 emF
621 5689 654 5750 (el
672 5689 814 5740 conferrier
894 5691 926 5754 (ι)
944 5691 1002 5756 gaio
1016 5691 1094 5742 oeaF
1141 5693 1269 5752 (16)th
1313 5695 1356 5754 (17)
1375 5695 1458 5744 exies.
1506 5695 1553 5756 (18)
1570 5693 1657 5744 matus
1666 5695 1793 5762 Sabelliap
1844 5699 1887 5760 (19)
1906 5711 1940 5746 ee

287 5755 319 5816 (ιι
336 5753 475 5804 moveritS
572 5755 604 5814 (st
623 5755 821 5820 quincuntetiarn
834 5761 859 5808 F
954 5761 999 5816 ιιι)
1016 5775 1054 5810 me
1068 5759 1094 5808 F
1139 5775 1196 5810 rum
1204 5761 1240 5824 in]
1249 5761 1277 5810 in
1285 5775 1369 5812 rerum
1377 5781 1424 5812 scr.

287 5825 327 5884 ιιι)
346 5821 449 5872 iatrisF
521 5825 564 5886 (ιι)
583 5825 668 5888 scrispi
680 5827 704 5872 F
775 5831 816 5884 ital
834 5827 1011 5892 sicferejuit:
1028 5841 1089 5890 quo-
