4366 6258
254 375 451 430 auctoramus

253 557 343 598 sersus
362 547 477 592 actorem
494 537 561 592 dari.
587 541 614 592 ει
628 535 742 592 Sabinus
755 543 834 606 putat
850 553 904 592 non
923 553 979 592 esse
995 535 1059 588 dan·

255 613 323 670 dam,
341 607 417 684 quasi
434 607 471 658 de
485 607 538 660 alia
554 619 584 658 re
602 605 635 658 sit
653 603 777 670 iuratum,
796 607 847 658 hoc
866 611 907 658 est
923 609 989 660 tunc
1006 619 1060 658 non

254 679 335 734 fuisse
352 691 380 724 ιε
396 679 543 742 potestate:
566 673 645 726 modo
663 687 725 726 vero
743 689 803 726 cum
820 673 849 726 in
884 677 997 726 otestate
1015 671 1059 724 de-

254 739 438 816 prehendatur,
458 741 490 792 de
507 739 579 792 facto
599 741 655 792 eius
671 755 751 808 posse
768 741 819 808 agi.
881 739 979 792 eratius
995 753 1060 808 quo-

254 825 306 880 que
323 807 445 862 dicebat¹
462 813 525 874 post
543 813 666 860 exactum
681 807 867 862 iusiurandum
883 821 963 874 posse
986 813 1060 860 acto·

253 893 309 934 rem
326 877 447 930 detracta
464 889 549 928 noxae
567 875 699 928 deditione
717 875 843 944 experiri,
867 875 891 928 si
912 873 990 928 modo
1009 875 1061 928 hoc

255 943 406 1064 contepdlpt,
420 947 594 1012 posteaquam
608 943 744 996 ἱειειειε2
759 947 800 996 εει
809 941 1060 1010 coepisseinpotes-

254 1017 309 1068 tate
345 1025 433 1064 aere.

287 1075 327 1134 22
350 1077 469 1132 Patrios
491 1075 558 1132 labro
581 1081 675 1132 octauo
698 1075 799 1130 decimo
824 1075 861 1128 od
884 1075 999 1130 edictum
1034 1075 1062 1128 Si

254 1161 344 1204 servus
368 1147 504 1216 depositus
526 1145 568 1198 vel
591 1143 774 1198 commodatos
798 1143 846 1206 sit,
872 1159 932 1198 cum
956 1141 1061 1198 domino

254 1215 294 1282 agi
312 1219 400 1282 potest
416 1213 507 1266 noxali
524 1213 642 1266 actione:
662 1211 684 1264 ei
701 1211 771 1264 εειει
789 1209 887 1264 servire
903 1211 1062 1280 intellegitur

254 1289 292 1346 et,
317 1281 389 1350 quod
406 1281 508 1334 adhoc
532 1279 646 1336 edictum
669 1279 777 1344 attinet,
800 1279 828 1332 in
851 1283 983 1348 potestate
1006 1279 1060 1334 eius

254 1355 307 1414 est,
332 1349 444 1402 mamare
467 1349 491 1402 si
515 1347 618 1414 copiam
640 1347 740 1402 habeat
756 1347 921 1416 reciperandi
938 1347 1059 1402 hominis.

257 1423 266 1470 1
302 1417 330 1470 Ιε
344 1417 389 1486 qui
403 1417 507 1486 pignori
522 1417 626 1486 accepit
639 1417 680 1470 vel
694 1417 739 1486 qui
754 1417 876 1484 precario
891 1417 993 1484 rogavit
1006 1433 1061 1470 non

253 1489 358 1538 tenetur
375 1485 464 1538 noxali
487 1485 604 1538 actione:
627 1485 690 1538 licet
716 1483 783 1536 enirn
806 1483 876 1538 iuste
898 1483 1061 1552 possideant,

253 1557 413 1606 nontamen
431 1551 553 1620 opinione
571 1551 669 1606 domini
686 1551 838 1620 possident:
864 1553 910 1606 sed
927 1553 976 1606 hos
995 1567 1060 1622 quo·

254 1635 303 1688 que
320 1621 348 1672 in
365 1625 498 1688 potestate
516 1621 614 1672 dondni
631 1619 754 1688 intellegi,
773 1621 795 1672 si
812 1619 969 1674 facultatem
985 1635 1060 1690 repe-

253 1693 267 1742 t
302 1687 375 1740 tendi
387 1703 432 1742 eos
449 1687 570 1742 dominus
584 1689 689 1742 habeat.
726 1687 794 1756 Quid
809 1693 850 1742 εει
863 1689 963 1744 habere
976 1687 1060 1744 iacul-

252 1759 334 1808 tatem
351 1755 505 1824 repetendi?
529 1757 627 1810 habeat
650 1759 806 1824 pecuniam,
830 1773 863 1810 ex
886 1771 939 1826 qua
956 1757 1062 1810 liberari

252 1829 352 1894 potest:
380 1839 442 1876 nam
467 1839 522 1876 non
545 1823 623 1878 debet
646 1825 704 1892 cogi
725 1825 840 1878 vendere
864 1841 906 1878 res
930 1839 1007 1890 suas,
1031 1831 1062 1878 ut

254 1897 267 1944 3
303 1891 390 1944 solvat
405 1891 545 1960 pecuniam
564 1897 590 1944 et
603 1897 707 1960 repetat
721 1909 834 1946 serrum.
860 1891 998 1956 Dominus,
1017 1891 1062 1960 qui

254 1973 356 2012 servum
373 1959 401 2012 in
418 1975 467 2014 sua
483 1963 617 2028 potestate
632 1975 689 2014 esse
704 1961 854 2024 confitetor,
873 1965 920 2012 aut
938 1961 1062 2014 exhibere

254 2041 312 2078 eum
330 2025 409 2080 debet
427 2031 474 2080 aut
490 2029 627 2080 absentem
645 2027 800 2080 defendere:
820 2027 891 2094 quod
905 2027 957 2080 nisi
969 2029 1060 2092 faciat,

253 2097 268 2146 ι
302 2095 412 2162 punitur
421 2101 500 2164 atque
509 2095 531 2150 si
545 2101 712 2164 praesentem
727 2113 781 2150 non
795 2111 882 2148 noxae
896 2095 1005 2150 dederit.
1034 2095 1061 2148 Si

253 2161 357 2228 negavit
374 2161 495 2216 dominus
512 2163 540 2216 in
557 2179 606 2216 sua
623 2167 755 2230 potestate
779 2179 837 2216 esse
859 2179 977 2228 servum,
1000 2179 1060 2232 per·

252 2227 333 2282 mittit
348 2235 456 2298 praetor
473 2229 558 2284 actori
575 2229 720 2296 arbitrium,
738 2235 828 2284 utrum
845 2231 1016 2284 iureiurando
1034 2231 1062 2284 id

252 2295 375 2350 decidere
398 2311 433 2350 an
455 2297 582 2352 iudicium
605 2299 707 2352 dictare
733 2299 790 2352 sine
815 2315 903 2352 noxae
928 2299 1061 2352 deditione

252 2365 321 2428 velit,
339 2381 388 2434 per
405 2365 476 2434 qood
494 2367 588 2432 vincet,
606 2367 628 2420 si
644 2367 797 2434 probaverit
811 2383 871 2420 eum
885 2367 914 2420 in
926 2371 1061 2436 potestate

252 2449 311 2488 esse
332 2435 375 2488 vel
397 2433 458 2488 dolo
486 2435 543 2488 eius
568 2433 684 2500 factum,
711 2445 762 2504 quo
788 2435 875 2488 minos
902 2435 1061 2504 essetziqoi

252 2505 339 2554 autem
365 2519 420 2556 non
444 2503 597 2570 probaverit
621 2503 649 2556 in
673 2509 807 2572 potestate
833 2503 976 2558 adversarii
1004 2519 1061 2558 esse

252 2583 364 2634 servum,
382 2587 438 2624 rem
455 2571 560 2624 amittit.

286 2633 325 2694 23
347 2637 439 2692 Gerus
453 2637 521 2692 libro
538 2643 615 2692 sexto
634 2639 671 2692 acl
686 2639 800 2692 edictum
812 2637 984 2710 provinciale
1009 2637 1061 2692 Sed

252 2705 295 2758 et⁴
319 2705 342 2758 si
365 2711 459 2774 postea
481 2705 664 2760 adversarius⁵
687 2707 744 2760 eius
767 2707 796 2758 in
813 2709 945 2776 potestate
962 2707 1061 2760 habere

252 2773 369 2840 coeperit
392 2787 506 2838 servum,
529 2779 634 2828 tenetur
657 2791 690 2828 ex
707 2789 776 2828 nora
793 2771 962 2842 possessione
980 2773 1059 2828 dene·

251 2845 313 2908 gata
331 2841 355 2894 ei
372 2841 534 2908 exceptione.

286 2905 325 2964 24
344 2907 462 2962 Paetus
482 2909 550 2962 libro
574 2913 667 2964 octauo
691 2911 792 2962 (tectmo
811 2909 849 2962 od
871 2909 984 2962 edictum
1019 2909 1061 2962 De

251 2975 294 3030 illo
314 2977 462 3040 videndum,
479 2985 568 3030 utrum
585 2977 711 3030 adversus
730 2993 789 3030 eum
806 2983 918 3040 tantum,
937 2977 982 3044 qui
1000 2977 1059 3030 dolo

251 3043 327 3106 fecit,
347 3061 399 3112 quo
416 3043 522 3098 ιείεεε6
538 3045 566 3098 in
582 3049 716 3112 potestate
734 3043 860 3108 haberet,
885 3045 954 3098 aetio
972 3043 1061 3098 locum

251 3113 350 3166 habeat
367 3113 503 3176 noxalis⁷,
521 3113 544 3166 si
562 3127 594 3166 ex
612 3111 672 3166 dolo
692 3113 747 3166 eius
766 3111 909 3176 acciderit,
926 3117 957 3164 ut
976 3117 1062 3166 cesset

251 3181 354 3234 noxalis
372 3181 442 3234 actio
461 3181 539 3242 (forte
557 3181 579 3232 si
597 3195 672 3232 servo
690 3197 738 3234 suo
756 3179 848 3248 fugam
864 3179 1007 3244 mandavit)
1027 3195 1061 3232 an

251 3255 278 3304 et
295 3247 318 3302 si
334 3247 420 3316 possit
437 3247 518 3300 nihilo
536 3247 622 3302 minus
641 3263 701 3300 cum
719 3247 770 3300 alio
790 3247 833 3316 agi
857 3247 937 3316 (qnod
955 3247 1059 3310 accidit,

252 3333 312 3370 cum
329 3317 459 3370 alienatus
482 3315 692 3370 manumissusve
716 3319 774 3378 εει),
802 3315 872 3382 quod
897 3321 936 3368 εει
959 3315 1059 3368 verius:

250 3385 277 3436 in
296 3399 348 3452 quo
367 3399 432 3436 casu
449 3384 542 3437 electio
561 3389 600 3436 εει
618 3383 725 3446 actoris,
744 3399 804 3436 cum
824 3397 875 3450 quo
889 3383 956 3436 velit
974 3397 1059 3450 agere.

251 3451 368 3504 lulianus
387 3457 474 3504 autem
493 3451 530 3504 ait
548 3451 580 3504 de
598 3467 628 3504 eo
648 3451 692 3520 qui
715 3451 881 3514 manumisit,
905 3451 928 3502 si
950 3455 1061 3520 paratus

251 3521 285 3574 sit
303 3517 444 3574 defendere
460 3535 489 3572 se
506 3519 692 3582 manumissus,
711 3519 894 3586 exceptionem
910 3517 1025 3570 dandam
1038 3517 1060 3570 ei

251 3587 296 3656 qui
313 3587 472 3640 manumisit.
498 3587 550 3640 hoc
569 3591 594 3638 et
611 3585 712 3640 Labeo.

285 3651 324 3712 25
346 3655 438 3710 ans
449 3653 516 3708 libro
530 3659 609 3706 sexto
624 3653 661 3708 od
674 3653 963 3732 edictumprociucr'olc
987 3651 1061 3706 Idem

251 3729 299 3786 est,
319 3729 345 3778 et
362 3721 385 3776 si
401 3739 485 3778 novus
504 3721 624 3776 dominus
642 3721 710 3776 servi
726 3721 853 3776 iudicium
867 3721 994 3790 patiatur.

284 3787 324 3848 26
343 3789 919 3846 Paurusb'bruoctavodecimoodcdv'ctuva
953 3789 1059 3844 Electio

251 3875 311 3914 vero
336 3859 448 3912 alterum
470 3859 607 3912 liberabit:
631 3859 659 3912 id
683 3859 752 3910 enim
773 3863 882 3928 praetor
906 3859 1059 3922 introduxit,

250 3943 283 3982 ne
301 3927 452 3982 eluderetur
468 3931 558 3990 actor,
581 3943 636 3980 uon
659 3932 690 3979 ut
714 3925 793 3980 etiam
817 3925 921 3980 lucrum
944 3925 1059 3980 faceret:

253 4003 263 4048 1
299 3995 412 4063 ideoque
429 3995 584 4062 exceptione
601 4009 618 4048 a
635 3993 755 4062 sequenti
769 3995 984 4048 summovebitur.
1010 3993 1059 4046 His

251 4077 413 4130 consequens
428 4067 476 4126 εει,
494 4067 533 4126 ει,
553 4061 575 4115 si
587 4063 678 4130 plures
691 4063 752 4114 dolo
766 4061 886 4126 fecerint,
906 4077 958 4130 quo
973 4063 1060 4114 minus

248 4129 276 4182 in
293 4135 426 4198 potestate
448 4129 608 4194 haberentf,
625 4129 727 4198 ,eligere
750 4129 846 4184 debeat
868 4135 957 4194 actor,
983 4145 1061 4198 qoem

249 4201 264 4250 2
299 4199 362 4252 velit
380 4195 527 4252 convenire.
563 4197 629 4252 Item
646 4197 669 4252 si
686 4213 720 4252 ex
737 4197 855 4266 pluribus
875 4195 987 4252 dominis
1001 4197 1059 4266 qui-

249 4265 311 4318 dam
320 4267 381 4320 dolo
395 4267 464 4318 malo
479 4267 570 4332 partes
584 4281 648 4318 suas
663 4265 789 4320 desierint
803 4265 948 4332 possidere,
965 4265 1059 4318 electio

249 4335 298 4386 erit
321 4333 434 4396 actoris,
457 4339 546 4386 utrum
569 4333 669 4388 directo
694 4349 772 4402 agere
794 4333 858 4386 velit
880 4351 941 4388 cum
964 4349 995 4386 eo
1014 4333 1059 4402 qui

248 4401 366 4468 possidet
374 4401 392 4466 ι,
416 4417 451 4454 an
473 4401 609 4468 praetoria
626 4417 687 4456 cum
704 4417 736 4456 eo
755 4401 801 4468 qui
819 4401 897 4456 desiit
914 4399 1057 4470 possidere.

248 4473 264 4522 3
299 4469 327 4522 Si
350 4485 453 4522 servum
476 4467 591 4522 alienum
613 4469 681 4522 alius
704 4471 733 4522 in
755 4471 813 4524 iure
836 4485 912 4524 suum
937 4483 995 4524 esse
1017 4485 1058 4524 re-

248 4543 264 4590 4
299 4537 450 4606 sponderit,
473 4537 558 4592 altero
578 4537 696 4590 solvente
715 4537 783 4592 alter
802 4537 939 4592 liberatur.
975 4537 1003 4592 Si
1026 4537 1058 4602 is,

248 4619 326 4672 quem
350 4603 458 4658 desieris
482 4603 542 4658 dolo
560 4605 709 4672 possidere,
734 4605 886 4670 decesserit,
904 4605 1059 4674 priusquam

248 4671 299 4726 hac
317 4673 421 4726 actione
440 4673 624 4738 conveniretis,
641 4671 772 4738 liberaris,
792 4675 855 4742 quia
864 4675 885 4708 ¹⁰
902 4675 970 4726 haec
987 4675 1057 4728 aetio

247 4739 380 4794 inlocum
397 4739 514 4794 directae
537 4741 649 4796 actionis
673 4741 807 4794 succedite
832 4743 964 4796 diversum
988 4741 1058 4796 dice·

248 4813 262 4860 t
298 4825 364 4872 mus,
383 4807 405 4860 si
422 4825 523 4862 moram
539 4807 635 4864 feceris
652 4807 681 4860 iu
697 4807 795 4864 iudicio
813 4811 977 4876 accipiendo.
1004 4807 1058 4864 Ne·

248 4891 299 4942 que
312 4875 403 4930 heredi
412 4879 432 4908 ¹¹
450 4891 536 4944 neque
549 4877 578 4930 in
591 4875 723 4940 heredem,
742 4875 814 4944 quod
827 4875 969 4930 defunctus
985 4893 1058 4930 men-

248 4943 311 4996 titus
329 4949 377 5008 εει,
396 4945 465 4998 actio
481 4945 570 4996 danda
584 4949 633 5008 est,
650 4957 700 4996 nec
714 4945 742 4996 in
755 4945 845 5012 ipsum
860 4945 978 5012 quolibet
991 4951 1058 5000 tem·

248 5027 324 5078 pore:
348 5027 411 5064 nam
434 5011 546 5064 liberum
569 5029 627 5066 esse
650 5011 730 5064 dehet
752 5011 904 5064 defendenti
922 5011 1058 5066 absentem

248 5093 351 5132 servum
368 5079 448 5134 huius
466 5079 546 5134 edicti
562 5095 675 5148 poenam
699 5079 811 5144 evitare,
835 5079 863 5132 id
887 5085 927 5132 est
950 5083 979 5132 ut
1002 5079 1059 5134 sine

247 5161 333 5200 noxae
347 5147 481 5200 deditione
496 5149 675 5202 conveniatur.
701 5153 727 5202 et
740 5147 800 5200 ideo
815 5147 838 5200 si
852 5147 988 5214 negaveris
1003 5163 1057 5200 ser-

246 5227 307 5266 vum
324 5215 352 5268 in
369 5219 417 5268 tua
453 5221 568 5270 otestate
584 5231 651 5282 esse,
670 5221 765 5284 postea
782 5215 862 5268 fateri
879 5215 988 5284 poteris,
1007 5215 1058 5272 nisi

247 5281 272 5358 si
287 5283 339 5336 iam
356 5283 389 5336 lis
407 5231 533 5338 adsersus
551 5289 578 5336 ιε
596 5289 747 5338 contestata
765 5289 819 5338 este
843 5299 906 5336 nam
927 5287 992 5336 tunc
1010 5299 1057 5336 au·

248 5347 297 5400 dni
314 5367 368 5404 non
386 5351 509 5414 debebis,
527 5357 558 5404 ut
574 5351 666 5406 Labeo
685 5353 735 5404 ait:
755 5353 907 5406 Octauenus
926 5367 958 5404 ex
976 5365 1059 5404 causa

247 5419 327 5470 etiam
348 5419 396 5472 lite
418 5425 570 5472 contestata
593 5419 643 5472 tibi
668 5419 892 5482 succurrendum,
920 5419 1012 5488 utique
1036 5419 1059 5470 si

248 5587 277 5650 (ll
296 5587 447 5656 dicebantF
527 5595 560 5650 tul
578 5593 874 5656 potesquamiuraturF
947 5597 978 5652 (a)
998 5589 1058 5654 quia

248 5725 280 5788 (6)
299 5727 450 5790 quominus]
461 5725 578 5776 dominus
588 5729 612 5776 Γ
636 5767 637 5770 ,
720 5731 753 5788 ιι)
773 5725 873 5776 noxalis
884 5729 930 5776 del.
944 5727 1059 5778 Ceionius

248 5793 280 5854 (Sl
299 5793 438 5846 haberetF
501 5797 534 5858 (a)
552 5795 717 5860 possidenti*
766 5797 811 5856 [10]
831 5795 910 5856 quiF
956 5797 998 5854 (11)
1016 5807 1059 5842 nc·

1058 349 1117 420 135

1788 353 1919 418 vitus

1112 539 1126 586 6
1161 539 1236 588 aetas
1253 539 1301 586 tua
1318 551 1350 588 ea
1366 537 1414 600 sit,
1436 541 1467 590 ut
1488 535 1589 604 ignosci
1611 531 1659 586 tibi
1683 529 1785 584 debeat.
1820 531 1848 586 si
1872 531 1920 586 ab·

1112 605 1187 656 sente
1211 601 1315 654 domiuo
1340 601 1436 658 ductus
1460 605 1494 658 sit
1518 617 1609 658 servus
1626 599 1666 652 vel
1683 599 1762 652 etiam
1778 607 1921 666 praesente

1112 669 1175 722 etiu
1190 669 1282 722 eadem
1298 683 1380 722 causa
1395 669 1437 734 sit,
1452 677 1482 724 ει
1495 671 1523 724 in
1536 673 1665 738 integrum
1679 667 1782 720 restitui
1797 667 1883 734 possit
1892 667 1920 730 ¹²,

1112 735 1230 790 defensio
1248 735 1409 804 permittitur
1426 737 1479 791 eius
1498 739 1602 792 nomine
1617 735 1662 808 qui
1676 735 1771 788 ductus
1787 739 1841 786 est:
1857 751 1920 802 pos-

1112 803 1258 856 tulantibus
1277 803 1345 858 enim
1363 801 1480 856 exhiberi
1498 805 1609 858 eumad
1627 799 1819 860 defendendum
1833 801 1920 854 indul·

1112 885 1173 940 gere
1190 877 1298 940 praetor
1316 871 1401 926 debet.
1426 871 1494 924 idem
1509 873 1705 928 concedendum
1720 877 1760 926 est
1773 869 1921 924 fructuario

1113 939 1154 992 vel
1178 939 1221 992 cui
1243 939 1360 1008 pignoris
1382 937 1488 992 nomine
1511 939 1642 1008 obligatus
1667 947 1722 1008 est,
1748 939 1770 996 si
1796 953 1921 1008 praesens

1113 1007 1234 1060 dominus
1253 1007 1394 1060 defendere
1407 1005 1530 1070 noluerit,
1548 1021 1582 1060 ne
1597 1009 1704 1064 alterius
1721 1009 1797 1064 dolus
1815 1009 1862 1060 ant
1876 1005 1920 1060 de·

1113 1075 1180 1128 sidia
1205 1075 1263 1128 aliis
1289 1081 1393 1128 noceat.
1426 1075 1495 1126 idem
1520 1077 1709 1142 praestandum
1732 1083 1773 1132 εει
1794 1077 1823 1130 in
1845 1089 1921 1128 servo

1114 1141 1253 1208 communi,
1271 1159 1349 1212 quem
1367 1141 1434 1196 alter
1451 1157 1484 1196 ex
1501 1139 1613 1196 dominis
1630 1159 1755 1210 praesens
1773 1143 1858 1200 noluit
1875 1141 1918 1196 de·

1112 1209 1227 1264 ferdere.
1254 1211 1301 1264 sed
1319 1215 1346 1264 ει
1363 1209 1448 1264 actori
1463 1209 1506 1264 his
1523 1209 1629 1264 casibus
1648 1213 1853 1270 succurrendum
1871 1219 1920 1276 est,
1961 1247 1962 1250 η

1113 1279 1175 1348 quia
1196 1279 1286 1348 placet
1308 1279 1415 1332 dominii
1438 1277 1614 1346 adquisitione
1637 1279 1752 1348 extingui
1775 1283 1920 1336 actionem:

1112 1347 1186 1468 ipssu
1209 1347 1277 1402 enim
1301 1349 1432 1416 praetoris
1457 1345 1554 1400 ductus
1581 1345 1610 1400 in
1635 1345 1711 1402 bonis
1737 1351 1768 1402 fit
1794 1351 1850 1406 eius
1877 1351 1922 1420 qui

1131 1415 1196 1468 uxit.

1148 1479 1186 1540 27
1208 1483 1299 1540 Gaios
1322 1481 1391 1538 libro
1414 1487 1491 1538 scorto
1509 1483 1547 1536 orl
1562 1481 1677 1538 edictum
1688 1485 1859 1562 provinciale
1893 1485 1922 1540 Si

1113 1551 1232 1606 εοεειι13
1258 1549 1356 1606 iudicio
1383 1553 1470 1622 agitur
1495 1550 1527 1606 de
1553 1565 1628 1606 servo
1655 1567 1699 1618 εει
1722 1551 1839 1618 pignoris
1863 1555 1922 1608 iure

1113 1625 1216 1674 tenetur
1242 1625 1290 1672 aut
1313 1619 1347 1672 de
1370 1635 1401 1674 eo
1426 1621 1500 1674 cuius
1523 1633 1587 1672 usus
1613 1617 1716 1672 fructus
1740 1619 1849 1676 alterius
1872 1627 1922 1686 est,

1112 1687 1272 1742 admonendi
1286 1703 1385 1752 sumus,
1401 1689 1424 1742 si
1439 1687 1555 1742 creditor
1568 1687 1610 1740 vel
1622 1685 1834 1742 usufructuariae
1844 1705 1921 1756 prae·

1113 1771 1174 1810 sens
1184 1753 1365 1810 defensionem
1373 1755 1507 1824 suscipere
1516 1753 1636 1820 noluerit,
1645 1753 1830 1822 proconsulem
1839 1757 1921 1810 inter-

1112 1829 1250 1878 venturum
1274 1831 1301 1876 et
1317 1823 1433 1894 pignoris
1450 1825 1662 1892 persecutionem
1677 1823 1719 1876 vel
1736 1837 1799 1876 usus
1817 1821 1923 1878 fructus

1113 1891 1242 1944 actionem
1251 1897 1415 1960 negaturum.
1443 1907 1494 1960 quo
1511 1907 1576 1946 casu
1590 1891 1643 1944 diei
1658 1895 1745 1958 potest
1754 1891 1775 1922 ¹⁴
1791 1889 1850 1958 ipso
1865 1891 1923 1944 iure

1112 1959 1207 2028 pignus
1223 1957 1333 2014 liberari
1351 1959 1461 2022 (nullum
1479 1959 1547 2014 euim
1564 1959 1659 2028 pignus
1682 1965 1736 2022 εει,
1761 1957 1837 2010 cuius
1861 1975 1922 2026 per-

1113 2027 1214 2080 secutio
1233 2031 1367 2094 negatur):
1391 2027 1575 2086 ususfructus
1593 2031 1693 2092 autem,
1712 2025 1815 2080 etiamsi
1832 2041 1922 2094 perse-

1114 2095 1184 2150 cutio
1202 2095 1259 2148 eius
1276 2095 1433 2164 denegetur,
1449 2093 1507 2164 ipso
1520 2095 1577 2148 iure
1588 2095 1667 2148 durat
1681 2111 1710 2148 eo
1726 2107 1818 2162 usque,
1838 2093 1922 2146 donec

1117 2169 1125 2214 t
1163 2179 1218 2218 non
1241 2161 1340 2218 utendo
1364 2163 1509 2218 constituto
1535 2169 1652 2230 tempore
1677 2167 1778 2230 pereat.
1814 2161 1858 2212 Ex
1880 2161 1923 2238 his
1979 2225 1980 2234 .

1113 2245 1182 2298 quae
1205 2231 1317 2284 diximus
1341 2229 1374 2284 de
1398 2245 1471 2284 servo
1490 2229 1534 2298 qui
1552 2231 1630 2284 abaci
1646 2229 1761 2298 pignoris
1780 2227 1837 2282 iure
1855 2227 1920 2282 obh-

1112 2303 1189 2368 gatus
1207 2305 1249 2352 est
1265 2297 1350 2368 deque
1367 2299 1522 2352 statulibero
1541 2303 1568 2350 ει
1584 2297 1617 2350 de
1631 2313 1662 2352 eo
1679 2299 1754 2352 cuius
1770 2311 1836 2352 usus
1850 2295 1923 2350 fruc-

1112 2373 1156 2422 tus
1173 2365 1275 2422 alenus
1294 2371 1342 2430 est,
1361 2373 1473 2436 apparet
1491 2381 1559 2432 eum,
1577 2365 1623 2434 qui
1640 2365 1753 2420 ahenum
1772 2381 1876 2420 servum
1896 2365 1923 2418 in

1112 2435 1167 2490 iure
1185 2447 1262 2488 suum
1280 2449 1338 2488 esse
1355 2435 1564 2504 responderitffi,
1583 2435 1700 2504 quamvis
1718 2433 1808 2488 noxali
1824 2431 1923 2488 iudicio

1112 2509 1262 2568 teneantur,
1279 2519 1334 2556 non
1352 2509 1440 2558 tamen
1473 2517 1533 2556 osse
1546 2517 1632 2556 noxae
1647 2503 1779 2556 deditione
1793 2503 1852 2570 ipso
1866 2501 1924 2554 iure

1112 2569 1227 2634 liberari,
1245 2569 1308 2638 quia
1325 2571 1426 2624 nullum
1439 2521 1475 2624 ad
1488 2575 1607 2624 actorem
1621 2569 1763 2624 dominium
1778 2569 1924 2624 transferre

1112 2643 1238 2706 possunt,
1257 2653 1317 2692 cum
1334 2639 1386 2706 ipsi
1403 2639 1572 2692 domininon
1590 2637 1650 2692 sint.
1678 2645 1749 2692 certe
1771 2643 1875 2702 tamen,
1901 2639 1924 2692 si

1113 2723 1146 2760 ex
1169 2721 1201 2760 ea
1226 2719 1308 2760 causa
1331 2707 1458 2758 modicum
1481 2711 1576 2776 postea
1599 2707 1719 2760 dominns
1742 2705 1857 2758 vindicet
1874 2721 1923 2760 nec

1113 2773 1165 2828 litis
1184 2773 1394 2828 aestimationem
1417 2773 1525 2838 offerat,
1549 2773 1647 2842 poterit
1669 2789 1717 2842 per
1742 2773 1924 2842 exceptionem

1113 2841 1165 2896 doli
1183 2841 1244 2894 mali
1262 2843 1361 2910 repelli.

1148 2905 1186 2966 28
1205 2911 1374 2962 Aralcnnus
1389 2909 1457 2962 fibro
1474 2917 1552 2964 scuto
1571 2911 1755 2980 quaestionum
1790 2907 1828 2962 Et
1844 2923 1923 2976 gene·

1112 2977 1203 3032 raliter
1220 2977 1243 3030 si
1260 2977 1339 3030 alieni
1357 2977 1426 3030 servi
1443 2977 1563 3040 nomine,
1588 2977 1633 3046 qui
1656 2977 1704 3030 tihi
1727 2979 1824 3030 iustam
1842 2977 1921 3030 servi-

1112 3051 1196 3098 tutem
1214 3045 1337 3108 serviret,
1355 3045 1446 3098 uoxali
1462 3051 1551 3098 tecum
1569 3045 1665 3112 egerim
1682 3051 1763 3112 tuque
1782 3061 1842 3098 eum
1859 3043 1923 3098 mibi

1113 3127 1198 3166 noxae
1216 3111 1333 3166 dederis:
1352 3111 1407 3166 sive
1423 3127 1464 3166 me
1482 3113 1633 3182 possidente
1651 3113 1772 3168 dominus
1792 3129 1851 3166 eum
1865 3113 1923 3166 vin-

1113 3181 1199 3244 dicet,
1224 3181 1380 3248 exceptione
1397 3181 1451 3232 doli
1466 3181 1544 3244 mali,
1568 3181 1619 3232 nisi
1642 3181 1694 3234 litis
1713 3181 1923 3234 aestimationem

1112 3247 1215 3310 offerat,
1235 3263 1294 3300 eum
1312 3263 1474 3302 summovere
1491 3263 1614 3314 possum,
1634 3249 1686 3302 sive
1703 3247 1760 3316 ipse
1777 3247 1923 3316 possideat,

1113 3313 1272 3368 Publiciana
1289 3315 1353 3368 mihi
1376 3315 1467 3378 datur,
1493 3321 1520 3366 et
1543 3315 1668 3370 adversus
1694 3315 1868 3384 excipientem
1892 3317 1923 3370 ‘si

1113 3381 1233 3436 dominus
1251 3381 1308 3436 eius
1327 3383 1368 3436 sit'
1387 3383 1478 3436 utilem
1495 3383 1560 3436 mihi
1576 3383 1773 3452 replicationem
1792 3383 1845 3436 doli
1860 3383 1923 3436 mali

1111 3449 1280 3518 profuturam
1303 3457 1331 3504 et
1354 3451 1499 3504 secundum
1523 3451 1590 3504 haec
1608 3467 1658 3506 usu
1676 3467 1782 3520 quoque
1799 3467 1840 3504 me
1859 3467 1922 3520 cap-

1112 3523 1217 3580 turum,
1239 3519 1357 3586 quamuis
1382 3519 1467 3572 sciens
1485 3517 1600 3572 ebenum
1616 3517 1779 3586 possideam:
1806 3519 1923 3588 alioquin

1112 3583 1228 3638 sialiter
1247 3585 1439 3650 constituatur,
1457 3583 1590 3650 futurum,
1615 3591 1644 3640 ut
1662 3601 1764 3640 summa
1781 3587 1923 3654 iniquitate

1113 3653 1198 3706 honae
1216 3651 1279 3706 fidei
1295 3667 1434 3722 possessor
1456 3651 1611 3718 adficiatur,
1635 3653 1671 3718 si,
1698 3669 1758 3706 cum
1781 3655 1839 3724 ipso
1865 3655 1925 3708 iure

1112 3721 1216 3776 noxalis
1241 3721 1311 3776 actio
1335 3721 1461 3776 adversus
1484 3739 1545 3776 eom
1569 3721 1707 3792 competit,
1730 3723 1875 3778 necessitas
1900 3723 1923 3778 ei

1112 3791 1272 3858 imponatur,
1290 3795 1321 3844 ut
1337 3789 1391 3844 litis
1409 3791 1618 3844 aestimationem
1635 3789 1753 3844 sufferat.
1778 3793 1925 3862 eademque

1113 3857 1225 3910 dicenda
1243 3865 1306 3912 sunt
1324 3865 1350 3910 et
1367 3857 1403 3920 si,
1428 3875 1488 3912 cum
1512 3859 1545 3912 ab
1570 3875 1601 3914 eo
1612 3861 1632 3892 ¹⁶
1649 3875 1702 3912 non
1727 3859 1923 3926 defenderetur,

1111 3927 1185 3980 iussu
1202 3925 1333 3994 praetoris
1357 3943 1416 3980 eum
1439 3927 1572 3992 duxerim,
1595 3927 1719 3996 quoniam
1742 3927 1793 3982 isto
1818 3943 1925 3996 quoque

1112 4009 1176 4048 casu
1195 3995 1292 4048 iustam
1311 4009 1419 4048 causam
1435 3995 1588 4062 possidendi
1604 3996 1699 4049 habeo.

1146 4057 1185 4118 29
1207 4061 1299 4116 Gutus
1315 4063 1383 4116 libro
1397 4067 1475 4114 secato
1490 4063 1528 4116 od
1541 4063 1655 4118 edictum
1665 4063 1835 4132 provinciale
1860 4063 1923 4116 Non

1112 4129 1197 4184 solum
1221 4135 1310 4182 autern
1336 4129 1382 4198 qui
1405 4129 1434 4182 in
1455 4135 1588 4198 potestate
1613 4147 1666 4184 non
1691 4129 1773 4184 habet
1799 4147 1925 4186 recusare

1111 4203 1200 4266 potest
1217 4197 1313 4252 noxale
1327 4197 1461 4262 iudicium,
1479 4213 1571 4252 ιειειε
1588 4205 1615 4252 ει
1631 4199 1741 4252 habenti
1757 4199 1785 4252 in
1796 4201 1815 4230 ¹⁷
1833 4205 1923 4266 potes·

1111 4271 1167 4318 tate
1183 4265 1296 4318 liberum
1315 4271 1356 4318 est
1373 4265 1471 4318 evitare
1487 4265 1622 4330 iudicium,
1641 4267 1664 4320 si
1681 4265 1845 4320 indefensam
1865 4281 1923 4318 earn

1112 4349 1253 4402 personam
1270 4331 1414 4402 relinquat:
1439 4333 1487 4388 sed
1508 4333 1572 4388 huic
1595 4349 1703 4388 necesse
1727 4339 1768 4386 est
1785 4333 1827 4386 ius
1845 4349 1923 4384 suum

1111 4401 1146 4456 ad
1163 4407 1281 4456 actorem
1297 4401 1451 4466 transferre,
1469 4401 1579 4470 perinde
1597 4417 1629 4456 ac
1646 4403 1669 4456 si
1687 4401 1827 4454 damnatus
1842 4405 1921 4454 esset.

1145 4465 1184 4528 30
1203 4467 1287 4522 Iona!
1300 4471 1367 4526 libro
1385 4469 1422 4524 ad
1439 4469 1552 4526 edictum
1565 4471 1704 4550 praetoris
1721 4469 1827 4532 urbani,
1845 4467 1923 4522 titulo

1110 4537 1143 4592 de
1169 4537 1267 4594 dorsuo
1293 4539 1396 4608 infecto
1436 4537 1467 4592 In
1493 4537 1633 4592 noxahbus
1656 4535 1806 4588 acconibus
1831 4551 1922 4588 eorum

1111 4605 1155 4674 qui
1179 4607 1252 4660 bona
1277 4603 1331 4660 fide
1362 4607 1461 4660 absunt
1491 4607 1533 4660 ius
1565 4621 1619 4658 non
1649 4603 1842 4670 corrumpitur,
1875 4603 1923 4656 sed

1109 4675 1221 4728 reversis
1239 4673 1398 4728 defendendi
1416 4691 1449 4726 ex
1467 4675 1536 4726 hono
1556 4677 1583 4726 et
1599 4687 1683 4738 aequo
1698 4675 1817 4738 potestas
1834 4669 1923 4738 datur,

1110 4743 1194 4812 ειεε18
1211 4741 1311 4798 domim
1328 4743 1382 4798 sint
1399 4745 1452 4798 sive
1469 4739 1569 4808 ahquid
1585 4737 1612 4790 in
1631 4753 1662 4792 ea
1679 4753 1708 4792 re
1731 4739 1772 4792 ius
1796 4739 1923 4806 habeant,

1110 4811 1196 4878 qualis
1214 4819 1255 4864 est
1273 4811 1389 4866 creditor
1406 4815 1433 4866 ει
1449 4807 1622 4862 mainarius.
1924 4815 1926 4820 ’

1145 4875 1182 4936 31
1203 4879 1323 4932 Peneos
1343 4879 1410 4932 libro
1428 4877 1540 4944 septimo
1559 4873 1596 4928 od
1613 4873 1749 4930 Pleuratum
1783 4875 1861 4942 Quod
1884 4879 1923 4932 ait

1109 4951 1231 5014 praetor,
1256 4961 1317 5000 cum
1334 4945 1435 4998 familia
1451 4943 1552 4998 furtum
1570 4941 1665 5008 faciat,
1685 4945 1719 4998 ad
1736 4961 1796 4998 εεει
1815 4945 1923 5002 modum

1110 5029 1140 5068 se
1157 5013 1288 5068 actionem
1307 5013 1446 5074 daturum,
1469 5017 1501 5062 ut
1517 5015 1622 5066 tantum
1639 5017 1714 5066 actor
1733 5019 1920 5082 consequatur,

1110 5087 1238 5148 quantum
1264 5081 1287 5134 si
1309 5081 1376 5134 liber
1397 5077 1506 5134 fecisset
1529 5089 1750 5150 consequeretur,
1777 5081 1923 5150 quaeritur,

1110 5155 1199 5202 utrum
1223 5149 1257 5202 ad
1275 5147 1406 5214 pecuniae
1422 5147 1630 5214 praestationem
1646 5149 1773 5218 respiciat
1790 5163 1826 5202 an
1843 5149 1923 5204 etiam

1110 5215 1145 5270 ad
1163 5233 1249 5270 noxae
1267 5215 1440 5278 deditionem,
1464 5221 1494 5268 ut
1517 5219 1614 5286 puta¹⁹
1631 5217 1653 5272 si
1671 5235 1703 5272 ex
1720 5217 1812 5286 pretiis
1836 5233 1923 5272 noxae

1110 5283 1257 5338 deditorum
1275 5281 1385 5350 duplum
1403 5283 1554 5352 colligatur,
1580 5293 1718 5356 sequentes
1742 5287 1863 5338 actiones
1881 5283 1923 5336 in-

1109 5351 1258 5404 hibeantur.
1295 5349 1410 5404 Sabinus
1436 5359 1462 5404 et
1479 5353 1587 5408 Cassius
1610 5359 1707 5422 putant
1724 5353 1838 5420 pretium
1856 5367 1923 5420 quo-

1109 5433 1161 5488 que
1178 5433 1263 5470 noxae
1281 5415 1428 5474 deditorum
1446 5419 1572 5492 imputari
1589 5421 1698 5486 debere,
1716 5419 1789 5488 quod
1806 5419 1923 5488 Pompo·

1109 5605 1157 5652 que
1166 5587 1252 5638 heredi
1262 5589 1308 5638 del.
1345 5593 1518 5656 platpotestF
1550 5591 1729 5656 (talnoxaleF
1766 5589 1929 5656 (tthotesF

248 5657 330 5710 ineF
417 5659 450 5722 (tl
467 5659 674 5726 sidetKrueper
776 5663 808 5722 (t)
827 5659 1064 5708 adversersarinsF
1111 5657 1541 5724 [ttleosqui...responderintser.
1594 5663 1638 5722 ιιι)
1648 5659 1764 5710 haheoF
1812 5661 1856 5720 (tt)
1878 5673 1923 5722 po·

1112 5725 1436 5842 qqqt...habentiiuScum
1447 5727 1573 5792 B,om.F
1630 5727 1742 5788 {talsiF
1805 5729 1923 5788 (tquute
