4366 6258
258 367 321 426 llll
345 367 363 426 8
1064 349 1106 422 70
1596 365 1641 412 uu
1662 361 1836 412 susurrus:
1859 365 1917 426 qm

276 535 336 592 atn'r
353 541 450 594 arbiter
467 541 621 594 senteutiam
639 539 739 592 dicere:
758 535 785 590 id
803 537 871 590 enim
887 551 941 588 non
958 541 1062 588 tanturn
1112 535 1248 588 sciendum
1265 539 1305 588 est
1322 547 1428 586 omnem
1444 535 1587 586 tractatum
1605 543 1638 582 ex
1654 529 1712 598 ipso
1728 531 1917 598 compromisso

259 557 354 658 {oncri
370 621 553 674 personarum,
572 605 620 658 sed
645 611 671 658 et
693 601 826 656 maiestati
842 603 885 656 dei
900 603 1061 670 indulgetur,
1112 601 1281 656 sumendum:
1299 617 1350 654 neo
1363 601 1434 654 enim
1447 599 1518 652 aliud
1535 597 1575 652 illi
1587 595 1685 662 licebit,
1703 613 1782 666 quam
1796 599 1918 678 quodibi

261 673 337 724 cuius
361 673 444 726 saeris
467 685 564 724 vacare
586 671 735 724 sacerdotes
759 673 872 736 oportet.
899 675 1017 722 retamim
1040 667 1062 720 si
1112 673 1143 722 ut
1160 667 1264 720 efficere
1300 667 1497 722 ossitoautum
1520 669 1575 718 est:
1599 679 1653 718 non
1676 679 1737 734 ergo
1761 665 1918 734 quodlibet

260 743 354 804 postea
377 735 506 804 suscepit,
531 737 582 790 iste
606 751 711 804 quoque
733 733 882 790 omnimodo
905 733 1062 790 sententiam
1112 739 1230 790 statuere
1256 685 1355 788 arbiter
1376 733 1477 802 poterit
1501 747 1551 786 uec
1574 729 1602 784 in
1620 747 1671 800 qua
1688 749 1719 786 re
1735 733 1800 786 libet
1816 733 1867 814 nisi
1885 735 1917 788 de

262 809 276 856 5
311 805 381 858 ferre
395 805 479 856 debet.
505 803 572 856 Item
586 819 640 856 nou
653 807 694 856 est
709 801 850 868 cogendus,
868 803 892 856 si
908 801 941 856 de
956 801 1062 870 negotio
1113 817 1167 870 qua
1182 817 1213 856 re
1227 817 1285 856 com
1304 803 1445 856 remissum
1460 805 1541 856 estet
1556 805 1685 868 quatenus
1701 817 1918 868 comprcmrssum

262 877 426 924 transactum
449 875 502 932 θεῖ,
525 871 567 922 rel
589 871 667 924 bomo
685 873 804 922 mortuus
827 875 868 922 est
884 869 918 922 de
935 885 987 938 quo
1006 875 1064 922 orat
1115 875 1146 924 te
1181 873 1229 922 est.
1273 817 1428 936 (fremitum
1460 871 1501 922 est
1526 867 1559 922 de
1585 867 1715 924 sententia
1741 869 1866 934 dicenda,
1892 875 1919 924 et

263 937 492 1006 compromissum:
516 937 567 988 uisi
590 937 613 988 si
635 935 782 1002 posteriore
806 951 870 990 casu
893 935 994 1004 aliquid
1010 937 1062 988 liti-
1113 937 1214 992 dictum
1231 951 1285 990 nou
1302 937 1460 1006 quamlibet,
1484 937 1546 990 licet
1564 933 1596 988 de
1614 937 1770 1004 quibusdam
1787 937 1919 992 variatum

262 1009 278 1060 6
311 1005 429 1072 gentium
445 1003 555 1056 intersit.
597 1003 715 1056 lulianus
740 1003 891 1058 indistincte
908 1003 1014 1056 scribit:
1041 1003 1064 1056 si
1113 1005 1156 1058 sit.
1176 1009 1202 1058 et
1219 1009 1284 1072 puto
1301 1005 1386 1058 rere¹⁵
1403 1019 1458 1058 uon
1475 1003 1611 1068 committi,
1629 1003 1653 1056 si
1670 1003 1742 1058 dieat
1756 1003 1790 1058 ad
1804 1003 1919 1060 iudicem

261 1087 309 1138 per
331 1071 462 1124 errorem¹
491 1069 524 1122 de
553 1069 655 1122 famoso
682 1069 777 1122 delicto
801 1071 835 1124 ad
853 1071 981 1124 arbitrum
997 1069 1064 1124 itum
1114 1071 1146 1124 de
1163 1071 1215 1126 boc
1233 1071 1348 1126 eundum
1364 1071 1407 1124 rel
1423 1071 1452 1124 in
1469 1073 1497 1124 s'e
1514 1071 1555 1124 vel
1572 1069 1601 1122 in
1617 1071 1730 1124 aliumffi
1748 1073 1917 1150 compromit-

263 1143 315 1200 est,
340 1135 380 1188 rel
404 1135 436 1188 de
459 1151 491 1190 ea
513 1137 569 1200 re2,
595 1135 627 1188 de
651 1151 704 1202 qua
725 1135 864 1214 publicum
886 1135 1013 1190 indicium
1030 1137 1065 1192 sit
1113 1137 1230 1194 tendum.
1248 1153 1311 1192 nam
1326 1139 1479 1192 etIulianus
1493 1137 1602 1206 impune
1615 1153 1668 1192 uon
1676 1139 1773 1206 pareri,
1790 1153 1815 1198 ει
1828 1139 1920 1192 iubeat

263 1201 445 1266 constitutum,
463 1201 543 1256 veluti
561 1203 594 1256 da
611 1201 745 1258 adulterim
763 1205 864 1258 sicariis
883 1209 909 1258 et
926 1203 1062 1268 similibus,
1114 1205 1149 1258 ad
1162 1205 1243 1260 alium
1259 1207 1388 1260 arbitrum
1401 1207 1449 1272 ire,
1466 1205 1569 1258 nefinis
1584 1207 1699 1258 nonsit:
1718 1203 1790 1274 quod
1805 1205 1828 1260 si
1842 1207 1920 1260 hoc¹⁷

261 1275 351 1324 vetare
369 1271 444 1324 debet
460 1275 567 1338 praetor
585 1269 741 1324 sententiam
759 1273 846 1326 dicere
863 1285 912 1324 nec
930 1271 994 1324 dare
1009 1271 1063 1324 dic·
1113 1273 1191 1326 modo
1211 1273 1318 1340 dixerit,
1341 1279 1373 1328 ut
1396 1273 1505 1328 arbitrio
1523 1273 1613 1328 Publii
1628 1273 1725 1326 Maeuii
1748 1273 1846 1326 fundus
1864 1279 1919 1326 tra·

263 1343 277 1390 1
312 1343 356 1390 tae
374 1339 576 1390 exsecutionem.
603 1337 644 1390 De
659 1337 763 1404 liberali
777 1355 859 1392 eausa
875 1339 1063 1408 compromisso
1115 1339 1221 1394 deretur
1237 1345 1283 1396 ant
1300 1341 1437 1396 satisdatio
1457 1341 1547 1406 detur,
1571 1339 1719 1410 parendum
1737 1357 1795 1394 esse
1813 1345 1919 1394 senten-

261 1405 333 1458 facto
347 1411 419 1458 recte
435 1421 489 1458 non
500 1405 670 1472 compelletur
682 1407 782 1460 arbiter
795 1405 952 1462 senteutiam
967 1405 1063 1470 dicere,
1113 1407 1176 1460 tiae.
1194 1407 1263 1460 idem
1280 1407 1378 1462 Pedius
1396 1411 1531 1478 probati:
1550 1423 1584 1462 ne
1601 1413 1783 1478 propagentur
1800 1409 1920 1472 arbitria,

262 1473 327 1594 guia
344 1471 420 1528 lator
437 1471 566 1526 libertatis
585 1477 637 1536 est,
660 1477 690 1524 ut
711 1475 825 1528 maiores
847 1471 948 1526 iudices
965 1473 1065 1526 habere
1114 1479 1161 1528 aut
1178 1473 1206 1526 in
1223 1475 1290 1528 alios
1307 1475 1440 1528 interdum
1461 1477 1582 1530 inimicos
1600 1477 1732 1546 agentium
1756 1475 1920 1528 transferan-

280 1539 364 1594 ebeat.
389 1539 479 1594 eadem
496 1539 606 1594 dcenda
623 1545 693 1606 sunt,
711 1541 765 1594 sive
782 1541 815 1594 de
831 1539 993 1608 ingenuitate
1011 1541 1065 1594 sire
1113 1547 1165 1606 tur,
1184 1555 1233 1594 sua
1242 1543 1373 1596 sententia
1382 1541 1461 1596 finem
1476 1545 1698 1600 οθοῖοονθοεῖοθ19
1712 1561 1772 1596 eum
1785 1543 1921 1610 imponere

262 1607 296 1660 de
317 1607 487 1660 libertinitate
510 1609 628 1676 quaestio
655 1609 690 1660 sit
715 1615 741 1662 et
765 1609 789 1662 si
815 1623 847 1660 ex
869 1605 1065 1662 fideicommissi
1114 1609 1264 1676 oportetffl‘:¹
1280 1623 1335 1662 non
1352 1613 1441 1662 autem
1458 1609 1529 1662 finiri
1546 1609 1765 1674 controversiam,
1790 1625 1851 1662 cum
1874 1615 1923 1662 aut

211 1707 213 1710 -
263 1689 345 1728 causa
362 1675 471 1728 libertas
488 1675 578 1728 deberi
595 1675 706 1730 dicatur.
733 1675 803 1730 idem
821 1675 961 1728 dicendum
979 1681 1019 1730 est
1036 1673 1064 1730 iu
1094 1675 1251 1730 differatur
1268 1675 1407 1728 arbitrium
1424 1681 1471 1728 aut
1493 1675 1522 1728 in
1539 1677 1620 1732 alium
1643 1677 1833 1732 transferatur:
1859 1691 1922 1744 par-

263 1747 277 1796 8
312 1743 434 1810 populari
452 1741 564 1796 actione.
592 1741 618 1794 Si
637 1745 744 1798 serrus³
763 1741 985 1810 compromiserit,
1009 1759 1064 1796 non
1114 1749 1220 1810 temque
1246 1743 1393 1796 sententiae
1420 1759 1494 1806 esse,
1521 1745 1741 1810 quemadmodum
1767 1743 1921 1808 satisdator,

224 1865 225 1868 ,
263 1811 408 1878 cogendum
426 1809 513 1864 dicere
530 1811 687 1864 sententiam
704 1811 840 1874 arbitrum,
859 1809 943 1864 necsi
957 1809 1062 1876 dixerit,
1115 1811 1211 1880 quibus
1227 1809 1436 1874 fideiussoribus,
1460 1809 1541 1876 idque
1558 1811 1671 1878 delegari
1687 1827 1742 1864 non
1758 1825 1845 1878 posse,
1872 1811 1923 1864 nisi

261 1879 381 1946 poenaei
404 1877 599 1930 exsecutionem
617 1879 731 1932 dandam
749 1877 781 1930 de
797 1877 900 1942 peculio
918 1883 997 1944 putat
1011 1877 1063 1930 Oc·
1094 1943 1095 1946 Ἴ
1115 1877 1218 1932 adhoc
1237 1877 1454 1946 compromissum
1472 1877 1514 1942 sit,
1532 1883 1563 1930 ut
1577 1879 1676 1932 arbiter
1689 1881 1826 1942 statueret,
1845 1877 1922 1932 onius

262 1951 381 2000 tareuus.
400 1945 447 1998 sed
464 1961 506 2010 an,
524 1945 547 2000 si
564 1945 631 2000 liber
647 1961 708 2000 oum
726 1959 757 1998 eo
776 1945 992 2014 compromiserit,
1018 1959 1062 1998 ex·
1117 1951 1146 2000 17
1181 1945 1313 1998 arbitratu
1329 1945 1512 2000 satisdaretur.
1546 1945 1614 2000 Item
1631 1945 1653 2000 si
1669 1945 1761 1998 iubeat
1775 1945 1826 1998 sibi
1840 1943 1923 1998 alium

262 2015 362 2068 secutio
381 2011 505 2068 adversus
522 2015 634 2068 liberum
651 2013 736 2078 detur,
754 2011 901 2066 rideamus:
920 2013 967 2068 sed
981 2013 1063 2082 magis
1115 2013 1253 2080 coniungi,
1277 2029 1338 2068 oum
1355 2011 1382 2066 id
1399 2013 1427 2066 in
1445 2015 1634 2082 compromisso
1651 2029 1705 2068 uon
1723 2013 1766 2078 sit,
1784 2029 1838 2066 non
1856 2011 1922 2066 dicit

262 2085 277 2134 9
313 2089 361 2146 θεῖ,
386 2085 491 2136 utnon
514 2083 600 2136 detur.
643 2083 709 2134 Item
734 2079 757 2134 si
780 2079 842 2146 qui⁵
866 2081 967 2134 Romae
992 2097 1062 2134 com·
1114 2083 1285 2136 seutentiam:
1304 2095 1366 2134 nam
1384 2081 1515 2134 sententia
1532 2097 1590 2134 esse
1608 2081 1686 2134 debet
1704 2079 1736 2134 de
1753 2095 1782 2134 re
1800 2095 1922 2146 compro-

262 2149 424 2218 promiserit,
446 2167 508 2204 rnox
524 2149 638 2206 Romam
653 2149 682 2202 in
698 2147 855 2216 legationem
873 2149 984 2202 venerit:
1010 2165 1063 2202 non
1118 2153 1146 2202 18
1181 2149 1269 2212 missa,
1289 2149 1320 2202 de
1337 2149 1388 2202 hoc
1406 2155 1495 2202 autem
1510 2149 1729 2228 compromissum
1746 2163 1801 2200 non
1819 2153 1866 2200 est.
1894 2147 1923 2200 Si

263 2221 303 2270 est
320 2215 451 2286 cogendus
475 2219 573 2272 arbiter
596 2217 753 2272 sententiam
779 2215 880 2280 dicere,
902 2233 957 2270 uon
980 2217 1062 2284 magis
1115 2215 1221 2282 domiui,
1236 2215 1282 2284 qui
1294 2215 1407 2268 invicem
1421 2215 1541 2284 stipulati
1556 2221 1617 2278 sint,
1632 2215 1843 2296 2¹procuratores
1859 2227 1922 2268 suos

262 2301 342 2354 quarn
356 2291 498 2354 cogeretur,
517 2287 626 2338 ailitem
641 2289 703 2338 ante
717 2287 882 2338 contestatus
897 2291 975 2348 esset,
992 2299 1063 2338 mum
1115 2299 1192 2352 agere
1210 2283 1281 2352 apud
1295 2283 1425 2336 arbitrum
1438 2283 1526 2348 velint,
1544 2289 1634 2350 potest
1649 2283 1741 2336 rubere
1754 2283 1827 2350 ipsos
1844 2281 1923 2336 etiarn

263 2367 320 2406 eam
335 2367 471 2408 exercere:
489 2367 537 2406 nec
555 2353 672 2418 interest,
690 2357 755 2404 tuuc
770 2365 876 2420 quoque
888 2351 917 2404 in
932 2351 1064 2420 legatione
1118 2355 1146 2404 19
1182 2351 1288 2404 adesse:
1307 2349 1354 2404 sed
1364 2349 1386 2404 si
1395 2355 1422 2404 et
1435 2351 1567 2404 Ιῖθτθῖῖῖε22
1583 2351 1814 2418 incompromissis
1823 2349 1920 2404 mentio

261 2419 342 2474 luerit
356 2437 390 2474 au
404 2437 465 2474 uon.
484 2419 530 2474 sed
548 2419 571 2472 si
586 2435 656 2472 nunc
673 2419 702 2472 in
714 2419 846 2486 legatione
860 2419 1062 2488 compromittat,
1115 2423 1147 2472 10
1181 2419 1220 2482 fit,
1234 2425 1235 2428 ’
1248 2423 1318 2472 otest
1325 2419 1418 2472 iubere
1427 2417 1504 2470 etiam
1512 2417 1637 2472 heredem
1646 2433 1735 2470 eorum
1745 2417 1845 2470 adesse.
1870 2417 1922 2470 Ar-

261 2493 326 2556 puto
346 2485 490 2554 cogendum
508 2487 637 2540 arbitrum
655 2485 812 2540 sententiam
830 2485 931 2552 dicere,
958 2487 1020 2554 quia
1038 2491 1064 2540 et
1114 2485 1177 2540 bitri
1193 2435 1281 2542 oficio
1301 2485 1452 2540 conficetur·
1469 2489 1496 2538 et
1513 2485 1732 2554 quemadmodum
1748 2483 1825 2538 detur
1836 2499 1924 2538 vacua

262 2557 285 2608 si
308 2555 433 2608 iudicium
458 2557 551 2620 sponte
578 2553 738 2620 accepisset,
765 2559 903 2620 cogeretur
929 2569 1062 2622 peragere.
1114 2553 1254 2622 possessio.
1278 2569 1314 2606 au
1331 2557 1357 2608 et
1370 2553 1462 2608 satis²³
1475 2557 1563 2606 ratam
1571 2569 1627 2606 rem
1635 2549 1808 2606 habiturum?
1826 2551 1923 2606 Sextus

261 2629 324 2676 sunt
345 2621 452 2676 tamen⁶
480 2621 525 2688 qui
554 2621 586 2674 de
611 2619 663 2674 isto
686 2635 741 2674 nou
763 2625 835 2674 recte
858 2621 995 2676 dubitant:
1019 2621 1065 2692 qui
1115 2619 1212 2674 Pedius
1229 2625 1320 2688 putat,
1338 2621 1410 2690 quod
1426 2619 1527 2674 nullam
1544 2621 1676 2674 rationem
1695 2619 1790 2674 habet:
1814 2635 1877 2674 uam
1900 2621 1923 2674 si

260 2691 352 2758 utique
368 2689 441 2742 nullo
459 2687 537 2742 modo
555 2689 729 2752 dubitabunt,
755 2687 777 2740 si
801 2687 834 2742 de
852 2703 883 2742 ea
899 2705 930 2742 re
946 2689 975 2740 in
992 2689 1063 2758 lega-
1115 2693 1203 2742 ratum
1219 2705 1274 2742 non
1289 2689 1390 2740 babeat
1414 2689 1550 2752 dominus,
1575 2687 1753 2740 committetur
1775 2687 1922 2756 stipulatio.

261 2757 332 2810 tione
348 2755 533 2824 compromisit,
551 2771 630 2824 quam
646 2755 674 2808 in
690 2755 822 2824 legatione
838 2755 984 2810 contraxit:
1004 2757 1065 2824 quia
1115 2761 1145 2808 11
1182 2755 1291 2810 Arbiter
1307 2755 1372 2808 nihil
1399 2761 1474 2810 extra
1491 2771 1551 2810 com
1570 2755 1709 2810 remissurn
1725 2755 1816 2808 iacere
1831 2761 1923 2824 potest

260 2829 288 2878 et
310 2823 435 2878 iudicium
458 2823 612 2878 eonomine
635 2825 756 2892 accipere
779 2829 924 2892 cogeretur.
950 2823 1017 2878 illud
1037 2825 1064 2878 in
1116 2828 1142 2877 et
1166 2821 1226 2878 ideo
1251 2823 1430 2878 necessarium
1457 2827 1497 2878 est
1521 2839 1539 2876 a
1568 2823 1592 2876 ci
1606 2823 1650 2878 Jde
1675 2821 1718 2876 die
1741 2823 1925 2892 compromissi

278 2893 345 2944 rima
362 2891 450 2960 specie
466 2895 554 2958 potest
572 2891 679 2960 dispici,
698 2907 747 2956 au,
766 2891 789 2944 si
806 2897 869 2946 ante
886 2891 1065 2960 compromisit
1115 2889 1287 2960 proferenda:
1315 2895 1431 2944 ceterum
1454 2891 1561 2960 impune
1584 2889 1687 2944 iubenti
1704 2907 1760 2944 nou
1775 2891 1922 2958 parebitur.

260 2907 371 3026 regatus,
398 2957 529 3028 cogendus
556 2959 591 3012 sit
616 2957 715 3012 arbiter
741 2959 898 3012 sententiam
921 2959 1017 3024 dicere,
1043 2959 1065 3012 si
1150 2953 1189 3016 33
1208 2959 1392 3012 Prrrrrmuos
1406 2959 1474 3014 libro
1486 2959 1580 3028 primo
1598 2959 1782 3028 quaestionum
1816 2959 1925 3012 Arbiter

260 3027 316 3078 ise
333 3025 435 3104 legatus
453 3025 583 3094 postulet:
602 3025 673 3104 quod
690 3025 776 3094 prima
793 3027 896 3080 ratione
933 3027 1011 3080 oterit
1026 3027 1065 3080 vi·
1115 3025 1154 3078 ita
1176 3031 1297 3094 sumptus
1327 3039 1359 3078 ex
1382 3025 1587 3094 compromisso,
1611 3031 1641 3078 ut
1663 3029 1690 3078 et
1712 3025 1781 3078 diem
1804 3025 1925 3094 proferre

279 3091 317 3146 eri
332 3091 459 3160 imquum,
476 3099 507 3146 ut
523 3093 551 3146 in
566 3093 650 3160 ipsius
666 3097 798 3160 potestate
816 3093 858 3148 sit.
883 3043 931 3148 seg
944 3093 996 3146 boc
1013 3093 1066 3148 tale
1115 3093 1208 3160 possit,
1226 3093 1278 3148 hoc
1296 3091 1401 3160 quidem
1416 3093 1506 3146 facere
1523 3097 1626 3162 potest:
1644 3091 1742 3148 referre
1757 3097 1845 3146 autem
1859 3109 1923 3148 con·

260 3161 324 3224 erit,
349 3161 426 3228 quale
443 3161 465 3214 si
482 3161 615 3214 actionem
633 3161 696 3214 velit
713 3161 829 3226 dictare,
848 3161 919 3230 quod
935 3159 1026 3214 facere
1043 3159 1067 3214 ei
1116 3159 1306 3214 tradicentibus
1324 3159 1501 3228 litigatoribus
1519 3175 1574 3214 uon
1591 3163 1686 3228 potest.

260 3229 329 3280 licet.
357 3227 403 3280 sed
428 3229 644 3296 compromissum
666 3229 739 3280 istud
757 3229 969 3298 comparabimus
995 3227 1065 3282 ordi·
1097 3257 1098 3260 =
1150 3223 1191 3284 34
1208 3227 1410 3282 Pauuuslr'bro
1428 3229 1620 3282 tertiodecimo
1636 3227 1800 3282 udedtctum
1827 3225 1856 3280 Si
1871 3229 1924 3282 duo

260 3295 351 3348 uariae
369 3295 499 3358 aetioni⁷,
522 3301 623 3350 utnon
641 3295 706 3350 alias
724 3295 849 3350 audiatur
866 3295 1018 3350 desiderans
1036 3303 1067 3348 ut
1115 3295 1154 3348 rei
1172 3301 1235 3350 sunt
1251 3301 1299 3348 aut
1316 3295 1466 3350 οτθᾱθθᾶὶ24
1484 3301 1531 3348 aut
1545 3295 1658 3350 debendi
1671 3301 1699 3350 et
1712 3309 1782 3348 uuus
1802 3311 1923 3364 compro-

262 3367 292 3416 10
328 3361 427 3416 arbiter
441 3363 598 3416 sententiam
614 3363 692 3428 dicat,
712 3379 792 3432 quam
809 3361 1011 3418 sisedefeudat.
1038 3361 1066 3418 si
1116 3363 1218 3418 miserit
1234 3361 1309 3430 isque
1319 3363 1416 3418 uetitus
1434 3363 1470 3418 sit
1480 3369 1571 3430 petere
1588 3367 1635 3418 ant
1652 3379 1685 3416 ne
1703 3363 1736 3418 ab
1756 3379 1786 3416 eo
1801 3367 1924 3430 petatur:

259 3431 282 3484 is
299 3429 382 3484 faciat
399 3431 604 3484 controversiam
621 3433 782 3496 hereditatis,
818 3433 846 3484 ui
864 3447 924 3484 cum
938 3431 1065 3484 defuncto
1115 3431 1257 3484 videndum
1274 3437 1323 3496 est,
1349 3445 1385 3484 an
1403 3431 1425 3484 si
1443 3431 1510 3484 alius
1529 3435 1604 3500 petat
1619 3432 1661 3485 vel
1685 3431 1719 3484 ab
1737 3431 1788 3484 alio
1807 3437 1923 3510 petatur,

260 3497 490 3564 compromiserat,
513 3499 633 3552 futurum
650 3505 690 3552 est
707 3499 800 3566 praeiu
821 3499 899 3550 'cium
916 3499 1065 3562 hereditati,
1115 3513 1204 3568 poena
1222 3499 1414 3552 committatur:
1432 3499 1502 3552 idem
1519 3499 1548 3552 in
1565 3499 1669 3554 duobus
1688 3499 1843 3568 argentariis
1858 3515 1925 3568 quo-

260 3565 283 3618 si
300 3565 399 3618 arbiter
415 3565 572 3618 seutentiam
590 3565 674 3618 dicat:
701 3581 763 3634 ergo
786 3567 888 3618 interea
905 3565 1065 3620 inhibendus
1116 3581 1175 3618 rurn
1202 3565 1309 3618 nomina
1332 3565 1422 3620 simul¹
1435 3571 1506 3620 eunt.
1535 3571 1561 3618 et
1583 3565 1698 3620 fortasse
1719 3565 1864 3634 poterimus
1886 3567 1927 3620 ita

262 3637 290 3686 11
328 3635 368 3684 θεῖ
394 3631 500 3684 arbiter.
534 3631 599 3686 Dies
626 3633 807 3700 compromissi
832 3631 945 3700 proferri
968 3637 1065 3700 potest,
1116 3631 1316 3686 fideiussoribus
1335 3633 1503 3700 coniungere,
1529 3633 1552 3688 si
1570 3631 1636 3688 socii
1653 3637 1728 3688 sunt:
1756 3635 1822 3688 alias
1840 3649 1926 3688 neca

259 3715 313 3754 non
331 3699 403 3752 cum⁸
420 3713 453 3750 ex
470 3699 651 3764 conventione,
670 3699 716 3754 sed
734 3715 795 3752 cum
811 3699 885 3754 iussu
900 3699 993 3754 arbitri
1007 3715 1066 3754 earn
1117 3705 1143 3752 te
1160 3699 1269 3768 petitur,
1292 3715 1341 3754 uec
1360 3715 1407 3768 ego
1424 3701 1521 3770 peto²⁵,
1545 3715 1595 3754 nec
1618 3715 1675 3754 meo
1694 3703 1800 3754 nomine
1817 3703 1926 3770 petitur,

262 3771 291 3820 11
326 3765 439 3834 proferri
456 3781 564 3820 necesse
581 3773 630 3832 est,
647 3769 693 3820 nei
710 3783 798 3836 poena
815 3769 1002 3822 committatur.
1039 3767 1067 3820 Si
1119 3771 1131 3820 1
1167 3767 1231 3822 licet
1247 3783 1264 3820 a
1281 3773 1309 3822 te
1325 3773 1440 3836 petatur.
1476 3767 1562 3822 Semel
1586 3769 1725 3824 commissa
1749 3785 1836 3838 poena
1859 3767 1928 3826 solvi

259 3835 358 3890 arbiter
383 3849 441 3890 sese
467 3835 552 3888 celare
577 3835 744 3904 temptaverit
754 3837 781 3898 ¹⁰,
806 3841 915 3904 praetor
941 3851 1001 3890 eum
1026 3835 1065 3888 in-
1118 3835 1337 3904 compromissum
1358 3835 1458 3890 rectius
1481 3841 1548 3904 puto
1573 3835 1698 3908 dicineo
1715 3837 1828 3906 amplius
1845 3853 1927 3906 posse

258 3903 388 3970 vestigare
402 3901 487 3968 debet,
507 3909 534 3956 et
548 3901 573 3958 si
581 3903 626 3956 diu
635 3919 688 3956 non
695 3901 823 3982 paruerit,
841 3903 926 3956 multa
939 3901 1066 3958 adversus
1118 3903 1260 3968 committi,
1284 3903 1336 3958 uisi
1352 3905 1380 3958 id
1398 3911 1488 3958 actum
1505 3905 1539 3958 sit
1556 3909 1587 3958 ut
1603 3905 1662 3958 in²⁵
1685 3905 1803 3974 singulas
1828 3919 1926 3960 causas

262 3975 291 4024 13
329 3985 389 4024 eum
406 3969 516 4024 dicenda
534 3977 582 4024 est.
611 3969 676 4024 Cum
693 3987 721 4024 ru
739 3973 829 4038 plures
848 3973 1066 4038 compromissum
1116 3971 1215 4024 totiens
1235 3971 1423 4026 committatur.

260 4043 301 4094 est
314 4053 345 4092 ea
354 4039 517 4102 condicione,
536 4039 589 4090 ut¹¹
608 4038 717 4108 quilibet
734 4039 775 4092 vel
793 4053 862 4090 unus
878 4039 989 4092 dixisset
1006 4055 1065 4094 sen·
1151 4033 1191 4096 35
1212 4039 1304 4094 Gaius
1318 4039 1386 4094 libro
1404 4039 1498 4108 quinto
1516 4039 1554 4092 ad
1570 4039 1683 4096 edictum
1695 4039 1866 4110 provinciale
1898 4039 1927 4092 Si

259 4107 426 4172 tertiemus
445 4111 568 4170 staretur,
595 4107 750 4160 absentibus
769 4107 863 4160 ceteris
881 4105 969 4162 nihilo,
980 4107 1065 4162 mium
1117 4105 1233 4174 pupillus
1250 4107 1307 4160 sine
1324 4107 1421 4160 tutoris
1439 4107 1600 4162 auctoritate
1624 4107 1848 4176 compromiserit,
1871 4123 1928 4162 non

260 4175 305 4244 qui
328 4189 453 4240 praesens
478 4177 517 4228 est
541 4179 662 4242 cogetur:
689 4179 717 4226 at
740 4173 762 4228 si
789 4189 820 4226 ea
845 4173 1010 4240 condicione,
1036 4179 1066 4226 ut
1117 4179 1158 4240 est
1172 4173 1419 4242 arbitercogeudus
1434 4175 1617 4242 pronuntiare,
1636 4173 1705 4242 quia,
1720 4173 1747 4228 si
1760 4179 1854 4232 contra
1868 4189 1928 4228 eum

260 4257 351 4296 omnes
370 4241 473 4306 dicant,
497 4241 538 4294 rel
556 4241 627 4308 quod
644 4241 677 4294 de
695 4241 803 4296 maioris
827 4241 912 4308 partis
935 4241 1066 4296 sententia
1116 4243 1320 4310 pronuntietur,
1366 4255 1434 4294 cena
1459 4257 1514 4294 non
1539 4245 1659 4294 tenetur:
1691 4245 1878 4310 praeterquam
1904 4241 1928 4294 si

260 4309 397 4378 placuerit,
415 4323 469 4362 non
486 4309 564 4362 debet
582 4309 698 4388 singulos
716 4309 860 4378 separatim
878 4321 980 4388 eogere,
1001 4309 1066 4428 guia
1115 4309 1299 4364 fideiussorem
1316 4259 1427 4372 degerit,
1445 4323 1462 4360 a
1479 4325 1532 4376 quo
1550 4323 1638 4378 poena
1655 4309 1710 4378 peti
1727 4307 1821 4378 possit.
1847 4309 1928 4378 idque

261 4383 293 4432 14
328 4377 486 4446 singulorum
504 4375 683 4432 sententiaad
699 4391 813 4444 poenam
827 4391 882 4430 non
898 4373 972 4428 facit.
1022 4391 1066 4430 um
1117 4381 1144 4432 et
1160 4377 1278 4432 Iulianus
1296 4377 1384 4432 sentit.

260 4445 366 4516 qrddam
393 4445 492 4498 arbiter
518 4459 551 4498 ex
577 4445 635 4498 aliis
662 4445 751 4498 causis
776 4445 900 4498 inimicus
926 4443 1066 4498 manifeste
1151 4441 1191 4502 36
1215 4443 1361 4498 tartarus
1372 4443 1441 4499 libro
1455 4445 1672 4516 saptuupeosr'mo
1685 4447 1798 4516 septimo
1814 4443 1928 4498 aderito-

260 4513 1066 4636 ruruSuarattaratae..uiuamus
1117 4511 1929 4648 tuametbetramumabsistet

259 4655 462 4714 perseverasset,
479 4621 568 4702 bt'ello
581 4645 720 4702 cuiusdam
731 4647 759 4700 id
770 4597 905 4714 quereutgis
923 4647 1067 4714 imperator
1116 4647 1215 4702 donem
1238 4647 1327 4700 locum
1350 4663 1405 4702 nou
1427 4647 1527 4702 habere
1551 4597 1665 4712 agustat,
1691 4597 1744 4702 1:1{1
1766 4621 1849 4702 aliis²⁷
1871 4645 1928 4714 lege

260 4717 411 4770 Antoninus
428 4717 585 4770 subscribsit
601 4731 680 4782 posse
698 4729 758 4768 eum
768 4717 809 4768 uti
826 4715 879 4768 doli
890 4715 953 4768 mali
971 4729 1065 4782 excep·
1117 4713 1209 4768 eadem
1226 4713 1288 4768 dies.
1299 4713 1405 4780 feriata,
1427 4715 1456 4768 in
1474 4729 1527 4784 qua
1544 4715 1676 4770 sententia
1694 4715 1766 4770 dieta
1783 4719 1832 4780 est,
1851 4715 1927 4768 ²⁸ex·

259 4783 339 4836 tione.
359 4789 386 4838 et
398 4783 474 4848 idern,
491 4801 550 4836 curn
565 4799 581 4836 a
594 4783 682 4836 iudice
698 4783 887 4846 consideretur,
902 4799 918 4836 a
937 4781 974 4834 ud
989 4797 1066 4850 quem
1117 4795 1147 4834 ce
1166 4785 1203 4836 ta.
1333 4827 1335 4830 .

259 4865 347 4918 poena
370 4853 523 4918 petebatur,
549 4851 701 4918 rescripsit,
729 4849 831 4904 etiamsi
857 4867 926 4918 appe
946 4849 986 4904 ari
1012 4865 1066 4902 nou
1147 4797 1190 4928 {7
1218 4849 1326 4906 Onasus
1349 4851 1416 4904 libro
1448 4849 1568 4906 secundo
1595 4849 1759 4924 dipestmmm
1802 4849 1927 4916 Quamvis

259 4921 355 4986 potest,
375 4919 426 4972 doli
443 4921 505 4972 mali
523 4921 702 4988 exceptionem
717 4919 746 4970 in
761 4933 863 4984 poenae
877 4919 1005 4986 petitione
1018 4917 1065 4972 ob·
1116 4915 1217 4972 arbiter
1241 4915 1354 4972 alterurn
1379 4917 1413 4970 ab
1440 4915 1524 4972 altero
1550 4923 1642 4986 petere
1666 4917 1763 4982 vetuit,
1790 4917 1814 4972 si
1837 4921 1928 4970 tamen

260 4989 396 5040 staturam.
415 4989 548 5054 perhanc
567 4989 651 5056 ergo¹³
669 4985 852 5054 exceptionem
870 4987 1000 5056 quaedam
1017 4999 1065 5052 ap·
1116 4985 1193 5038 heres
1210 4987 1291 5054 petit,
1314 5001 1430 5054 poenam
1448 4985 1608 5040 committet:
1636 4999 1689 5038 nou
1712 4985 1782 5038 enim
1800 4985 1927 5038 differen-

260 5051 377 5122 pellandi
394 5055 495 5120 species
513 5061 561 5120 est,
580 5071 640 5108 cum
657 5055 737 5108 liceat
752 5055 929 5108 retractare¹⁴
954 5053 987 5108 de
1005 5069 1065 5106 sen·
1117 5051 1211 5106 darum
1227 5053 1313 5106 litium
1328 5069 1418 5118 causa,
1436 5053 1485 5108 sed
1497 5051 1720 5106 tollendarumad
1735 5053 1850 5108 arbitros
1863 5053 1927 5106 itur.

263 5126 292 5176 ts
327 5121 411 5174 tentia
436 5123 537 5176 arbitri.
581 5123 622 5176 De
648 5121 737 5176 officio
769 5121 862 5176 arbitri
887 5121 1065 5176 tractantibus
1151 5115 1191 5178 38
1208 5119 1399 5176 Monssrruus
1410 5121 1478 5176 libro
1487 5125 1566 5176 sexto
1580 5119 1737 5192 regulorum
1764 5119 1929 5190 Gumpoena

260 5361 295 5422 (1)
315 5359 477 5422 perronemF
598 5363 632 5422 (1)
650 5377 678 5410 re
688 5359 767 5410 oan
883 5361 918 5424 (t)
937 5359 1071 5410 serrumF
1118 5355 1217 5410 butrer-
1303 5361 1354 5422 (11)
1373 5357 1579 5410 coutroversiaF
1660 5361 1712 5424 (10)
1731 5365 1846 5424 oportere
1865 5359 1929 5410 Hui.

260 5431 295 5488 (tt
313 5425 428 5490 poenaF
480 5427 515 5488 (5)
534 5427 639 5488 quisF²
699 5429 734 5492 (6)
753 5429 884 5478 tamentF
940 5429 975 5490 (t)
993 5425 1065 5486 sieS,
1119 5431 1170 5488 (11)
1189 5429 1352 5490 perinaedd.
1447 5427 1498 5490 (11)
1517 5425 1639 5478 herediF
1736 5429 1789 5490 (13)
1808 5431 1928 5492 atquem·

257 5489 789 5552 ordinariaetiouiffl,ordinariactioneF¹
839 5495 1066 5560 (stcumdefflul.
1118 5493 1250 5544 admodum
1264 5497 1379 5546 tradatur
1393 5509 1473 5544 racua
1490 5495 1630 5560 possessio:
1648 5509 1680 5546 au
1696 5495 1797 5546 etsatis
1810 5499 1839 5546 ut
1855 5497 1929 5548 detur

259 5563 447 5626 (atue1utser.
516 5563 568 5624 (ῖο)
587 5563 788 5628 temptaveratli'
852 5565 903 5624 (tlt
922 5563 1066 5616 :iiuadett
1118 5563 1261 5632 Dapeuloolb
1364 5567 1416 5628 (11)
1434 5563 1574 5616 redendiF
1676 5565 1728 5632 (tt)
1748 5569 1928 5632 necegopeto]

260 5631 312 5694 (11)
331 5633 411 5682 aiios.
480 5631 644 5694 (ratregoF
708 5633 761 5698 (11)
778 5633 907 5684 retrareF
971 5635 1024 5698 (15)
1043 5635 1068 5682 οῖ
1118 5631 1396 5698 licetagopetamHal.
1492 5633 1683 5696 [retinaml'
1770 5635 1822 5702 (11)
1841 5634 1929 5704 alique

260 5701 321 5758 puto
329 5701 394 5760 vere]
404 5699 500 5748 valere:
511 5701 537 5748 et
545 5705 607 5762 puto
617 5717 663 5748 ser.
749 5703 801 5764 (tot
819 5701 858 5750 rel
867 5717 893 5752 se
902 5701 942 5752 vel
952 5701 1032 5752 aliurn
1041 5715 1067 5750 se
1118 5701 1220 5752 Potiier
1287 5705 1336 5766 (11)
1355 5705 1447 5752 estius.

260 5763 299 5812 rel
308 5761 335 5812 iu
345 5765 423 5814 alium
433 5767 459 5816 F
540 5769 592 5830 (11)
610 5767 678 5818 nott
761 5769 813 5830 (11)
833 5769 926 5818 Pedius
934 5769 963 5820 id
971 5769 1066 5834 impro-
