4366 6258
251 387 485 438 asciscerent

254 561 282 610 15
318 565 408 618 ratur,
434 555 492 610 iure
533 555 610 624 ignes
636 555 753 610 creditor
776 553 890 610 rendere
907 561 1005 626 potest.
1042 553 1069 608 Si

251 639 320 680 uuus
339 639 372 676 eir
391 571 567 676 coheredissus
586 623 677 678 noxali
695 623 792 676 iudicio
812 637 917 676 serrum
935 623 1069 678 heredita-

250 693 319 748 rium
338 689 486 744 defenderit
504 697 531 744 et
548 691 602 746 litis
621 691 831 746 aestimationem
850 693 989 760 optulerit,
1009 709 1069 746 cuin

251 763 302 816 hoc
320 759 465 828 expediret,
484 757 510 814 id
528 777 576 828 pro
596 767 675 828 parte
692 761 744 814 boc
761 759 860 814 iudicio
879 769 1068 830 consequatur.

251 829 320 882 idem
338 833 379 882 est
397 833 423 880 et
441 827 465 882 si
482 843 552 882 unus
569 829 717 898 legatorum
734 829 840 882 nomine
860 829 971 892 caverit,
990 845 1025 882 ne
1043 829 1068 880 in

251 895 447 966 possessionem
461 895 630 952 mitterentur
640 899 656 950 ¹.
682 903 709 950 et
723 897 830 950 omnino
846 913 915 964 quae
929 913 976 964 pro
992 903 1070 964 parte

250 965 369 1034 expediri
393 981 447 1018 non
464 971 579 1044 possunt
596 967 620 1018 si
637 981 708 1018 unus
726 971 836 1084 cofiente
855 967 1013 1020 necessitate
1030 965 1068 1018 fe·

254 1039 283 1088 16
320 1033 393 1096 ecrit,
409 1033 526 1086 familiae
542 1033 716 1088 erciscundae
730 1033 756 1088 iu
777 1033 828 1086 icio
842 1033 917 1086 locus
932 1039 979 1088 est.
1007 1033 1070 1086 Non

250 1107 354 1156 tuntum
372 1101 472 1166 dolum,
491 1101 539 1156 sed
557 1107 584 1156 et
602 1103 708 1182 culpam
725 1103 752 1156 in
770 1117 798 1154 re
816 1101 975 1156 hereditaria
992 1117 1070 1170 prae·

249 1177 323 1224 stare
341 1171 420 1222 debet
436 1171 555 1234 coheres,
574 1185 701 1240 quoniam
717 1185 777 1224 cuni
793 1169 923 1222 coherede
937 1185 991 1224 non
1007 1185 1070 1224 coii-

249 1237 396 1302 trahimns,
415 1237 462 1292 sed
479 1237 621 1294 incidimus
638 1239 666 1292 in
686 1255 758 1292 eum:
783 1253 837 1290 non
855 1243 944 1292 tamen
962 1237 1070 1306 dihgen-

249 1307 314 1360 tiam
339 1311 477 1374 praestare
503 1307 596 1372 debet,
628 1309 732 1376 qualem
760 1305 870 1376 diligens
895 1313 971 1376 pater
993 1307 1070 1360 iami-

250 1375 312 1438 has,
345 1375 471 1444 quoniam
502 1375 546 1428 bic
597 1383 690 1444 roptei
722 1389 798 1430 suam
824 1379 928 1444 partein
961 1391 1071 1430 causam

250 1443 345 1496 habuit
367 1441 477 1512 gerendi
506 1449 533 1498 et
557 1443 567 1498 i
587 1459 619 1498 eo
647 1445 813 1512 negotiorum
830 1449 965 1510 gestorum
983 1443 1008 1498 ei
1025 1459 1070 1498 ac·

250 1511 287 1564 tio
312 1525 366 1564 non
397 1513 555 1580 competit²r
585 1511 667 1566 talem
696 1513 777 1582 igitur
806 1511 967 1580 diligentiam
993 1527 1071 1582 prae·

250 1585 323 1632 stare
341 1579 433 1644 debet,
457 1581 564 1650 qualem
587 1581 615 1634 in
634 1581 690 1636 suis
707 1581 796 1636 rebus.
825 1579 917 1634 eadem
943 1585 1020 1644 sunt,
1049 1581 1071 1634 si

251 1647 356 1702 duobus
381 1663 425 1702 res
452 1647 540 1718 legata
572 1651 621 1702 sit:
654 1665 718 1702 nam
744 1653 771 1702 et
796 1647 846 1702 hos
873 1647 1011 1702 coniunxit
1037 1649 1072 1702 ad

253 1719 282 1768 ι’(
319 1715 476 1770 societatem
493 1733 548 1772 non
566 1733 729 1782 consensus,
754 1715 802 1770 sed
819 1731 871 1770 res.
917 1717 945 1770 Si
967 1717 1071 1770 incerto

249 1783 356 1838 bomine
385 1785 473 1854 legato
497 1789 524 1840 et
545 1791 642 1854 postea
669 1783 795 1840 defuncto
822 1785 949 1852 legatario
975 1785 1071 1854 ahquis

248 1867 283 1906 ex
306 1851 450 1906 heredibus
473 1853 594 1922 legatarii
623 1869 679 1908 non
706 1853 896 1908 consentiendo
922 1855 1072 1922 impedierit

249 1921 378 2000 legatum,
403 1921 426 1976 is
450 1921 495 1990 qui
518 1921 628 1992 impedit
651 1923 705 1976 hoc
730 1921 830 1978 iudicio
857 1923 951 1976 ceteris
977 1923 1071 1990 quanti

249 1989 355 2044 intersit
380 2005 472 2044 eorum
497 1989 678 2044 damnabitur.
705 1991 774 2044 idem
799 1995 853 2054 est,
879 1991 902 2044 si
926 2007 939 2044 e
963 1997 1070 2044 coutra-

249 2057 288 2110 rio
312 2073 382 2112 unus
406 2073 440 2112 ex
462 2059 619 2124 heredibus,
647 2075 664 2112 a
687 2059 783 2140 quibus
809 2059 968 2180 peneraliter
991 2059 1070 2114 hoino

249 2125 351 2194 legatus
371 2133 412 2182 est
430 2143 508 2196 quem
531 2127 583 2196 ipsi
608 2127 747 2196 elegerint,
772 2127 888 2182 nouent
911 2129 1070 2192 consentire,

250 2199 280 2246 ut
297 2199 450 2262 praestetur
468 2211 545 2264 quem
561 2195 627 2250 solvi
644 2197 768 2250 omnibus
782 2195 949 2266 expediebat,
968 2203 996 2250 et
1010 2197 1069 2250 ideo

248 2263 373 2316 conventi
398 2279 415 2316 a
439 2263 567 2332 legatario
591 2263 691 2320 iudicio
715 2263 798 2334 pluris
823 2263 942 2318 damuati
959 2263 1068 2320 fuerint.

251 2333 281 2382 ie
317 2329 382 2384 ltem
401 2331 445 2386 cul
466 2347 497 2386 ae
515 2333 622 2388 nomine
640 2339 754 2398 tenetur,
774 2333 827 2402 qni,
847 2349 908 2386 cum
926 2339 988 2388 ante
1002 2333 1069 2388 alios

249 2397 306 2464 ipse
323 2399 425 2454 adisset
446 2349 635 2468 hereditatem,
661 2401 802 2458 servitutes
827 2401 942 2470 praediis
964 2401 1068 2456 heredi·

252 2471 282 2518 ιι
317 2467 392 2522 tariis
416 2467 521 2524 debitas
544 2485 643 2538 passus
662 2477 774 2524 estnon
791 2469 891 2524 utendo
910 2469 1004 2524 amitti.
1041 2467 1069 2522 Si

248 2533 318 2588 filius
344 2551 406 2590 cum
430 2545 534 2606 patrem
561 2537 717 2594 defenderet
743 2537 935 2592 condemnatus
961 2537 1069 2592 solverit

248 2603 288 2656 rel
306 2603 363 2658 viro
383 2619 414 2658 eo
434 2605 474 2660 rel
491 2611 554 2708 post
572 2611 693 2672 mortem,
712 2611 802 2674 potest
819 2603 930 2676 aequius
949 2605 1002 2660 dici
1019 2605 1067 2658 ha-

248 2669 311 2724 bere
329 2673 485 2740 petitionem
521 2689 538 2728 a
556 2673 688 2728 coherede
704 2673 732 2728 in
756 2671 873 2728 familiae
896 2671 1069 2728 erciscundae

248 2743 280 2792 to
316 2741 423 2794 iudicio.
461 2741 544 2796 ludex
561 2743 680 2796 iambico
704 2739 877 2794 erciscundae
901 2739 965 2794 nihil
989 2739 1069 2794 debet

248 2809 277 2860 21
316 2809 459 2864 indivisum
476 2809 633 2878 relinquere.
671 2809 737 2862 Item
755 2821 850 2860 curare
868 2807 960 2872 debet,
985 2815 1017 2860 ut
1034 2807 1068 2860 de

248 2879 280 2926 22
317 2877 447 2932 auctione
465 2885 591 2932 careatur
608 2877 650 2932 his
669 2875 766 2946 quibus
784 2875 930 2928 adiudicat.
966 2875 994 2928 Si
1019 2891 1065 2944 pe-

246 2943 334 3008 cunia,
353 2961 423 3016 qnae
442 2945 512 3000 domi
529 2945 624 2998 relicta
640 2959 696 2998 non
713 2949 768 3008 cst,
785 2959 834 3010 per
851 2943 1067 3010 praeceptionem

247 3011 342 3066 relicta
358 3013 408 3076 sit,
427 3019 516 3068 utrum
534 3011 660 3068 universa
677 3025 695 3064 a
712 3009 887 3066 coheredibus
906 3008 1067 3078 praestanda

245 3079 282 3134 sit
300 3097 333 3136 an
352 3097 401 3150 pro
419 3087 497 3150 parte
514 3079 685 3144 hereditaria,
704 3077 925 3156 quemadmodum
943 3077 966 3130 si
983 3091 1065 3156 pecii-

247 3149 292 3202 nia
315 3151 342 3202 in
366 3149 516 3204 hereditate
538 3147 634 3202 relicta
656 3153 739 3210 esset,
764 3143 911 3198 dubitatur.
938 3151 964 3198 et
981 3161 1065 3214 magis

246 3217 389 3272 dicendum
404 3221 453 3280 est,
470 3221 501 3270 nt
515 3215 544 3270 id
557 3213 748 3284 praestandum
764 3213 807 3278 sit,
825 3211 897 3282 quod
915 3221 1064 3282 praestare·

245 3293 300 3348 tur,
318 3283 341 3338 si
377 3283 474 3338 econio
491 3289 562 3338 esset
579 3283 696 3336 inventa.

281 3349 321 3410 26
371 3365 443 3406 Aius
463 3351 531 3406 libro
557 3353 672 3422 septimo
696 3349 733 3404 od
757 3349 873 3402 edictum
896 3349 1065 3418 prorrinor'olc

245 3419 342 3476 Oilieio
367 3425 456 3474 autem
479 3419 574 3474 iudicis
599 3419 723 3472 convenit
744 3417 837 3472 iubere
860 3431 914 3470 rem
932 3417 1064 3470 beredita-

245 3489 312 3542 riam
336 3487 426 3542 uenire
452 3503 532 3540 uriam
558 3487 682 3556 pluresve
704 3487 897 3556 pecuniamque
921 3501 954 3538 ex
977 3485 1063 3554 pretio

245 3557 384 3610 redactam
403 3557 426 3610 ei
445 3557 587 3620 numerari,
607 3555 650 3610 cui
668 3555 755 3624 legata
773 3555 816 3608 sit.

281 3621 320 3682 27
341 3625 461 3678 Pariis
481 3625 549 3680 libro
568 3625 712 3678 vicensimo
731 3625 810 3676 tertio
828 3621 866 3676 od
881 3621 996 3676 edictum
1033 3619 1062 3672 Iii

245 3693 404 3748 bociudicio
416 3691 651 3748 condemnationes
668 3699 695 3748 et
709 3691 890 3746 absolutiones
905 3691 931 3742 iii
947 3687 1063 3742 omnium

245 3777 363 3832 persona
380 3761 521 3818 faciendae
539 3767 617 3816 suut:
641 3767 669 3816 et
691 3761 750 3814 ideo
774 3759 797 3814 si
821 3759 848 3812 iii
873 3757 984 3812 alicuius
1002 3771 1062 3826 per-

245 3845 313 3886 sons
330 3831 430 3886 omissa
448 3829 483 3884 sit
500 3829 645 3894 damnatio,
664 3829 692 3882 iii
710 3835 861 3884 ceterorum
878 3841 984 3894 quoque
1001 3839 1061 3894 per-

245 3913 314 3952 sona
331 3899 405 3970 quod
421 3897 487 3952 iecit
503 3899 583 3954 iudex
601 3913 655 3952 non
674 3895 786 3960 valebit,
812 3895 874 3966 quia
896 3897 1062 3974 nonUpotest

243 3981 279 4020 ex
296 3983 350 4022 uno
368 3967 468 4022 iudicio
486 3983 529 4022 res
545 3967 666 4022 iudicata
683 3967 711 4018 in
728 3971 832 4034 partem
845 3961 941 4026 valere,
958 3977 985 4014 in
999 3975 1061 4030 par-

244 4041 299 4090 tem
317 4051 372 4090 non
389 4036 486 4090 calere.

280 4099 320 4162 28
347 4105 441 4160 Gaios
466 4103 535 4158 libro
563 4105 678 4174 septimo
701 4101 739 4154 rut
760 4097 874 4152 edictum
893 4093 1063 4174 provinciale

245 4171 312 4228 Beni
335 4171 441 4242 pigriori
464 4171 589 4228 creditori
613 4171 705 4224 datam
728 4169 751 4222 si
773 4183 822 4236 per
847 4171 1061 4246 praeceptionem

244 4239 371 4308 legaverit
396 4245 524 4304 testator,
550 4237 642 4294 oidcio
665 4237 760 4290 iudicis
785 4239 948 4296 continetur,
974 4237 1006 4284 ut
1030 4247 1062 4284 eir

243 4309 379 4432 pominupi
394 4309 509 4378 pecunia
522 4307 615 4360 luatur
629 4321 740 4374 eamque
753 4303 824 4358 ierat
837 4303 860 4356 is
878 4301 922 4354 cui
938 4315 969 4354 eo
983 4297 1061 4354 niodo

259 4383 337 4432 uerat
397 4381 451 4430 ata.

279 4441 320 4502 29
339 4393 460 4500 qum
479 4441 547 4496 libro
572 4441 717 4496 siccissima
734 4441 814 4494 tertio
831 4437 869 4492 od
885 4437 998 4492 edictum
1034 4433 1062 4486 Si

263 4513 349 4582 ignari
366 4529 410 4568 res
428 4511 493 4564 data
510 4507 638 4562 defuncto
656 4507 705 4570 sit,
724 4505 866 4562 meandum
884 4511 925 4558 est
941 4505 968 4558 in
984 4501 1062 4582 iami-

244 4529 297 4636 iios
314 4579 489 4636 erciscundae
506 4575 635 4630 iudicium
652 4577 755 4630 reihe:
780 4573 828 4628 sed
851 4573 875 4628 is
899 4573 942 4628 eui
959 4571 1061 4626 adiudi-

243 4649 351 4702 cabitnr
368 4651 397 4702 iii
413 4645 530 4702 familiae
547 4641 722 4696 erciscundae
738 4639 837 4696 iudicio
856 4655 905 4708 pro
922 4645 998 4710 parte
1016 4655 1061 4692 co·

244 4717 337 4770 heredi
363 4717 414 4772 erit
440 4711 608 4768 damnandus
635 4725 685 4762 nec
713 4723 807 4762 carere
833 4709 913 4762 debet
938 4705 1062 4762 ceberedi

243 4783 396 4840 indemnem
421 4799 480 4840 eum
502 4779 561 4836 sore
586 4777 714 4832 adversus
737 4793 798 4828 enm
821 4777 867 4844 qui
889 4777 992 4856 pignori
1016 4775 1061 4828 de-

242 4851 327 4918 derit,
351 4853 414 4924 qnia
431 4867 480 4920 pro
499 4865 530 4904 eo
548 4847 611 4910 erit,
636 4861 669 4898 ac
686 4843 709 4896 si
726 4843 918 4912 hypothecaria
941 4843 982 4896 rel
1000 4843 1061 4896 Ser-

243 4919 324 4974 riana
341 4921 465 4976 acdona*
483 4915 568 4988 petita
585 4913 638 4968 litis
656 4909 806 4966 aestimatio
824 4909 916 4964 oblata
932 4911 975 4974 sit,
992 4917 1023 4964 ut
1034 4917 1062 4964 et

243 4987 267 5040 is
291 4989 336 5056 qui
359 4987 488 5058 optulerit
509 4983 636 5038 adsersus
661 4979 796 5032 dominum
819 4977 996 5032 vindicantem
1014 4993 1060 5032 ex·

243 5057 368 5124 ceptione
384 5053 501 5110 tuendus
518 5053 561 5108 sit.
589 5053 808 5126 contraqueque
825 5045 847 5096 si
866 5043 888 5098 is
906 5045 996 5110 heres,
1008 5047 1059 5126 'cui

264 5125 270 5134 “
308 5141 339 5176 ns
364 5123 545 5178 adiudicatum
569 5125 626 5178 est,
650 5115 712 5170 velit
737 5119 822 5164 totuin
849 5111 972 5176 reddere,
997 5113 1060 5168 hcet

242 5139 278 5244 ge
298 5191 351 5246 iter
374 5191 455 5254 nolit,
480 5187 629 5244 audiendus
653 5191 701 5238 est.
729 5195 781 5234 non
804 5177 873 5230 idem
891 5179 943 5232 dici
960 5187 1058 5248 potest,

243 5363 275 5422 (ι)
293 5361 499 5412 mitteretnrdctt.
569 5361 602 5420 (ι)
614 5347 1059 5426 suirscrerncntantumdolnm,sed

243 5433 271 5478 et
279 5429 380 5494 culpam
392 5431 417 5478 iii
428 5449 447 5476 r.
458 5429 482 5476 h.
494 5431 621 5494 praestare
632 5423 705 5474 debet
713 5421 828 5470 coheres:
845 5431 964 5480 quoniam
973 5423 1058 5466 tamen

243 5511 303 5544 curo
311 5497 433 5578 coherede
441 5511 494 5576 non
503 5493 685 5548 contrabimus,
695 5489 737 5538 sed
745 5485 884 5602 ίιιοίιᾱίιιιιὲι
887 5483 919 5598 1iii
932 5497 996 5542 enni,
1005 5499 1056 5534 non

243 5563 635 5696 recrederemus
648 5557 1058 5698 interranum

243 5695 335 5748 habuit
343 5699 456 5778 genusii,
467 5701 523 5748 ideo
533 5697 692 5776 negotiorum
701 5697 828 5758 gestorum
836 5703 861 5738 in
869 5701 924 5768 cnm
931 5691 1058 5802 actiqnoi}

240 5771 381 5896 guenta,
399 5759 954 5894 ,212ffi“⁶⁰}ffsssspuss',ssmqq)
968 5755 1057 5874 (3ιῇ
1079 5827 1085 5884 i

1071 367 1128 440 til

1865 385 1940 448 Χ2

1124 553 1146 610 si
1163 555 1273 614 alteram
1291 569 1392 628 partein
1410 563 1527 616 creditor
1551 565 1656 618 emerit:
1682 565 1845 622 adiudicatio
1871 569 1941 622 euim

1124 627 1274 682 necessaria
1292 637 1344 692 est,
1370 631 1467 700 emptio
1491 631 1656 686 voluntaria:
1682 633 1733 688 nisi
1757 633 1780 688 si
1806 633 1941 690 obiciatur

1124 693 1261 772 creditori,
1289 697 1359 776 qued
1385 699 1505 754 animose
1528 699 1616 754 licitus
1641 701 1704 754 sith
1731 701 1779 756 sed
1803 703 1883 756 liuius
1903 705 1941 758 rei

1123 767 1191 814 ratio
1210 763 1365 832 habebitur,
1382 767 1445 846 quia
1463 767 1534 836 quod
1553 769 1668 822 creditor
1686 769 1754 838 egit,
1772 785 1820 838 pro
1841 787 1872 826 eo
1892 773 1939 824 lia·

1124 829 1238 910 bendum
1262 839 1303 886 est
1325 849 1356 886 ac
1379 849 1401 886 si
1425 835 1530 888 debitor
1552 853 1601 904 per
1619 843 1822 904 procuratorem
1842 839 1940 910 egisset

1124 905 1150 950 et
1173 913 1244 962 eius,
1268 901 1339 968 quod
1361 919 1407 970 pro
1428 909 1470 956 ter
1487 905 1674 958 necessitatem
1691 907 1834 976 impendit,
1860 909 1941 962 etiam

1123 965 1193 1020 ultro
1211 975 1252 1020 est
1270 969 1339 1024 actio
1358 919 1489 1024 creditori.

1157 1029 1197 1092 30
1216 1033 1406 1090 Monssrinns
1421 1039 1488 1094 libro
1507 1045 1584 1094 sexto
1603 1057 1796 1110 responsorum
1825 1041 1939 1096 Fundos

1124 1103 1185 1156 mihi
1204 1105 1351 1158 communis
1370 1107 1427 1160 est⁶
1443 1107 1559 1176 pupiilae
1584 1109 1722 1162 coheredii
1747 1109 1774 1162 iii
1798 1125 1829 1164 eo
1853 1111 1938 1166 fundo

1123 1171 1248 1240 rehquiae
1267 1181 1329 1227 sunt
1347 1173 1482 1238 conditae,
1508 1177 1602 1244 quibus
1626 1177 1718 1246 religio
1744 1177 1777 1230 ab
1796 1177 1938 1248 utriusque

1124 1241 1244 1306 patribus
1269 1241 1428 1306 debebatur,
1453 1259 1515 1296 nam
1538 1249 1662 1312 parentes
1688 1261 1794 1312 quoque
1819 1247 1936 1300 eiusdem

1123 1309 1242 1376 pupillae
1260 1309 1297 1362 ibi
1315 1309 1410 1380 sepulti
1429 1317 1505 1364 sont:
1524 1311 1571 1366 sed
1586 1317 1689 1366 tutores
1709 1313 1857 1366 distrahere
1876 1315 1937 1366 iiiii·

1124 1375 1187 1428 dnm
1204 1377 1310 1432 volunt:
1331 1393 1377 1446 ego
1393 1393 1448 1432 uon
1463 1379 1607 1444 consentio,
1625 1379 1672 1434 sed
1687 1381 1836 1448 portionem
1850 1399 1938 1438 meam

1123 1443 1260 1524 possidere
1277 1447 1356 1510 malo,
1375 1463 1435 1500 cum
1453 1447 1650 1502 universitatem
1667 1463 1753 1502 emere
1767 1465 1820 1504 non
1834 1451 1938 1528 possim

1124 1519 1152 1566 et
1176 1513 1254 1566 uelim
1280 1531 1329 1582 pro
1356 1531 1414 1570 meo
1442 1515 1551 1570 arbitrio
1583 1515 1691 1584 exsequi
1722 1517 1762 1570 ius
1793 1517 1840 1570 reli
1861 1519 1936 1572 'onis

1124 1597 1239 1648 quaero,
1266 1597 1301 1636 an
1327 1589 1399 1636 recte
1425 1583 1554 1638 arbitrum
1577 1585 1709 1636 communi
1736 1585 1875 1640 diuiduno
1903 1585 1938 1640 ad

1124 1651 1194 1704 hunc
1217 1649 1329 1704 fundum
1347 1651 1516 1720 partiendum
1534 1657 1621 1720 petam
1638 1667 1674 1704 aii
1692 1651 1770 1706 etiam
1787 1653 1809 1708 is
1828 1655 1937 1714 arbiter,

1124 1719 1168 1786 qui
1185 1717 1303 1774 familiae
1320 1719 1494 1774 erciscundae
1512 1719 1602 1784 datur,
1621 1719 1704 1774 isdem
1722 1723 1843 1788 partibus
1861 1723 1937 1792 iungi

1124 1787 1222 1854 possit,
1246 1791 1277 1842 ut
1298 1789 1370 1842 banc
1387 1789 1583 1868 possessionem
1601 1789 1746 1858 exemptis⁷
1764 1789 1858 1844 ceteris
1878 1807 1936 1844 cer-

1123 1855 1233 1976 ploribus
1252 1855 1419 1910 hereditariis
1434 1873 1482 1926 pro
1497 1857 1555 1910 iure
1571 1857 1685 1924 cuiquel
1703 1857 1778 1912 nobis
1796 1859 1935 1926 partiatur.

1150 1923 1273 1978 arcanius
1297 1925 1466 1978 Modestinus
1492 1925 1630 1994 respoudit
1652 1925 1717 1978 nibil
1758 1927 1864 1994 reponi,
1890 1945 1938 1980 cur

1123 1991 1240 2046 familiae
1257 1993 1431 2048 erciscundae
1448 1993 1547 2048 iudicio
1565 1993 1688 2048 addictus
1706 1943 1804 2048 orirer
1818 1993 1938 2048 officium

1123 2075 1200 2114 suurn
1225 2059 1305 2114 etiam
1328 2063 1356 2116 in
1379 2063 1437 2116 eius
1459 2061 1538 2116 fundi
1562 2061 1593 2116 de
1611 2077 1663 2130 quo
1682 2061 1768 2130 agitur
1785 2061 1936 2116 divisionem

1122 2127 1291 2198 interponere
1309 2145 1362 2184 noii
1380 2131 1479 2200 possit:
1499 2129 1547 2184 sed
1562 2131 1683 2198 relip'osa
1696 2131 1757 2182 loca
1770 2131 1797 2182 in
1811 2129 1938 2184 iudicium

1123 2213 1176 2250 uon
1194 2197 1290 2252 deduci
1309 2213 1453 2266 eorumque
1471 2197 1514 2254 ius
1532 2197 1640 2266 shigulis
1658 2197 1799 2252 heredibus
1821 2197 1849 2252 in
1876 2197 1938 2252 soli-

1123 2263 1184 2318 dum
1202 2273 1361 2334 competere.

1157 2329 1193 2390 31
1216 2333 1401 2388 Pluinnam
1416 2333 1485 2390 libro
1504 2335 1616 2404 septimo
1635 2335 1820 2404 quaestionum
1848 2333 1938 2388 Sicor-

1122 2417 1170 2454 vus
1195 2401 1300 2470 pignori
1323 2401 1455 2524 obligatus
1479 2401 1571 2456 luatur
1593 2403 1628 2456 ab
1655 2419 1708 2456 uno
1733 2419 1766 2458 eii
1789 2401 1940 2466 heredibus,

1122 2470 1242 2536 quamvis
1260 2477 1355 2538 postea
1392 2469 1501 2534 eredat,
1527 2469 1646 2524 officium
1670 2477 1760 2524 tamen
1778 2471 1872 2524 arbitri
1891 2471 1938 2524 du-

1121 2543 1176 2590 rat:
1196 2537 1297 2590 sufficit
1315 2539 1383 2592 enim
1401 2539 1593 2592 communionis
1612 2553 1696 2592 cansa
1710 2553 1779 2608 quae
1794 2539 1941 2608 praecessit

1121 2617 1242 2674 quaeque
1259 2605 1338 2660 hodie
1355 2605 1473 2670 duraret,
1492 2605 1515 2660 si
1533 2621 1575 2660 res
1593 2621 1649 2660 non
1666 2605 1853 2660 intercidisset.

1154 2667 1194 2728 32
1213 2671 1294 2726 Innio
1314 2673 1383 2728 libro
1400 2673 1519 2728 secundo
1537 2689 1581 2728 res
1601 2689 1729 2728 uasorum
1765 2673 1839 2740 Quian
1863 2683 1940 2744 petru

1119 2739 1189 2794 inter
1211 2739 1281 2794 filios
1307 2755 1361 2794 non
1385 2739 1474 2794 divisit
1490 2747 1554 2808 post
1571 2689 1669 2794 ‹satasl
1685 2743 1804 2796 actiones
1823 2743 1881 2798 rice
1900 2743 1938 2796 di·

1118 2805 1240 2872 visionis,
1265 2805 1300 2860 ad
1325 2807 1443 2874 singulos
1466 2823 1517 2876 pro
1535 2807 1698 2862 hereditaria
1715 2809 1838 2878 portione
1856 2811 1938 2878 perti-

1119 2880 1190 2938 nent,
1208 2873 1288 2928 modo
1306 2875 1329 2928 si
1347 2881 1444 2938 cetera,
1463 2891 1533 2944 quae
1551 2891 1605 2930 non
1623 2875 1728 2940 divisit,
1746 2877 1773 2930 in
1791 2893 1873 2932 unum
1892 2895 1938 2946 ge·

1119 2941 1245 2996 neraliter
1267 2959 1321 2996 non
1346 2941 1460 2996 contulit
1483 2941 1525 2996 rel
1548 2959 1590 2998 res
1610 2941 1687 2998 datas
1707 2959 1760 2998 non
1778 2953 1935 3012 sequuntur.

1152 3007 1191 3066 33
1211 3009 1291 3064 loirir
1311 3009 1379 3064 libro
1396 3013 1511 3080 septimo
1528 3025 1719 3080 responsorum
1756 3011 1783 3064 Si
1820 3019 1878 3066 ater
1895 3013 1908 3066 f
1925 3043 1938 3055 -

1118 3077 1203 3130 milies
1229 3077 1340 3144 singulis
1366 3077 1509 3132 heredibus
1535 3079 1634 3132 fundos
1661 3077 1774 3146 legando
1799 3027 1936 3136 divisionis

1118 3145 1227 3198 arbitrio
1245 3145 1320 3214 iungi
1337 3145 1428 3208 voluit,
1448 3163 1502 3200 non
1520 3145 1597 3200 aliter
1613 3153 1716 3214 partem
1731 3162 1807 3200 suam
1823 3147 1935 3204 coheres

1117 3219 1253 3280 praestare
1271 3221 1394 3282 cogetur,
1419 3215 1540 3282 quamsi
1559 3215 1615 3268 rice
1634 3221 1726 3268 mutua
1743 3223 1846 3282 purtem
1865 3233 1935 3268 noxii

1116 3281 1144 3348 pi
1179 3281 1234 3334 oris
1252 3281 1364 3334 hberam
1382 3289 1572 3350 consequatur.

1151 3347 1189 3406 ,4
1209 3347 1290 3402 Insir
1309 3349 1378 3404 libro
1402 3355 1497 3404 octono
1521 3367 1711 3422 responsorum
1748 3349 1842 3406 Servos
1865 3351 1935 3406 inter

1117 3415 1261 3472 coheredes
1284 3423 1404 3486 tempore
1422 3417 1557 3474 divisionis
1575 3419 1731 3472 aestimatos
1749 3435 1801 3472 non
1820 3419 1933 3482 emendi,

1116 3483 1163 3538 sed
1187 3481 1320 3538 dividendi
1344 3487 1432 3540 animo
1458 3487 1551 3556 pretiis
1575 3487 1758 3556 adscriptos¹⁰
1776 3487 1857 3540 videri
1875 3487 1932 3556 pla·

1115 3553 1183 3606 eniti
1208 3569 1292 3634 quare
1309 3569 1440 3622 suspense
1458 3553 1615 3610 coudeione
1633 3561 1754 3610 mertuos
1771 3561 1824 3608 tam
1844 3553 1933 3610 heredi

1115 3635 1194 3688 quain
1212 3619 1458 3676 bdeicommissario
1476 3623 1619 3692 deperisse.

1149 3685 1188 3746 35
1199 3689 1219 3722 ¹¹
1238 3687 1318 3742 Iesu
1333 3689 1401 3744 libro
1419 3691 1578 3746 duodecimo
1589 3693 1609 3724 ¹²
1626 3707 1816 3762 responsorum
1853 3691 1932 3744 Pom-

1115 3757 1210 3878 ponius
1220 3755 1410 3826 Philadelphus
1427 3757 1497 3814 dotis
1514 3775 1595 3814 causa
1612 3759 1723 3826 praedia
1737 3757 1806 3812 filiae
1816 3757 1837 3790 ¹³
1853 3775 1932 3826 quain

1133 3823 1232 3878 abebat
1242 3825 1263 3858 ¹⁴
1286 3825 1314 3878 in
1340 3831 1476 3892 potestate
1502 3825 1612 3880 tradidit
1635 3831 1663 3880 et
1684 3825 1785 3880 reditus
1796 3829 1816 3858 ¹⁵
1840 3841 1933 3880 eorum

1113 3907 1209 3960 genero
1228 3889 1294 3946 solii
1312 3893 1459 3947 mandarit:
1479 3907 1515 3948 an
1532 3909 1565 3946 ea
1599 3893 1728 3962 raecipua
1745 3893 1801 3946 fiha
1817 3893 1932 3946 retinere

1114 3961 1206 4078 point,
1222 3975 1283 4012 cuni
1298 3975 1389 4014 omnes
1400 3961 1422 3994 ¹⁰
1436 3961 1506 4014 filios
1515 3909 1626 4014 hereses
1635 3961 1803 4024 instituisset,
1836 3977 1930 4014 naere-

1134 4033 1203 4080 atur.
1229 4027 1326 4080 iustam
1345 4045 1454 4084 causam
1472 4027 1626 4082 retinendae
1639 4027 1815 4096 possessionis
1850 4029 1932 4082 abere

1113 4093 1203 4160 tiliam,
1221 4095 1346 4162 quoniam
1363 4103 1440 4164 pater
1457 4095 1568 4164 praedia
1584 4095 1618 4150 de
1635 4095 1732 4162 quibus
1751 4093 1929 4162 quaerebatur

1114 4163 1182 4216 dotis
1201 4177 1259 4216 csse
1277 4163 1360 4216 roluit
1377 4171 1404 4216 et
1421 4163 1619 4216 matrimonium
1661 4167 1704 4216 ost
1727 4167 1837 4216 mortem
1862 4177 1928 4230 quo·

1113 4245 1164 4298 que
1181 4231 1266 4298 patris
1284 4237 1394 4284 steterat
1404 4231 1441 4296 ¹⁷,
1465 4231 1604 4298 respondi:
1659 4229 1711 4282 iam
1730 4227 1839 4290 etenim,
1859 4245 1929 4296 quae

1112 4297 1271 4352 naturaliter
1288 4313 1367 4366 agros
1384 4299 1471 4352 tenuit
1481 4299 1515 4360 ¹⁸,
1540 4297 1628 4366 specie
1652 4297 1722 4350 dotis
1747 4295 1821 4348 cuins
1841 4311 1928 4364 capax

1112 4365 1231 4420 iuhset¹⁹
1248 4363 1363 4418 defendi.

1148 4429 1187 4490 36
1205 4431 1408 4486 Proiectum
1427 4429 1546 4486 secundo
1565 4431 1751 4500 quaestionum
1787 4429 1853 4484 Cum
1877 4447 1926 4500 pu·

1113 4509 1197 4554 tarem
1221 4507 1248 4552 te
1271 4499 1428 4552 coheredem
1452 4513 1540 4552 meum
1566 4515 1623 4552 esso
1649 4495 1729 4566 idque
1756 4513 1847 4550 rerum
1873 4515 1926 4554 non

1114 4575 1191 4634 esset,
1211 4567 1251 4636 egi
1268 4573 1356 4620 tecum
1374 4567 1489 4620 familiae
1507 4565 1680 4618 erciscundae
1698 4563 1796 4618 iudicio
1814 4573 1841 4618 ct
1856 4581 1872 4618 a
1887 4567 1926 4618 iu-

1115 4639 1171 4690 dice
1189 4637 1299 4690 inricem
1318 4633 1529 4688 adiudicationes
1547 4639 1574 4686 nt
1588 4633 1822 4686 condemnationes
1837 4633 1928 4688 iactae

1114 4711 1189 4760 snntr
1214 4717 1328 4772 quaero,
1352 4701 1390 4756 rei
1415 4703 1527 4754 veritate
1550 4701 1656 4768 cognita
1679 4707 1768 4754 utrum
1793 4701 1926 4756 condictio

1113 4775 1223 4828 invicem
1247 4777 1381 4840 competat
1402 4783 1437 4822 ao
1460 4767 1621 4822 vindicatio?
1649 4777 1675 4822 et
1699 4783 1734 4822 au
1758 4769 1830 4822 aliud
1849 4769 1876 4822 in
1896 4785 1927 4824 eo

1130 4843 1158 4894 ui
1175 4843 1251 4896 heres
1270 4845 1323 4900 est,
1347 4835 1419 4890 aliud
1442 4837 1469 4890 iii
1494 4853 1525 4890 eo
1550 4837 1593 4904 qui
1618 4837 1695 4888 heres
1713 4853 1766 4888 non
1784 4837 1818 4890 sit
1836 4837 1926 4892 dicen-

1113 4861 1174 4964 gnm
1193 4909 1253 4962 cst?
1278 4905 1415 4974 respondit
1435 4905 1479 4972 qui
1498 4921 1530 4958 ex
1548 4921 1608 4958 asse
1625 4905 1704 4958 lieres
1722 4911 1793 4968 erat,
1810 4905 1847 4970 si,
1866 4921 1927 4960 cum

1113 4983 1218 5048 putaret
1236 4991 1265 5028 se
1283 4975 1381 5028 Titium
1400 4971 1558 5026 coheredem
1577 4973 1688 5038 habere,
1714 4975 1848 5042 acceperit
1866 4989 1927 5026 cum

1112 5061 1144 5098 eo
1160 5045 1276 5098 familiae
1292 5041 1464 5096 erciscundae
1478 5041 1603 5094 iudicium
1619 5049 1646 5094 et
1661 5041 1926 5096 condemnationibus

1112 5113 1191 5168 iactis
1209 5111 1317 5166 solverit
1334 5111 1485 5178 pecuniam,
1511 5109 1635 5176 quoniam
1660 5125 1692 5162 ex
1716 5125 1799 5162 eausa
1815 5109 1926 5162 iudicati

1113 5183 1198 5246 solvit,
1215 5187 1336 5248 repetere
1353 5195 1407 5232 non
1425 5183 1522 5246 potest.
1550 5177 1595 5230 sed
1613 5185 1643 5230 tu
1661 5177 1755 5230 rideris
1772 5191 1803 5230 eo
1818 5177 1925 5236 moveri,

1110 5367 1158 5416 qne
1167 5355 1222 5404 edd.
1265 5359 1298 5410 (ι)
1317 5367 1356 5398 res
1366 5355 1391 5398 et
1400 5347 1506 5398 collatas
1517 5351 1572 5398 inc:
1583 5353 1614 5416 cs
1623 5353 1638 5398 l.
1647 5361 1674 5402 ao
1685 5351 1748 5410 §ab
1757 5361 1773 5398 ι.
1813 5353 1858 5402 (ιο)
1872 5359 1922 5394 ser·

1109 5419 1148 5468 ris
1157 5419 1224 5470 inter
1233 5419 1365 5470 coheredes
1375 5421 1484 5480 tempore
1493 5415 1629 5466 divisionis
1638 5417 1832 5466 aestimatisnon
1839 5425 1922 5462 einen·

1110 5485 1717 5548 di,seddiridendianimoprctiaadscriptarcr.
1769 5485 1809 5542 (ιι)
1826 5477 1922 5524 „Vos

1112 5559 1185 5612 tus.
1271 5559 1317 5616 (ιι)
1334 5551 1501 5604 duodecimi*
1588 5557 1631 5614 tia)
1652 5549 1803 5614 Pomponiae
1812 5541 1920 5594 inaVot.

1109 5623 1152 5674 tiri
1171 5619 1330 5674 hatattVoc
1399 5623 1443 5680 tin
1462 5621 1587 5670 mercedes
1601 5621 1655 5670 Vae
1726 5617 1770 5674 (ιι)
1785 5621 1920 5688 comcom-

1109 5701 1196 5734 munes
1210 5687 1266 5738 Vnt.
1336 5691 1380 5752 ιιι)
1395 5689 1545 5738 constiterat
1559 5689 1612 5740 Vct
1682 5685 1728 5740 (til
1746 5679 1851 5728 “immi
1862 5671 1918 5722 3⁷⁰²·

1109 5755 1155 5812 (it)
1172 5753 1223 5802 teir
1236 5753 1290 5804 Vct
