4366 6258
262 361 453 410 DlViDUNDO

296 525 312 586 7
331 527 489 584 1111111111
505 529 645 584 1111111111
660 529 819 584 erectorem
854 529 991 584 Communi
999 527 1064 582 divi-

261 597 350 654 dundo
375 595 501 652 iudicium
526 595 614 650 iocum
638 597 720 652 habet
743 601 769 652 et
791 599 819 652 in
843 597 965 664 vectigali
991 613 1063 664 agro.

260 665 394 732 vectigalis
411 681 474 734 ager
491 681 526 718 an
542 665 693 742 regionibus
708 665 786 720 dividi
800 667 891 734 possit,
910 665 1063 720 videndum:

260 733 342 802 magis
365 737 453 786 autem
476 733 555 786 debet
576 733 655 786 ludex
679 733 810 788 abstinere
832 733 984 788 hmnsmodi
1001 731 1064 786 divi-

262 809 273 856 1
301 801 387 854 sione:
398 799 514 868 alioquin
538 801 663 854 raestatio
670 801 803 868 vectigalis
810 799 994 856 confundetur.
1010 799 1064 854 Ne·

259 869 342 924 ratius
366 867 458 922 scribit
487 817 627 934 arbitrum,
650 869 674 922 si
698 869 848 936 regionibus
873 867 986 922 fundum
1011 885 1065 922 nou

259 937 411 1006 vectigalem
429 937 539 988 divisum
557 937 658 991 duobus
677 937 874 1000 adiudicaverit‚
893 951 972 1004 posse
989 935 1065 1002 quasi

259 1005 336 1060 2111
363 1003 466 1058 duobus
491 1003 582 1060 fundis
607 1003 759 1060 servitutem
783 1003 925 1070 imponere.
961 1003 1011 1070 Qui
1037 1003 1065 1054 in

258 1087 312 1126 rem
329 1071 512 1126 Publicianam
528 1073 642 1138 habent,
666 1073 745 1126 etiam
769 1069 900 1124 communi
923 1069 1063 1124 dividundo

259 1147 273 1196 3
307 1141 435 1194 iudicium
450 1147 564 1210 possunt
581 1155 711 1194 exercere.
746 1139 789 1192 Ex
804 1137 961 1206 quibusdam
976 1143 1064 1192 autem

259 1207 363 1264 causis¹
380 1207 522 1262 vindicatio
542 1213 641 1272 cessat,
665 1207 688 1260 si
710 1213 800 1262 tamen
822 1207 894 1260 iusta
918 1221 1000 1260 causa
1024 1213 1065 1262 est

257 1275 423 1344 possidendi,
450 1277 515 1331 utile
541 1275 672 1330 communi
698 1275 841 1328 dividundo
868 1275 1007 1342 competit,
1034 1279 1065 1328 ut

257 1349 324 1412 pute
347 1343 371 1396 si
397 1359 429 1398 ex
457 1357 538 1398 cansa
563 1343 673 1396 indebiti
698 1341 779 1396 soluti
803 1343 864 1396 1112
886 1343 1062 1410 possideatur.

257 1417 273 1464 4
305 1411 378 1464 Inter
395 1411 543 1480 praedones
566 1417 654 1464 autem
677 1411 728 1464 hoc
750 1409 876 1464 iodicium
899 1411 987 1464 locum
1010 1427 1064 1464 non

257 1479 351 1542 habet,
370 1495 420 1534 nec
437 1479 460 1534 si
477 1479 596 1548 precario
614 1477 768 1548 possideant
783 1477 873 1532 locum
889 1477 999 1532 habebit
1015 1495 1064 1534 nec

257 1547 279 1600 si
297 1547 374 1612 clam,
390 1547 455 1668 guia
471 1549 571 1602 iniusta
587 1553 626 1600 est
639 1547 773 1616 possessio
788 1545 848 1610 ista,
866 1547 987 1616 precaria
1001 1563 1062 1600 vero

255 1615 327 1668 iusta
343 1615 389 1684 qui
407 1631 462 1680 em,
486 1615 533 1670 sed
557 1631 624 1684 quae
647 1631 700 1668 non
723 1619 816 1684 pergat
833 1615 867 1668 ad
884 1615 975 1668 iudicii
991 1615 1062 1684 vigo-

257 1687 270 1736 5
305 1699 370 1736 rem.
404 1683 523 1738 Iulianus
536 1683 635 1748 scribit,
655 1683 678 1738 si
692 1683 759 1738 alter
775 1699 915 1752 possessor
928 1687 1062 1752 provocet,

256 1751 323 1804 alter
340 1751 412 1804 dicat
431 1767 489 1804 eum
507 1753 532 1804 vi
550 1751 698 1818 possidere,
724 1767 777 1806 nou
802 1751 896 1804 debere
919 1753 971 1806 boc
994 1751 1061 1804 iudi-

256 1819 393 1872 ciumdari
407 1833 456 1872 nec
471 1823 533 1888 post
548 1835 646 1872 annum
662 1819 774 1888 quidem,
792 1819 854 1888 qnia
869 1819 969 1888 placuit
984 1819 1063 1872 etiam

254 1891 317 1954 post
338 1903 438 1940 annum
454 1887 483 1940 111
501 1903 561 1942 eum
578 1887 623 1954 qui
640 1887 664 1940 vi
683 1887 777 1942 deiecit
793 1889 961 1942 interdictum
978 1885 1061 1942 reddi.

255 1959 282 2008 et
299 1953 322 2008 si
343 1955 477 2034 precario,
501 1955 601 2024 inquit,
626 1955 697 2008 dicat
719 1973 778 2010 eum
803 1957 951 2026 possidere,
975 1957 1063 2010 adhuc

255 2023 370 2076 cessabit
386 2023 438 2078 hoc
455 2023 594 2088 iudicium,
619 2023 681 2092 11111
706 2029 732 2076 11
751 2025 783 2078 de
800 2025 920 2092 precario
938 2023 1062 2078 interdic-

254 2095 310 2144 tum
328 2091 414 2144 datur.
443 2091 490 2144 sed
508 2097 534 2146 et
551 2091 574 2146 si
591 2091 658 2146 clam
674 2091 778 2144 dicatur
791 2091 928 2160 possidere
941 2093 986 2160 qui
999 2107 1061 2160 pro·

253 2163 339 2224 vocat,
359 2159 501 2212 dicendum
520 2173 577 2212 esse
595 2159 633 2212 ait
650 2173 756 2212 cessare
773 2161 825 2212 hoc
842 2159 981 2214 iudicium:
1001 2175 1062 2212 nam

254 2225 286 2278 de
304 2227 468 2280 clandestina
485 2227 653 2294 possessione
672 2233 819 2296 competere
836 2227 1005 2280 interdictum
1021 2227 1062 2280 in-

254 2299 268 2346 6
304 2293 368 2362 quit.
404 2293 433 2348 Si
455 2293 508 2348 duo
533 2295 586 2348 sint
608 2295 653 2364 qui
681 2311 737 2348 rem
762 2295 866 2362 pignori
892 2301 1061 2364 accepemnt,

254 2361 441 2430 aequissimum
464 2377 522 2416 esse
545 2363 609 2416 utile
627 2365 760 2416 communi
777 2361 919 2416 dividundo
937 2363 1062 2416 iudicium

254 2433 267 2480 'i
304 2429 370 2482 dari.
407 2429 459 2482 Sed
476 2435 503 2482 et
520 2431 543 2482 si
561 2431 594 2484 de
611 2449 661 2484 usu
677 2429 769 2484 fructu
783 2431 818 2484 sit
831 2431 899 2484 inter
914 2431 981 2484 duos
998 2447 1061 2484 con-

254 2499 268 2548 8
303 2499 445 2562 troversia,
473 2497 532 2552 dari
558 2499 643 2552 debet.
679 2497 745 2552 item
771 2499 793 2552 si
821 2497 873 2552 duo
900 2515 917 2550 a
938 2503 1062 2568 praetore

252 2565 326 2618 missi
343 2565 399 2620 sint
416 2567 444 2618 in
461 2567 658 2634 possessionem
673 2566 834 2634 legatorum:
853 2569 894 2620 est
908 2567 978 2620 enim
991 2567 1062 2620 iusta

254 2647 336 2686 causa
361 2633 514 2702 possidendi
541 2635 676 2688 custodiae
701 2635 795 2702 gratia.
828 2649 888 2702 ergo
914 2639 941 2686 et
964 2635 986 2688 si
1009 2635 1061 2688 dno

252 2705 370 2764 ventres,
394 2701 464 2754 idem
482 2701 532 2754 erit
550 2701 704 2756 dicendum:
729 2701 800 2770 quod
824 2703 906 2756 habet
922 2703 1060 2756 rationem.

252 2773 267 2822 9
302 2767 387 2822 Plane
404 2769 427 2824 si
443 2771 496 2822 iam
514 2769 602 2824 damni
620 2769 711 2824 infecti
728 2771 824 2824 missus
841 2771 930 2824 iussus
948 2771 983 2824 sit
999 2785 1061 2838 pos·
1083 2817 1084 2820 ,

251 2835 344 2902 sidere,
363 2853 417 2890 non
436 2837 485 2890 1111
501 2837 564 2890 huic
581 2839 639 2892 utili
656 2837 753 2892 iudicio
770 2839 854 2902 locus,
873 2853 933 2890 cum
945 2839 1060 2890 vindica-

254 2909 284 2958 10
318 2905 417 2959 tionem
435 2905 533 2960 habere
550 2905 642 2974 possit.
678 2905 744 2958 [lum
763 2905 794 2960 de
812 2905 970 2960 usufructu
989 2923 1059 2960 com-

251 2973 325 3026 muni
342 2971 484 3028 dividundo
501 2973 628 3028 iudicium
646 2973 740 3042 agium,
758 2973 838 3028 iudex
853 2973 971 3028 officium
985 2989 1062 3028 suum

251 3043 289 3094 ita
306 3041 411 3110 diriget,
437 3047 466 3094 ut
490 3043 531 3096 vel
552 3041 703 3108 regionibns
729 3041 765 3094 eis
783 3043 822 3094 uti
839 3041 893 3094 irui
910 3043 1060 3110 permittat:

251 3109 291 3162 vel
307 3109 378 3164 locet
395 3125 472 3164 usum
489 3107 606 3162 fructum
623 3109 670 3160 uni
688 3125 720 3162 ex
737 3109 801 3160 illis:
825 3111 866 3162 vel
889 3109 984 3162 tertiae
1000 3125 1061 3176 per-

251 3191 345 3240 sonae,
370 3182 402 3230 ut
423 3175 452 3228 hi
473 3177 614 3246 pensiones
632 3177 689 3230 sine
706 3175 762 3230 ulla
779 3177 958 3230 controversia
975 3175 1060 3244 perci-

251 3245 337 3323 piant:
363 3245 404 3298 111
422 3245 504 3298 sires
522 3245 632 3298 mobiles
650 3243 716 3310 sint,
741 3243 821 3298 etiam
838 3245 876 3298 sic
894 3245 1006 3312 poterit,
1031 3249 1062 3296 ut

250 3319 319 3366 mter
342 3327 387 3366 eos
412 3313 552 3366 conveniet
569 3317 732 3382 caveantque
768 3329 795 3366 cr
812 3315 934 3380 tempora
952 3327 981 3366 se
997 3327 1060 3364 usu-

251 3397 294 3436 ros
314 3385 339 3436 11
356 3379 495 3444 fruituros,
513 3381 564 3434 hoc
579 3387 619 3434 est
634 3387 664 3434 ut
679 3397 732 3500 epu
766 3379 882 3448 singulos
896 3385 990 3434 mutua
1004 3379 1062 3432 vice

253 3455 281 3502 11
319 3453 390 3504 certo
407 3453 528 3518 tempore
550 3449 584 3502 sit
606 3463 671 3502 usus
706 3453 807 3502 ructus.
842 3447 936 3516 Neque
961 3447 1062 3502 colonis

251 3533 336 3586 neque
359 3517 397 3572 eis
421 3517 467 3586 qui
492 3517 640 3586 depositum
664 3521 838 3584 susceperunt
860 3517 912 3568 hoc
935 3515 1062 3568 iudicium

254 3589 282 3640 12
319 3587 458 3654 competit,
482 3585 600 3654 quamvis
618 3585 775 3640 naturaiiter
791 3583 953 3654 possideant.
990 3583 1062 3638 inter

251 3671 310 3718 eos,
329 3655 375 3724 qui
392 3655 496 3722 pignori
514 3657 688 3724 acceperunt,
707 3655 768 3706 talis
786 3653 878 3706 divisio
896 3651 955 3706 fieri
974 3651 1059 3718 debet,

251 3727 351 3776 utnon
368 3737 431 3776 vero
449 3723 534 3790 pretio
553 3721 706 3776 aestimetur
729 3737 807 3788 pars,
833 3721 879 3772 sed
902 3721 931 3774 in
956 3725 1061 3774 tantum

251 3791 396 3854 dumtaxat,
416 3795 544 3856 quantum
558 3805 606 3858 pro
623 3805 653 3844 11
667 3793 744 3856 parte
758 3787 876 3852 debetur,
895 3793 921 3840 et
939 3787 1059 3856 adsigne-

250 3865 294 3912 tur
309 3857 415 3926 quidem
430 3859 525 3928 pignus
540 3859 588 3910 oni
603 3871 635 3910 111
650 3855 834 3922 creditoribus
849 3855 958 3910 licentia
972 3861 1061 3910 tamen

250 3943 303 3982 nen
331 3925 475 3994 denegetur
501 3925 615 3980 debitori
640 3923 757 3978 debiturn
782 3925 877 3978 offerre
908 3931 935 3976 et
965 3925 1060 3994 pignus

250 4011 327 4048 suurn
344 3995 425 4048 luere.
449 3993 571 4060 idemque
589 3993 685 4048 dicitur
703 3997 730 4046 et
747 3991 770 4046 si
786 4009 927 4060 possessor
944 3993 1060 4060 pignoris

251 4063 300 4116 litis
315 4063 529 4116 'aestimationem
546 4061 764 4130 pigneraticiam3
780 4061 809 4114 in
823 4075 879 4114 rem
893 4063 982 4130 agenti
996 4061 1059 4114 offe-

253 4135 281 4184 13
316 4135 376 4184 rat.
399 4129 427 4184 Si
444 4129 547 4182 debitor
563 4129 708 4184 communis
724 4129 826 4198 praedii
841 4135 945 4198 partem
957 4129 1060 4198 pignori

250 4197 321 4252 dedit
338 4203 366 4252 et
383 4213 399 4252 1
416 4197 521 4252 domino
540 4197 648 4252 alterius
665 4199 750 4266 partis
767 4203 927 4264 1111111111
946 4197 1060 4252 creditor

250 4267 304 4320 eins
330 4271 378 4318 ant
400 4267 434 4318 ab
458 4267 510 4318 alio
536 4265 666 4320 creditore
684 4265 794 4320 alterius
812 4265 938 4320 debitoris
955 4265 1059 4320 licendo

249 4333 384 4402 superavit
401 4339 427 4386 et
445 4333 549 4388 debitor
568 4333 623 4388 eins
641 4335 686 4388 cui
701 4351 744 4390 res
761 4333 813 4388 init
830 4333 984 4388 adiudicata
1000 4333 1061 4388 velit

248 4407 351 4470 partem
369 4417 444 4456 snam
461 4401 564 4470 praedii
580 4402 730 4470 reciperare
748 4403 834 4456 soluto
854 4417 884 4456 eo
910 4403 981 4526 guod
1004 4403 1061 4470 ipse

249 4471 352 4524 debuit:
379 4471 511 4540 eleganter
534 4469 630 4524 dicitur
653 4487 708 4526 uon
732 4487 789 4526 esse
812 4471 908 4526 audien
928 4489 986 4536 um,
1010 4471 1060 4524 nisi

250 4543 276 4594 et
293 4555 350 4592 earn
368 4545 471 4606 partem
489 4543 598 4606 paratus
617 4539 651 4592 sit
667 4541 829 4610 reciperare,
848 4557 928 4608 quarn
946 4539 1061 4594 creditor

248 4623 295 4674 per
313 4607 537 4660 adiudicationem
552 4607 627 4672 emit.
649 4621 711 4660 nam
727 4613 753 4660 et
766 4609 789 4660 si
799 4613 903 4686 partem
911 4609 1059 4662 vendideris

249 4675 287 4728 rei
305 4681 332 4728 et
347 4675 435 4742 prius,
460 4689 540 4744 qnam
557 4675 675 4728 traderes
695 4681 819 4744 emptori,
844 4675 978 4730 communi
995 4675 1060 4730 divi·

249 4741 337 4796 dundo
356 4741 453 4796 iudicio
471 4749 631 4810 provocatus
648 4741 731 4796 fueris
750 4745 854 4810 aliaque
871 4759 933 4810 pars
948 4743 997 4798 tibi
1011 4743 1059 4798 ad-

248 4809 366 4864 iudicata
389 4811 438 4876 sit,
462 4817 656 4878 consequenter
674 4809 771 4864 dicitur
788 4825 821 4864 err
839 4819 927 4880 empto
946 4813 988 4882 agi
1006 4829 1060 4866 non

249 4893 341 4944 posse,
359 4879 411 4930 nisi
427 4883 512 4932 totam
529 4895 584 4932 rem
602 4877 738 4946 suscipere
755 4877 837 4932 inerit
852 4885 978 4946 paratus,
997 4881 1060 4948 quia

248 4945 313 4998 haec
331 4961 394 5014 pars
411 4945 541 5002 beneficio
560 4947 667 5000 alterius
691 4945 821 5000 venditori
844 4947 971 5000 accessit:
995 4949 1059 5016 quin

248 5013 325 5068 immo
344 5013 423 5068 etiam
442 5029 474 5068 ex
491 5015 598 5070 vendito
614 5029 694 5096 posse
708 5013 843 5068 conveniri
857 5019 1010 5082 emptorem,
1029 5023 1060 5070 ut

248 5083 359 5152 recipiat
384 5087 483 5136 totum:
511 5085 597 5138 solum
618 5083 684 5138 iliud
707 5081 882 5152 spectandum
906 5083 970 5148 erit,
995 5101 1059 5138 num

248 5149 316 5204 11111
332 5151 407 5206 fraus
425 5151 515 5220 alique
531 5151 672 5206 venditoris
690 5151 837 5206 intervenit.
864 5149 912 5204 sed
927 5159 954 5206 et
968 5153 991 5206 si
1005 5153 1058 5208 dis-

248 5223 334 5272 tracta
351 5223 428 5288 parte
446 5221 557 5274 cesserit
578 5221 663 5274 victus
686 5221 832 5274 licitatione
855 5217 989 5286 venditor,
1014 5237 1059 5274 ae·

248 5303 312 5352 que,
331 5287 447 5356 pretium
463 5293 494 5340 ut
510 5289 648 5352 restituat,
666 5295 805 5356 exempto
823 5287 963 5340 tenebitur.
992 5289 1059 5344 haec

249 5353 339 5434 eadem
358 5355 429 5408 etin
446 5355 573 5410 mandato
591 5357 738 5424 ceterisque
761 5357 840 5410 huius
863 5355 967 5424 generis
989 5355 1058 5409 iudi-

248 5435 294 5476 cus
314 5427 458 5476 servantur.

284 5487 528 5548 serueueram
553 5491 694 5548 vicensimo
719 5493 796 5546 tertio
821 5491 857 5546 ad
874 5491 989 5546 edictum
1022 5491 1060 5544 Et

249 5557 271 5610 si
289 5575 343 5614 non
361 5575 460 5624 omnes,
479 5557 596 5628 quirem
615 5575 780 5614 communem
797 5561 910 5624 habent,
930 5559 977 5614 sed
995 5559 1059 5614 certi

248 5641 281 5680 ex
302 5629 344 5682 his
368 5627 483 5682 dividere
507 5627 671 5692 desiderant,
695 5629 748 5682 lroc
770 5629 897 5682 iudicium
920 5629 990 5680 inter
1013 5643 1058 5682 eos

1058 339 1118 410 ‘145

1847 341 1920 408 xe

1120 531 1129 580 1
1166 527 1252 594 accipi
1269 531 1364 594 potest.
1400 529 1428 582 Si
1451 529 1581 584 incertum
1605 527 1651 590 sit,
1676 539 1711 578 an
1734 523 1778 578 lex
1801 525 1921 580 Falcidia

1116 595 1204 648 locum
1220 595 1318 646 habeat
1335 595 1403 650 inter
1419 597 1573 664 legatarium
1590 599 1617 652 et
1632 590 1770 658 heredem,
1790 595 1920 648 communi

1116 661 1257 716 dividundo
1282 661 1323 730 agi
1345 669 1434 730 potest
1457 671 1504 718 aut
1527 667 1644 720 incertae
1668 661 1752 732 partis
1778 661 1920 716 vindicatio

1116 731 1202 784 datur.
1229 729 1347 784 similiter
1364 729 1395 782 fit
1412 735 1437 782 et
1455 731 1478 784 si
1494 733 1626 800 peculium
1642 733 1757 810 legatum
1782 729 1830 790 111,
1856 731 1920 798 quia

1115 799 1143 850 in
1178 803 1288 850 uantum
1304 811 1346 850 res
1363 799 1509 866 peculiares
1528 799 1653 856 deminuit
1669 799 1697 852 rd
1721 795 1791 866 quod
1814 795 1920 850 domino

1116 871 1131 920 2
1161 815 1291 928 (debetur,
1313 865 1443 918 incertum
1467 871 1515 920 est.
1550 867 1629 922 Venit
1649 869 1681 922 in
1701 863 1833 922 communi
1856 865 1920 918 divi-

1116 931 1206 988 dundo
1228 931 1354 988 iudicium
1378 933 1455 986 etiam
1479 933 1503 988 si
1520 937 1648 1002 quierem
1667 949 1829 990 communem
1848 931 1920 986 dete-

1115 1003 1211 1056 riorem
1227 1001 1334 1066 iecerit,
1357 1001 1427 1054 forte
1444 1015 1548 1054 servum
1565 1003 1724 1060 vulnerando
1742 1009 1790 1058 aut
1806 1003 1922 1056 animum

1116 1069 1171 1124 eius
1190 1069 1380 1138 corrumpendo
1404 1075 1452 1124 eut
1474 1069 1582 1122 arbores
1606 1087 1638 1124 ex
1659 1073 1740 1126 fundo
1766 1069 1920 1126 excidendo.

1116 1143 1131 1192 3
1166 1137 1195 1192 si
1211 1137 1354 1192 communis
1368 1139 1437 1192 servi
1450 1137 1536 1206 gratia
1550 1153 1636 1192 noxae
1649 1141 1754 1194 nomine
1767 1142 1827 1210 plus
1843 1153 1920 1210 prae-

1115 1207 1219 1272 stiterit,
1238 1207 1421 1262 aestimabitur
1439 1221 1530 1260 servos
1548 1209 1574 1258 et
1589 1205 1644 1260 eins
1658 1215 1761 1276 partem
1775 1225 1920 1278 conseque·
1963 1273 1964 1276 Ἴ

1115 1279 1132 1328 4
1165 1279 1217 1328 111.
1252 1275 1319 1330 Item
1337 1275 1359 1330 si
1376 1291 1445 1328 onus
1462 1273 1491 1328 in
1508 1273 1620 1328 solidum
1637 1273 1669 1328 de
1686 1277 1789 1342 11111111
1808 1293 1920 1334 conven-

1115 1351 1159 1396 tus
1183 1347 1209 1396 et
1233 1343 1373 1396 damnatus
1397 1343 1445 1408 sit,
1470 1345 1511 1396 est
1534 1357 1593 1396 cum
1616 1341 1688 1396 socio
1708 1345 1839 1400 communi
1857 1345 1921 1398 divi-

1116 1411 1204 1464 dundo
1223 1411 1350 1476 11111111
1386 1417 1468 1464 artem
1486 1409 1582 1478 peculii
1600 1417 1783 1478 consequetur.
1874 1465 1877 1476 .

1150 1473 1168 1534 9
1187 1477 1355 1534 1111111111
1366 1429 1435 1534 dibre
1450 1477 1561 1558 septimo
1576 1477 1760 1556 quaestionum
1787 1479 1921 1548 Sedpost·

1115 1561 1195 1614 quam
1213 1547 1299 1600 socius
1323 1547 1392 1600 servi
1415 1561 1559 1600 communis
1582 1559 1686 1598 nomme
1710 1545 1742 1600 de
1764 1549 1869 1614 peculio
1894 1549 1922 1600 in

1115 1615 1229 1668 solidum
1247 1615 1386 1668 damnatus
1405 1621 1488 1678 esset,
1512 1615 1535 1666 si
1558 1611 1629 1682 apud
1652 1611 1752 1666 socium
1774 1631 1817 1670 res
1840 1633 1921 1684 pecu-

1114 1683 1191 1738 liares
1215 1683 1390 1750 intercidant,
1416 1683 1497 1738 nihilo
1522 1681 1608 1736 minus
1632 1681 1696 1734 utile
1723 1681 1771 1734 erit
1796 1681 1923 1738 iudicium

1115 1753 1248 1804 communi
1271 1751 1412 1804 dividundo
1437 1751 1471 1804 ad
1493 1747 1691 1818 reciperandam
1713 1753 1817 1818 partem
1839 1767 1920 1818 pecu-

1115 1819 1187 1872 niae:
1208 1819 1325 1888 alioquin
1341 1819 1459 1888 iniquum
1475 1819 1547 1882 1111,
1571 1819 1594 1870 11
1611 1821 1668 1870 tota
1686 1831 1776 1870 cares
1796 1817 1829 1870 ad
1847 1817 1920 1872 dam-

1115 1903 1178 1940 num
1188 1887 1243 1942 eius
1253 1887 1433 1956 quiiudicium
1447 1885 1580 1956 acceperit
1592 1885 1731 1954 pertineat,
1748 1901 1808 1940 cum
1822 1885 1920 1940 utrius-

1115 1971 1166 2024 que
1183 1955 1283 2010 domini
1298 1957 1445 2024 periculum
1461 1957 1489 2008 in
1506 1957 1585 2010 rebus
1603 1954 1780 2022 peculiaribus
1799 1969 1857 2008 esse
1874 1953 1921 2008 de-

1114 2023 1184 2078 beat.
1212 2041 1274 2078 nam
1292 2029 1318 2078 et
1336 2039 1403 2090 enm,
1422 2023 1467 2092 qui
1484 2023 1611 2078 mandatu
1629 2023 1726 2076 domini
1743 2021 1923 2076 defensionem

1115 2093 1183 2146 servi
1201 2091 1332 2160 suscepit,
1350 2101 1427 2146 omne
1445 2093 1515 2160 quod
1532 2093 1603 2146 bona
1619 2089 1671 2146 fide
1688 2089 1849 2160 praestiterit
1867 2107 1922 2144 ser·

1114 2167 1244 2224 vetorum,
1264 2161 1381 2228 quamvis
1400 2161 1532 2228 peculium
1550 2165 1643 2228 postea
1658 2157 1829 2214 interciderit.
1854 2159 1922 2212 haec

1115 2229 1167 2292 ita,
1184 2229 1208 2282 si
1226 2229 1344 2282 neutrius
1363 2229 1443 2296 culpa
1459 2227 1641 2282 intervenerit:
1667 2227 1764 2280 etenim
1781 2227 1922 2292 dominum,

1115 2311 1174 2350 cum
1192 2313 1243 2364 quo
1262 2295 1294 2350 de
1312 2295 1415 2364 peculio
1434 2295 1534 2364 egitur,
1559 2297 1582 2350 si
1598 2303 1708 2364 paratus
1727 2293 1857 2352 sitrebns
1876 2311 1921 2362 pe-

1115 2365 1257 2418 culiaribus
1274 2365 1382 2432 petitori
1400 2365 1500 2428 cedere,
1519 2381 1552 2418 ex
1569 2377 1651 2418 causa
1668 2363 1827 2416 audiendum
1841 2369 1919 2432 puta-

1113 2431 1164 2496 111,
1183 2431 1285 2486 scilicet
1308 2433 1331 2486 si
1355 2431 1411 2486 sine
1435 2431 1495 2486 dolo
1513 2431 1582 2486 malo
1601 2437 1629 2486 et
1644 2431 1817 2486 frustratione
1833 2431 1861 2484 id
1878 2431 1919 2482 11-

1114 2499 1175 2552 ciat.

1151 2565 1188 2624 10
1206 2567 1404 2622 Procurrere
1419 2569 1561 2620 vicensimo
1577 2569 1654 2622 tertio
1669 2567 1829 2622 adedr'ctum
1855 2567 1923 2620 Item

1115 2635 1231 2704 quamvis
1255 2635 1320 2704 legis
1337 2635 1460 2704 Aquiliae
1482 2635 1552 2688 11111
1576 2635 1604 2688 in
1626 2635 1749 2690 heredem
1773 2651 1827 2690 non
1850 2651 1922 2690 com-

1115 2707 1201 2770 petat,
1225 2707 1316 2758 tamen
1337 2703 1389 2758 hoc
1410 2701 1507 2758 iudicio
1531 2703 1607 2758 heres
1633 2703 1698 2758 socii
1721 2703 1871 2772 praestetl,
1898 2703 1920 2756 si

1114 2771 1177 2840 quiri
1195 2771 1336 2824 defunctus
1353 2773 1382 2824 in
1398 2787 1428 2826 re
1445 2773 1578 2824 communi
1595 2771 1714 2836 admisit,
1739 2787 1791 2842 quo
1816 2771 1922 2824 nomine

1116 2845 1126 2890 1
1163 2839 1227 2908 legis
1253 2839 1374 2908 Aquiliae
1406 2839 1476 2894 actio
1502 2839 1629 2894 nascitur.
1672 2839 1701 2894 si
1725 2857 1790 2894 usus
1816 2845 1920 2894 tantum

1113 2911 1205 2962 noster
1230 2907 1278 2972 sit,
1311 2907 1356 2974 111
1381 2923 1466 2976 neque
1492 2907 1580 2962 venire
1605 2923 1690 2976 neque
1715 2907 1800 2962 locari
1824 2911 1919 2988 potest,

1113 2975 1334 3096 quemadmodum
1358 2975 1449 3028 divisio
1473 2979 1563 3042 potest
1586 2973 1643 3028 fieri
1659 2977 1687 3030 in
1706 2991 1839 3030 commum
1856 2975 1917 3028 divi·

1130 3043 1201 3096 undo
1226 3043 1337 3106 indicio,
1360 3043 1504 3096 videamus.
1532 3041 1578 3096 sed
1600 3049 1707 3112 praetor
1724 3043 1878 3098 interveniet
1898 3045 1924 3096 et

1113 3127 1169 3164 rem
1184 3109 1341 3170 emendabit,
1361 3115 1399 3174 ut,
1415 3109 1437 3162 si
1451 3109 1530 3164 iudex
1544 3111 1620 3164 alteri
1632 3127 1709 3164 usum
1724 3109 1922 3176 adiudicaverit,

1106 3193 1167 3242 ¹non
1190 3177 1310 3232 videatur
1337 3177 1404 3230 aiter
1430 3177 1475 3244 qui
1499 3177 1646 3232 mercedem
1671 3179 1769 3248 accipit
1794 3193 1848 3232 non
1874 3179 1921 3244 uti,

1114 3245 1190 3314 quasi
1206 3245 1266 3312 plus
1283 3243 1367 3298 faciat
1385 3243 1645 3312 1111111111111115,
1681 3247 1726 3298 nia
1743 3247 1796 3298 hoc
1812 3253 1924 3314 propter

1114 3319 1129 3364 2
1164 3313 1350 3366 necessitatem
1373 3311 1410 3364 fit.
1445 3313 1477 3364 In
1501 3313 1632 3366 communi
1682 3313 1799 3366 vidnndo
1823 3315 1922 3368 iudicio

1104 3379 1182 3442 insto
1206 3379 1291 3448 pretio
1308 3395 1364 3434 rem
1382 3379 1522 3434 aestimare
1540 3379 1645 3436 debebit
1661 3379 1742 3436 iudex
1759 3385 1786 3436 et
1803 3381 1836 3436 de
1854 3383 1923 3436 evic-

1112 3449 1185 3502 tione
1203 3463 1308 3516 quoque
1326 3447 1471 3502 cavendum
1490 3449 1546 3502 erit.

1150 3513 1185 3572 ii
1214 3515 1305 3570 Gerus
1331 3515 1398 3570 libro
1422 3517 1535 3586 septimo
1559 3515 1595 3570 ad
1616 3517 1731 3570 edictum
1751 3517 1923 3588 provinciale

1112 3585 1144 3638 ln
1162 3599 1264 3638 summa
1282 3583 1440 3638 admonendi
1458 3601 1557 3648 sumus,
1575 3583 1654 3652 quod,
1673 3585 1696 3640 si
1711 3589 1774 3652 post
1785 3585 1923 3640 interitum

1112 3653 1151 3706 rei
1166 3653 1312 3706 communis
1327 3653 1358 3716 is,
1375 3651 1418 3706 cui
1432 3651 1532 3718 aliquid
1546 3667 1578 3706 ex
1594 3655 1778 3706 communione
1793 3655 1924 3732 praestari

1113 3723 1232 3790 oportet,
1257 3735 1288 3774 eo
1307 3721 1413 3772 nomine
1429 3733 1507 3788 agere
1524 3719 1599 3784 velit,
1625 3721 1757 3774 communi
1781 3721 1923 3774 dividundo

1112 3787 1239 3842 iudicium
1256 3787 1320 3842 utile
1338 3787 1430 3840 datur:
1449 3787 1530 3840 veluti
1547 3787 1569 3840 si
1583 3793 1658 3840 actor
1671 3787 1805 3856 impensas
1821 3789 1923 3856 adquae

1112 3857 1140 3910 in
1157 3871 1213 3910 rem
1232 3871 1395 3910 communem
1412 3853 1489 3920 iecit,
1514 3855 1569 3910 sive
1592 3857 1678 3910 socios
1703 3855 1758 3910 eius
1783 3857 1922 3910 11111111-

1113 3925 1176 3994 quid
1194 3939 1227 3978 en
1245 3927 1458 3980 111111111111
1477 3929 1531 3988 est,
1554 3925 1626 3976 velut
1649 3939 1743 3992 operas
1769 3925 1838 3978 servi
1854 3941 1923 3980 mer-

1113 3993 1231 4056 cedesve,
1249 3993 1300 4048 hoc
1317 3993 1414 4048 iudicio
1434 4009 1525 4048 eorum
1543 3991 1658 4046 omnium
1674 3991 1742 4046 ratic
1759 3991 1882 4046 habetur.

1148 4057 1186 4116 12
1211 4061 1356 4116 Uarianos
1376 4063 1444 4118 libro
1461 4061 1677 4134 septacpccsimo
1689 4059 1782 4130 primo
1800 4061 1838 4114 aci
1854 4061 1923 4114 edic-

1112 4135 1167 4182 tum
1202 4129 1231 4184 Si
1254 4129 1332 4184 aedes
1356 4147 1508 4186 communes
1532 4127 1586 4186 sini
1602 4133 1650 4184 aut
1667 4129 1755 4196 paries
1774 4129 1920 4182 communis

1112 4201 1138 4250 et
1163 4213 1222 4252 eum
1244 4197 1353 4252 reficere
1375 4199 1416 4252 vel
1440 4199 1564 4254 demolire
1585 4201 1626 4256 vel
1649 4195 1677 4252 in
1701 4211 1761 4248 eum
1784 4197 1924 4258 immittere

1112 4265 1260 4388 3111111111
1279 4265 1326 4332 sit,
1352 4269 1484 4322 communi
1502 4267 1642 4322 dividundo
1659 4265 1757 4322 iudicio
1777 4265 1826 4318 erit
1843 4279 1923 4330 agen-

1130 4351 1182 4396 um,
1202 4341 1249 4388 aut
1265 4333 1407 4390 interdicto
1425 4337 1465 4388 uti
1481 4335 1623 4404 possidetis
1640 4335 1796 4404 experimur.

1149 4399 1373 4460 terrentem
1397 4405 1611 4474 superimpenditur
1635 4405 1729 4474 111111
1754 4403 1791 4458 cd
1808 4403 1922 4458 edictum

1112 4471 1144 4524 In
1160 4471 1288 4526 iudicium
1307 4471 1440 4528 communi
1458 4471 1599 4526 dividundo
1624 4485 1713 4526 omnes
1738 4485 1781 4526 res
1805 4471 1922 4536 veniunt,

1112 4539 1163 4594 nisi
1186 4539 1209 4594 si
1232 4541 1296 4610 quid
1318 4541 1399 4594 inerit
1423 4555 1456 4594 ex
1479 4539 1611 4596 communi
1634 4555 1765 4594 consensu
1784 4545 1923 4606 exceptum

1112 4609 1274 4674 nominatim,
1293 4625 1327 4662 ne
1343 4609 1442 4662 veniat.

1148 4675 1186 4732 14
1199 4675 1323 4732 ,Paucos
1337 4677 1405 4732 libro
1424 4677 1501 4730 tertio
1520 4675 1557 4728 ad
1569 4673 1706 4752 Plautium
1740 4675 1772 4728 ln
1786 4675 1839 4728 hoc
1853 4675 1921 4728 indi-

1112 4745 1182 4798 11111
1198 4745 1250 4798 hcc
1265 4745 1344 4810 venit,
1362 4743 1434 4812 quod
1450 4759 1582 4798 commum
1595 4741 1700 4796 nomine
1715 4747 1804 4796 actum
1819 4749 1859 4798 est
1874 4749 1923 4798 aut

1114 4819 1124 4864 1
1162 4813 1203 4892 agi
1223 4813 1313 4864 debuit
1330 4813 1364 4866 ab
1384 4827 1424 4876 eo,
1442 4811 1488 4878 qui
1505 4811 1556 4864 scit
1573 4825 1601 4864 se
1619 4807 1719 4864 socium
1734 4811 1840 4864 habere.
1868 4811 1920 4864 Im-

1110 4881 1207 4948 pendra
1232 4885 1336 4946 autem,
1364 4893 1433 4948 quae
1457 4877 1518 4930 dum
1541 4879 1677 4946 proprium
1699 4893 1786 4932 meum
1809 4879 1923 4934 fundum

1112 4949 1233 5002 existimo
1247 4947 1308 5012 feci,
1323 4963 1392 5014 quae
1406 4945 1515 5008 scilicet,
1531 4945 1554 4998 si
1566 4945 1746 5000 vindicaretur
1760 4947 1836 5002 fundi
1850 4963 1921 5018 pars,

1111 5033 1159 5086 per
1176 5015 1358 5084 exceptionem
1376 5013 1430 5068 doli
1447 5013 1560 5068 retinere
1577 5029 1696 5082 possem,
1721 5031 1756 5068 an
1781 5017 1875 5080 etiam,
1899 5017 1922 5072 si

1112 5083 1244 5140 communi
1262 5083 1402 5138 dividundo
1421 5081 1518 5136 iudicio
1537 5097 1640 5138 mecum
1657 5089 1763 5152 agetur,
1788 5087 1922 5154 aequitate

1112 5155 1194 5222 ipsius
1220 5153 1311 5206 indicii
1336 5151 1451 5206 retinere
1475 5151 1587 5218 possim,
1622 5154 1841 5212 considerandum
1872 5161 1920 5208 est.

1112 5223 1183 5292 qnod
1201 5221 1305 5292 quidem
1323 5219 1406 5288 magis
1423 5223 1504 5288 puto,
1529 5221 1591 5342 guia
1608 5221 1695 5278 bonae
1712 5221 1776 5276 fidei
1792 5221 1920 5276 iudicium

1112 5297 1152 5344 est
1170 5287 1302 5344 communi
1319 5287 1474 5340 dividundo:
1499 5305 1527 5344 se
1562 5291 1613 5344 hoc
1631 5291 1677 5356 ita,
1696 5291 1719 5344 si
1736 5305 1839 5344 mecum
1857 5305 1920 5356 aga·

1110 5363 1162 5410 tur.
1190 5361 1308 5410 ceterum
1325 5355 1348 5408 si
1370 5353 1519 5410 alienavero
1544 5363 1647 5426 partem
1670 5375 1769 5420 meam,
1793 5373 1848 5410 non
1871 5359 1922 5410 erit

1110 5425 1180 5478 unde
1197 5425 1310 5478 retinere
1326 5423 1434 5492 possim.
1463 5423 1510 5478 sed
1532 5425 1569 5492 is,
1594 5425 1638 5494 qui
1661 5441 1737 5480 ame
1756 5425 1861 5488 emerit,
1886 5441 1922 5478 an

1110 5491 1224 5546 retinere
1240 5491 1332 5560 possit,
1350 5491 1491 5548 videndum
1511 5499 1566 5548 est:
1584 5509 1646 5548 nam
1663 5499 1690 5548 et
1704 5495 1728 5548 si
1741 5491 1922 5548 vindicaretur

1111 5561 1144 5614 ab
1163 5575 1194 5614 eo
1212 5575 1284 5628 pars,
1302 5559 1495 5630 impendiorum
1512 5563 1625 5628 nomine,
1644 5577 1711 5630 quae
1727 5577 1773 5630 ego
1789 5561 1920 5626 iecissem,

1109 5627 1147 5680 111
1165 5631 1194 5680 ut
1212 5643 1259 5698 ego
1277 5633 1383 5696 poterat
1399 5631 1572 5686 retentionem
1589 5629 1691 5684 facere:
1716 5635 1743 5684 et
1766 5629 1853 5682 verius
1871 5633 1920 5692 est,

252 5797 398 5864 (1111111111.
485 5801 518 5864 (a)
530 5781 1063 5866 scirexcausadebitisolntifiduciaKclier
1156 5799 1187 5862 13)
1206 5797 1436 5862 pigneraticiadert.
1524 5803 1554 5862 (4]
1574 5799 1712 5862 praestat&
1797 5797 1828 5860 (5)
1847 5773 1923 5848 fluid'

1688 5883 1717 5932 le
