4366 6258
251 1025 261 1162 l

240 1249 253 1414 l

222 1461 225 1468 ⁴
247 1475 251 1500 v

1006 457 1007 460 Ὺ
1078 319 1149 436 111

285 367 468 436 XXXXVII
494 375 529 434 lo
1735 379 1935 430 1111111111

285 559 343 624 quis
364 571 394 608 re
416 569 475 608 mea
497 553 537 606 uti
554 567 594 606 me
617 569 671 608 non
687 555 837 622 permittat:
862 569 923 608 nam
942 559 968 606 et
984 553 1106 608 111111-Ι
1135 551 1245 606 vestitae
1275 551 1396 606 fuissent.
1439 551 1461 604 si
1486 549 1567 618 igitur
1598 565 1652 604 non
1681 547 1821 604 matronali
1845 547 1937 602 habitu

284 625 409 676 tartarum
427 621 560 676 conveniri
575 625 671 688 potest.
707 623 862 676 conductori
879 627 968 676 autem
983 625 1086 676 veteres
1135 619 1232 672 femina
1248 619 1330 672 fuerit
1346 625 1374 674 et
1391 619 1449 686 quis
1466 635 1524 674 eam
1545 617 1688 688 appellavit
1709 619 1751 672 vel
1772 617 1797 670 ei
1819 617 1937 696 comitem

284 689 452 742 interdictum
467 687 603 752 dederunt,
621 687 725 744 siforte
741 691 846 760 publice
859 689 925 742 hoc¹
945 689 1085 742 1111111111
1135 691 1168 742 16
1203 685 1328 754 abduxit,
1351 687 1508 742 iniuriarum
1526 691 1639 740 tenetur.
1676 685 1801 740 Comitem
1818 699 1937 752 acorpere

284 773 345 808 narn
365 757 404 810 vis
422 757 446 808 ci
468 755 633 824 prohibenda
656 763 709 822 est,
737 757 892 826 quominus
911 757 1086 810 conductione
1136 753 1260 808 debemus
1285 769 1359 820 eum,
1383 753 1429 824 qui
1452 753 1592 808 comitetur
1613 757 1641 808 et
1658 759 1828 822 sequaturet
1845 753 1938 818 (11111

284 841 333 880 sua
353 823 466 876 fruatur.
506 823 629 892 siquem
650 829 739 878 tamen
762 831 824 880 ante
848 823 925 878 aedes
949 825 1022 880 meas
1045 823 1086 878 vel
1136 823 1237 888 Labeo)
1256 823 1310 876 sive
1325 823 1439 876 liberum
1457 823 1511 876 sive
1521 823 1633 874 'servum
1650 823 1706 876 sive
1722 821 1869 876 masculum
1886 823 1938 874 sive

285 897 346 944 autc
368 891 530 958 praetorium
553 907 643 970 meum·
662 891 762 960 piscari
773 889 946 1012 (prohibeam,
965 891 1029 958 quid
1046 891 1085 944 di·
1136 889 1937 958 111111111111111101111111111111111811111111111111-

285 957 396 1012 cendum
417 959 474 1012 est?
507 973 549 1010 me
565 957 721 1012 iniuriarum
743 959 771 1012 iu
790 959 840 1012 icio
861 963 947 1012 tenerr
964 973 997 1010 an
1015 959 1086 1012 nou?
1137 957 1219 1010 ‘tandi
1247 957 1376 1024 cuiusque
1406 971 1488 1010 causa
1512 961 1543 1008 ut
1563 963 1719 1024 sequeretur
1741 957 1888 1012 destinatus
1912 957 1938 1012 in

283 1025 432 1092 etquidem
448 1039 672 1078 marecommune
686 1025 802 1078 omnium
815 1029 895 1078 estet
908 1025 994 1088 litora,
1008 1025 1087 1078 sicuti
1137 1025 1251 1092 ‘publico
1280 1023 1416 1090 privatcvc
1442 1023 1574 1076 abductus
1604 1022 1701 1078 fuerit’.
1741 1025 1809 1078 inter
1832 1023 1938 1078 comites

285 1107 341 1156 aer,
365 1099 391 1144 et
414 1095 455 1144 est
476 1093 628 1164 saepissime
651 1093 810 1160 rescriptum
832 1107 885 1146 non
901 1107 987 1170 ¹posse
1010 1107 1086 1158 quem
1139 1095 1167 1142 lt
1202 1093 1295 1158 utique
1317 1095 1344 1144 et
1364 1089 1511 1158 paedagogi
1532 1095 1618 1144 erunt.
1658 1091 1809 1144 Abduxisse
1829 1091 1937 1156 videtur,

283 1159 382 1226 piscari
404 1159 551 1240 prohiberi:
578 1159 624 1214 sed
647 1175 696 1212 nec
715 1159 855 1228 aucupari,
881 1159 931 1212 arsi
955 1159 1086 1226 1111111-

286 1225 359 1294 gredi
376 1243 433 1294 1111
452 1241 543 1294 agrurn
566 1227 681 1282 aberium
703 1225 855 1294 1111111111Ξ
878 1231 974 1294 potest.
1010 1243 1086 1282 usur-

284 1299 376 1362 patum
393 1299 481 1348 tamen
498 1299 525 1346 et
542 1295 593 1348 hoc
611 1299 663 1360 cst,
680 1293 786 1346 tametsi
803 1293 875 1348 nullo
893 1293 958 1358 iure,
981 1299 1012 1346 ut
1028 1295 1086 1360 quis

284 1361 419 1426 prohiberi
446 1359 531 1440 possit
560 1369 622 1416 ante
651 1359 730 1414 aedes
755 1375 829 1412 meas
855 1361 896 1414 vel
924 1361 1087 1428 praetorium

243 1415 252 1472 l
285 1443 371 1480 meum
387 1427 496 1496 piscari:
521 1443 603 1496 quare
620 1429 642 1482 si
660 1427 720 1496 quis
736 1427 918 1496 prohibeatur,
941 1429 1029 1480 adbuc
1046 1429 1086 1480 in-

247 1501 251 1558 }
285 1495 412 1546 iuriarum
428 1495 471 1564 agi
487 1501 583 1564 potest.
608 1497 636 1548 in
652 1495 715 1548 lacu
731 1501 829 1558 tamen,
848 1495 894 1564 qui
909 1495 962 1548 mei
979 1493 1086 1550 dominii

284 1567 332 1626 est,
350 1561 440 1630 utique
456 1561 571 1630 piscari³
588 1563 702 1630 aliquem
718 1561 860 1630 prohibere
877 1567 994 1630 possum.

321 1627 358 1684 14
376 1629 493 1684 Pronus
507 1633 574 1684 libro
593 1631 670 1682 tertio
688 1629 790 1682 deciano
808 1629 844 1682 aci
856 1629 992 1684 Plautium
1017 1629 1086 1684 8111

285 1695 308 1750 11
325 1691 556 1766 marii'p'idprium
572 1697 614 1750 ius
632 1697 666 1750 ad
679 1695 794 1762 aliquem
810 1697 950 1764 pertineat,
968 1695 1008 1748 uti
1023 1711 1086 1762 pos·

285 1765 375 1818 sidetis
396 1765 565 1830 interdictum
587 1765 612 1816 ei
635 1763 774 1832 competit,
805 1763 828 1816 si
850 1765 1023 1832 prohibeatur
1045 1765 1086 1818 ius

285 1849 361 1886 suum
383 1847 518 1898 exercere,
547 1831 671 1898 quoniam
694 1831 729 1884 ad
755 1831 884 1900 privatam
903 1831 957 1884 iarn
979 1847 1086 1886 causam

284 1899 411 1966 pertinet,
439 1915 494 1952 non
510 1897 545 1950 ad
560 1897 695 1966 publicam
712 1899 780 1954 haec
797 1915 847 1962 res,
865 1905 958 1966 utpote
976 1915 1035 1952 cum
1055 1899 1087 1952 de

284 1969 342 2020 iure
359 1967 471 2020 fruendo
489 1969 591 2032 agatur,
609 1965 695 2032 quodt
714 1981 746 2020 ex
762 1967 867 2034 privata
884 1981 966 2020 causa
984 1965 1086 2032 contin-

250 2071 258 2086 .
283 2039 340 2102 gat,
367 2047 421 2086 non
448 2033 636 2100 expumicat
673 2033 708 2086 ad
733 2035 851 2102 privatas
879 2035 949 2086 enim
974 2035 1087 2088 (causass

284 2101 483 2156 accommodata
499 2101 641 2154 interdicta
657 2107 731 2168 suut,
749 2119 803 2158 non
821 2101 855 2156 ad
872 2101 1002 2170 publicas.

243 2203 249 2218 =.
320 2167 357 2226 15
386 2167 530 2224 Ucrrrrcs
553 2169 620 2224 libro
649 2171 894 2250 seprcapeurtmot
909 2173 1034 2248 reprimo
1052 2167 1089 2222 ud

283 2239 396 2292 edr'etum
433 2239 500 2290 Item
526 2235 597 2308 apud
622 2237 775 2292 Labeonem
804 2243 951 2306 quaeritur,
980 2255 1005 2292 sr
1028 2237 1086 2306 quis

283 2311 396 2360 mentem
413 2305 525 2358 alicuius
542 2305 735 2358 medicamento
752 2307 838 2360 aliove
856 2321 908 2374 quo
926 2305 1086 2368 alienaverit,

283 2389 318 2428 an
332 2373 487 2428 iniuriarum
505 2371 574 2426 actio
593 2373 680 2426 locum
694 2373 812 2428 baberet.
837 2379 864 2426 et
878 2373 915 2426 ait
932 2373 1087 2426 iniuriarum

287 2449 292 2494 t
332 2441 457 2494 adversus
473 2455 532 2494 cum
545 2439 589 2506 agi
605 2455 693 2506 posse.
719 2439 824 2506 Siquis
841 2439 965 2508 pulsatus
983 2441 1087 2508 quidem

284 2525 336 2562 non
353 2513 400 2572 est,
419 2523 509 2560 verum
522 2521 614 2560 manus
629 2507 757 2560 adversus
773 2523 833 2562 eum
846 2509 949 2562 levatae
966 2515 993 2560 et
1009 2521 1087 2588 saepe

284 2575 390 2630 territus
419 2575 495 2642 quasi
524 2575 710 2642 vapulaturus,
743 2591 797 2628 nou
824 2581 913 2628 tamen
943 2581 1086 2644 percussit:

284 2649 297 2694 2
332 2641 391 2696 utili
407 2641 563 2696 iniuriarum
577 2641 682 2696 actione
696 2647 809 2696 tenetur.
836 2641 882 2696 Ait
895 2647 1014 2710 praetor:
1034 2641 1088 2712 ‘qui

284 2711 417 2764 'adversus
433 2711 517 2764 bonos
535 2725 621 2764 mores
641 2711 786 2764 convicium
806 2709 849 2764 cui
868 2709 963 2764 fecisse
980 2709 1088 2766 cuiusve

284 2785 374 2848 ‘opera
401 2777 501 2832 factum
531 2793 589 2832 esse
620 2777 735 2844 dicetur,
762 2795 813 2848 qno
848 2779 974 2832 adversus
1003 2779 1087 2834 bones

283 2859 378 2900 'mores
404 2845 549 2900 convicium
578 2845 666 2900 fieret:
698 2845 726 2898 in
753 2863 813 2900 eum
844 2845 972 2900 iudicium
1000 2845 1086 2902 dabc'.

284 2919 330 2968 34
366 2913 519 2968 convicium
535 2913 659 2968 iniuriam
677 2929 734 2968 esse
751 2913 843 2968 Labeo
860 2913 906 2968 ait.
936 2913 1088 2968 Genucium

283 2987 371 3036 autem
398 2981 495 3036 dicitur
516 2981 557 3034 vel
580 2997 597 3034 a
620 2983 797 3036 concitatione
818 2981 859 3036 vel
889 2997 905 3034 a
930 2983 1087 3048 convertat,

283 3051 333 3104 boc
359 3055 400 3104 est
425 3065 441 3102 a
467 3049 608 3104 collatione
633 3065 735 3104 vocum.
773 3067 832 3104 cum
858 3049 926 3102 enirn
952 3049 979 3102 in
1005 3065 1089 3104 unum

283 3117 430 3186 complures
452 3133 530 3172 voces
554 3117 738 3182 conferuntur,
770 3117 914 3190 convicium
938 3119 1089 3186 appellatur

283 3191 296 3238 5
332 3187 408 3254 quasi
431 3187 593 3240 convocium.
629 3187 682 3240 Sed
705 3185 776 3252 quod
792 3185 906 3240 adicitur
923 3201 941 3238 a
963 3191 1087 3266 praetore

283 3253 417 3308 ‘adversus
430 3255 516 3308 bonos
531 3255 625 3308 nrores’
645 3253 762 3308 ostendit
777 3271 832 3308 uon
845 3269 949 3308 omnem
962 3271 990 3306 ru
1005 3271 1086 3308 unum

283 3323 405 3376 collatam
421 3321 636 3376 vociferationem
659 3325 809 3390 praetorem
827 3327 932 3386 notare,
956 3321 1086 3388 sedeam,

283 3405 350 3460 quae
365 3391 442 3444 bonis
455 3391 573 3444 moribus
588 3391 756 3458 improbatur
770 3405 889 3510 quaepue
904 3391 939 3444 ad
951 3389 1088 3444 infamiam

283 3465 297 3510 a·
332 3459 374 3512 vel
391 3457 514 3512 invidiam
532 3457 644 3512 alicuius
662 3463 803 3526 spectaret.
854 3457 912 3512 dem
929 3457 967 3512 ait
986 3457 1084 3514 ‘adver-

284 3529 337 3580 ‘sus
355 3527 440 3580 bonos
454 3527 549 3580 mores'
564 3525 605 3580 sic
617 3525 802 3596 accipiendum
817 3527 939 3580 11111111
956 3529 1002 3594 qui
1015 3527 1086 3594 fecit,

281 3593 329 3646 sed
350 3595 510 3660 generaliter
531 3593 715 3660 accipiendum
742 3593 868 3646 adversus
892 3595 978 3648 bonos
1001 3609 1087 3650 mores

282 3667 295 3712 1
329 3661 409 3716 huius
427 3661 547 3716 civitatis.
584 3661 737 3716 convicium
755 3677 809 3714 non
824 3667 928 3714 tantum
945 3661 1087 3730 praesenti,

253 3745 254 3748 ¹
281 3745 372 3784 verum
404 3729 509 3786 absenti
539 3745 645 3800 quoque
674 3729 732 3784 fieri
763 3745 842 3796 posse
868 3729 959 3784 Labeo
986 3729 1087 3784 scribit.

281 3797 393 3868 proinde
416 3799 439 3852 si
462 3799 520 3866 quis
538 3799 572 3852 ad
590 3799 696 3852 domum
713 3803 786 3850 tuam
803 3797 903 3852 venerit
925 3805 951 3850 tc
969 3799 1088 3864 absente,

282 3865 428 3920 convicium
446 3865 546 3920 factum
565 3879 622 3922 esse
641 3865 745 3920 dicitur.
771 3865 841 3920 idem
859 3871 886 3920 et
902 3865 927 3920 si
943 3865 978 3918 ad
995 3867 1088 3920 statio-

282 3949 342 3988 nem
370 3935 411 3988 vel
440 3935 578 3988 tabernam
606 3939 714 3988 ventum
743 3935 790 3998 sit,
820 3933 929 4004 probari
956 3937 1087 4002 oportere.

283 4009 297 4058 8
332 4003 440 4058 Fecisse
470 4003 616 4058 convicium
645 4019 699 4056 uon
722 4007 826 4054 tautum
852 4003 875 4058 is
897 4001 1013 4066 videtur,
1043 4003 1088 4072 qui

282 4069 441 4126 vociferatus
458 4077 513 4138 est,
538 4087 629 4126 verum
646 4071 668 4126 is
687 4085 803 4138 quoquc,
830 4069 875 4140 qni
892 4069 1036 4124 concitavit
1054 4071 1089 4126 ad

281 4139 498 4194 vociferationem
521 4139 587 4192 alios
604 4139 647 4192 vel
664 4141 710 4208 qui
733 4139 878 4192 summissit
894 4145 924 4192 ut
941 4139 1086 4192 vociferen-

283 4213 297 4260 9
332 4213 384 4260 tur.
420 4207 486 4260 ‘Oui'
508 4223 562 4260 uon
579 4207 636 4262 sine
654 4221 735 4260 causa
758 4207 889 4260 adiectum
906 4211 959 4260 est:
986 4207 1088 4260 namsi

283 4273 401 4330 incertae
416 4289 547 4342 personae
565 4273 711 4328 1111111111
728 4273 783 4338 fiat,
808 4273 882 4328 nulla
899 4273 1020 4328 executio
1038 4279 1087 4328 est.

285 4347 315 4396 to
350 4343 377 4396 81
403 4341 534 4396 curaverit
563 4341 621 4410 quis
651 4341 799 4396 convicium
825 4341 905 4396 alicui
932 4341 1002 4404 fieri,
1034 4357 1088 4396 uon

284 4415 312 4464 11
348 4415 438 4462 tamen
454 4407 556 4462 factum
573 4409 615 4474 sit,
638 4425 692 4462 non
708 4411 849 4462 tenebitur.
884 4411 928 4462 Ex
944 4409 986 4462 his
1004 4425 1087 4530 appa-

282 4483 323 4532 ret
343 4493 398 4532 uon
420 4489 498 4530 omne
519 4477 689 4530 maledictum
719 4477 864 4532 convicium
887 4493 958 4532 esse:
990 4493 1019 4532 se
1061 4477 1089 4532 id

285 4551 315 4600 12
349 4546 447 4608 solum,
471 4543 542 4612 quod
560 4561 619 4598 cum
637 4543 825 4600 vociferatione
844 4545 943 4598 dictum
963 4549 1016 4610 est,
1034 4545 1089 4600 sive

282 4629 351 4668 unus
369 4615 422 4668 sive
439 4613 528 4680 plures
546 4611 673 4678 dixerint,
693 4613 764 4680 quod
780 4613 808 4668 iu
827 4619 904 4666 coctu
921 4611 1022 4666 11111111
1039 4619 1087 4680 cst,

283 4681 429 4734 convicium
452 4687 506 4734 est:
531 4681 602 4748 quod
625 4685 715 4734 autern
732 4697 786 4734 non
803 4681 831 4732 in
855 4685 933 4734 coctu
949 4695 999 4734 nec
1016 4681 1087 4734 voci-

281 4749 411 4804 feratione
428 4747 533 4810 dicitur,
551 4747 699 4800 convicium
716 4765 770 4802 nou
788 4749 894 4816 proprie
911 4747 1023 4822 dicitur,
1041 4749 1088 4804 sed

284 4821 314 4870 13
347 4815 494 4870 infamandi
517 4831 598 4870 causa
626 4815 734 4870 dictum.
775 4817 821 4870 tiii
849 4815 906 4882 quis
937 4815 1087 4882 astrologus

282 4883 324 4938 rel
350 4885 395 4952 1111
419 4885 564 4952 11111111110
588 4883 708 4938 illicitam
734 4883 921 4936 divinationem
944 4883 1087 4952 pollicetur

284 4951 419 5006 consultus
443 4953 557 5020 abquem
578 4951 665 5004 iurem
689 4951 810 5018 dixisset,
829 4951 874 5020 qui
890 4967 945 5004 uon
962 4957 1028 5014 erat,
1046 4951 1086 5004 in-

281 5017 408 5072 iuriarum
426 5035 486 5074 cunr
507 5035 538 5074 eo
563 5019 605 5086 agi
621 5035 675 5072 non
692 5025 795 5086 potest,
819 5019 866 5074 sed
884 5019 1085 5074 constitutiones

285 5091 315 5140 14
350 5101 395 5140 eos
407 5091 505 5140 tenent.
536 5083 791 5154 [11111111111111
811 5103 843 5140 ex
861 5085 978 5140 convicio
998 5087 1085 5140 nasci-

281 5159 337 5218 tur,
362 5153 390 5206 in
411 5153 522 5208 heredes
539 5167 594 5206 non
614 5157 655 5206 est
671 5153 821 5208 reddenda:
846 5153 893 5208 scd
914 5167 963 5206 nec
986 5153 1085 5206 heredi.

285 5227 314 5272 15
350 5221 601 5290 9811111111111111
620 5221 795 5290 appellasset,
820 5221 843 5278 si
860 5227 948 5274 tamen
966 5221 1087 5276 ancillari

282 5289 489 5354 venerantibus,
512 5289 598 5344 minus
615 5303 728 5356 peecare
745 5289 861 5344 videtur:
885 5289 968 5344 multo
990 5287 1085 5356 minus,

282 5355 305 5410 si
320 5355 471 5410 meretricia
486 5363 559 5410 veste
575 5355 703 5422 feminac,
724 5373 779 5412 non
795 5361 909 5412 matrum
926 5355 1086 5418 familiarum

286 5473 322 5480 -

282 5531 311 5592 (1)
329 5525 385 5592 hoc]
399 5525 540 5578 locumrnr.
611 5529 642 5588 (1)
659 5525 802 5590 prohiberis
816 5527 843 5576 F
908 5529 939 5590 (3)
957 5527 1090 5590 piscarei'
1136 5527 1302 5578 Leaoctcvr'ac

924 5597 958 5660 (a)
976 5609 1050 5644 causa
1066 5595 1092 5646 F
1136 5597 1180 5656 (tal
1198 5593 1350 5660 adtemptare
1361 5595 1406 5644 del.

281 5601 314 5662 (1)
332 5611 382 5662 quo
396 5597 422 5646 F
491 5595 524 5658 (1)
541 5599 672 5660 utpote
688 5593 789 5660 publica
804 5595 850 5644 del.

282 5671 314 5726 (1)
332 5661 674 5730 qoinquagesimcsrtutriap
740 5665 773 5724 (8)
792 5665 914 5714 concentu
926 5663 1086 5728 Concepieter

1136 1163 1166 1210 ut
1183 1159 1273 1212 Labeo
1292 1159 1336 1220 ait,
1358 1173 1412 1212 nou
1430 1159 1475 1227 qui
1492 1157 1624 1212 abducere
1642 1159 1764 1214 comitem
1781 1159 1875 1226 coepit,
1893 1159 1938 1214 sed

1139 1229 1168 1278 18
1204 1225 1249 1294 111
1265 1225 1386 1294 perfecit,
1405 1231 1435 1278 ut
1452 1229 1692 1280 111111111111111
1710 1241 1764 1280 non
1778 1231 1856 1280 esset.
1883 1227 1938 1280 Ab·

1136 1291 1243 1348 11111111
1267 1297 1356 1346 autem
1378 1307 1432 1346 non
1454 1299 1559 1346 tantum
1574 1293 1598 1348 is
1614 1293 1730 1358 ridetur,
1755 1295 1800 1362 qui
1820 1309 1867 1362 per
1889 1293 1939 1348 vim

1136 1359 1258 1426 abduxit,
1281 1375 1374 1414 verum
1390 1359 1413 1412 is
1432 1375 1550 1428 quoque,
1575 1361 1620 1428 qui
1637 1361 1770 1430 persuasit
1787 1361 1888 1426 comiti,
1910 1369 1939 1414 ut

1139 1431 1168 1480 19
1205 1441 1262 1480 eam
1280 1427 1422 1480 desereret.
1457 1427 1575 1480 Tenetur
1592 1429 1643 1482 hcc
1660 1429 1746 1494 edicto
1767 1431 1939 1484 non'tantum

1136 1495 1182 1562 qui
1204 1495 1326 1548 comitem
1348 1495 1473 1560 abduxit,
1501 1509 1592 1548 verum
1619 1495 1698 1550 etiam
1721 1495 1744 1548 si
1767 1495 1826 1564 quis
1849 1511 1938 1550 eorum

1137 1567 1168 1614 nc
1203 1579 1281 1628 quem
1305 1561 1492 1630 appellavisset
1511 1561 1697 1618 adsectatnsve
1714 1567 1761 1618 est.
1797 1563 1938 1630 Appellare

1137 1633 1178 1682 est
1201 1629 1300 1682 blanda
1322 1629 1441 1682 oratione
1464 1629 1572 1682 alterius
1589 1631 1745 1698 pudicitiam
1762 1629 1848 1682 adtem
1868 1635 1938 1684 tare:

1136 1695 1187 1750 hoc
1208 1697 1278 1750 enim
1301 1711 1355 1750 non
1379 1645 1939 1764 1111111111ῑῖ,1111111111111111

1136 1767 1165 1816 21
1202 1779 1290 1818 mores
1314 1763 1518 1832 adtemptare¹³.
1558 1765 1609 1832 Qui
1631 1765 1755 1845 turpibus
1779 1765 1872 1822 verbis,
1888 1765 1938 1818 uti·

1136 1837 1188 1896 tur,
1207 1847 1261 1884 nou
1277 1835 1392 1898 temptat
1408 1831 1570 1898 pudicitiam,
1589 1831 1642 1886 sed,
1652 1831 1809 1886 iniuriarum
1826 1837 1938 1886 tenetur.

1137 1903 1168 1950 22
1203 1899 1286 1952 Aliud
1307 1903 1349 1952 cst
1365 1899 1512 1966 appellare,
1535 1899 1609 1952 aliud
1626 1899 1800 1954 adsectari¹iz
1824 1901 1941 1966 appellat

1137 1965 1213 2032 enim,
1232 1967 1277 2032 qui
1293 1981 1414 2020 sermone
1431 1965 1586 2032 pudicitiam
1603 1967 1757 2034 adtemptat,
1779 1967 1939 2034 adsectator,

1137 2033 1183 2102 qui
1195 2033 1293 2086 tacitus
1305 2033 1458 2100 frequenter
1469 2035 1602 2100 sequitur:
1617 2033 1729 2088 adsiduo
1739 2035 1759 2068 ¹⁵
1775 2035 1874 2086 11111111θ
1888 2033 1940 2088 fre·

1136 2105 1168 2156 23
1204 2101 1313 2168 quentia
1327 2101 1404 2168 quasi
1418 2101 1530 2170 praehet
1543 2101 1699 2156 nonnullam
1713 2101 1857 2154 infamiam.
1884 2101 1940 2160 Me-

1136 2167 1243 2224 minisse
1260 2173 1350 2222 autem
1368 2167 1502 2236 oportebit
1517 2185 1572 2222 non
1590 2185 1706 2234 omnem,
1729 2169 1775 2236 qui
1791 2169 1941 2226 adsectatus

1138 2245 1186 2302 est,
1204 2251 1254 2290 nec
1271 2251 1384 2302 omnem,
1403 2235 1449 2304 qui
1466 2237 1617 2304 appellavit,
1634 2237 1687 2290 hoc
1706 2237 1791 2290 edicto
1810 2237 1941 2294 conveniri

1137 2321 1215 2374 posse
1232 2309 1327 2372 (neque
1346 2305 1416 2356 euim
1433 2305 1456 2358 si
1473 2303 1532 2372 quis
1550 2305 1715 2368 colludeudi‚
1737 2305 1761 2358 si
1783 2305 1840 2374 quis
1862 2305 1942 2360 officii

1129 2375 1248 2434 ¹honeste
1270 2371 1386 2426 faciendi
1406 2371 1492 2440 gratia
1514 2371 1542 2426 id
1562 2371 1641 2438 facit,
1666 2373 1755 2434 statim
1777 2373 1804 2426 in
1828 2371 1940 2432 edictum

1136 2441 1230 2494 incidit
1239 2443 1283 2506 ¹⁷),
1312 2439 1359 2494 sed
1386 2441 1433 2508 qui
1460 2445 1554 2494 contra
1579 2439 1663 2494 honos
1684 2455 1771 2494 mores
1793 2441 1845 2496 hoc
1868 2441 1941 2494 iacit.

1137 2513 1170 2560 21
1204 2507 1338 2574 Sponsmn
1365 2521 1471 2576 quoque
1496 2507 1531 2560 ad
1556 2507 1714 2562 iniuriarum
1740 2509 1941 2560 1111111111-

1137 2575 1294 2628 mittendum
1307 2581 1388 2644 puto:
1407 2575 1503 2628 etenim
1517 2581 1623 2644 spectat
1637 2575 1672 2630 ad
1686 2575 1873 2632 contumeliam
1886 2577 1942 2630 eius

1138 2647 1169 2696 25
1204 2641 1311 2706 iniuria,
1329 2657 1515 2710 quaecumque
1525 2657 1641 2712 sponsae
1653 2643 1710 2698 eius
1724 2643 1780 2698 fiat.
1805 2643 1851 2696 Ait
1865 2659 1941 2712 prae-

1137 2715 1193 2766 tor:
1212 2715 1254 2764 ‘ne
1272 2709 1336 2778 quid
1352 2709 1499 2764 infamandi
1517 2725 1599 2766 causa
1616 2709 1671 2764 fiat.
1700 2711 1800 2780 siquis
1817 2713 1942 2766 adversus

1138 2777 1297 2846 ι1111111111,
1315 2783 1397 2846 prout
1414 2791 1533 2848 quaeque
1550 2793 1594 2834 res
1612 2779 1670 2844 erit,
1688 2779 1940 2840 111111111111111’’11

1138 2849 1170 2900 26
1202 2845 1263 2900 Η11
1275 2845 1391 2900 edictum
1403 2861 1599 2914 supervacuum
1610 2863 1668 2902 esse
1680 2845 1771 2902 Labeo
1783 2847 1828 2912 ait,
1846 2847 1943 2916 quippe

1138 2929 1197 2968 cum
1224 2929 1258 2968 ex
1286 2913 1403 2982 generali
1427 2915 1584 2968 iniuriarum
1605 2929 1683 2982 agere
1707 2929 1856 2982 possumus.
1897 2913 1943 2968 sed

1136 2981 1242 3036 videtur
1263 2987 1292 3036 et
1306 2981 1364 3050 ‘ipsi
1380 2983 1500 3036 Labeoni
1521 2985 1559 3050 (et
1580 2983 1619 3036 ita
1641 2997 1670 3036 se
1686 2983 1778 3048 habet)
1794 2989 1942 3052 praetorem

1138 3051 1247 3104 eandem
1262 3065 1372 3104 causam
1386 3055 1506 3104 secutum
1519 3049 1635 3104 voluisse
1650 3049 1731 3104 etiarn
1745 3049 1895 3118 specialiter
1912 3049 1943 3102 de

1138 3133 1170 3172 ea
1184 3133 1213 3172 re
1226 3117 1312 3184 loqui:
1332 3133 1364 3170 ea
1378 3117 1456 3184 enim,
1475 3133 1544 3186 quae
1557 3119 1711 3190 notabiliter
1724 3117 1801 3184 fiunt,
1818 3117 1869 3172 nisi
1883 3133 1943 3186 spe·

1139 3189 1169 3238 21
1205 3185 1308 3240 cialiter
1328 3189 1467 3250 notentur,
1488 3185 1611 3240 videntur
1634 3187 1710 3256 quasi
1728 3185 1855 3240 neclecta.
1891 3187 1941 3238 tie-

1137 3253 1262 3308 11111111
1284 3253 1368 3306 vetuit
1388 3259 1496 3322 praetor
1518 3253 1582 3322 quid
1608 3253 1642 3306 ad
1668 3253 1803 3306 infamiam
1831 3253 1942 3306 alfordus

1136 3319 1201 3376 lieri.
1236 3319 1349 3390 proinde
1372 3321 1555 3390 quodcumque
1579 3321 1638 3388 quis
1661 3319 1756 3376 iecerit
1777 3323 1819 3376 vel
1841 3319 1942 3384 dixerit,

1137 3395 1168 3442 ut
1185 3391 1266 3442 alium
1282 3387 1401 3456 infamet,
1420 3391 1470 3442 erit
1487 3389 1557 3444 actio
1574 3389 1738 3442 iniuriarum.
1772 3391 1838 3444 haec
1856 3393 1944 3442 autem

1137 3457 1194 3514 iere
1211 3464 1287 3522 sunt,
1309 3473 1377 3526 quae
1394 3459 1429 3512 ad
1445 3457 1581 3512 infamiam
1598 3457 1710 3512 ahcuius
1726 3457 1809 3512 fiunt:
1823 3465 1862 3512 ¹ut
1878 3461 1944 3526 puta

1138 3527 1173 3580 ad
1193 3525 1319 3580 invidiam
1342 3527 1455 3580 11111111
1478 3533 1550 3580 veste
1571 3527 1679 3594 lugubri
1698 3527 1782 3580 utitur
1799 3531 1847 3580 aut
1864 3541 1943 3592 squa-

1137 3593 1204 3658 lida,
1229 3599 1276 3648 aut
1299 3595 1322 3648 si
1344 3593 1457 3646 barbam
1474 3595 1594 3648 demittat
1610 3593 1653 3648 rel
1669 3595 1779 3664 capillos
1796 3593 1942 3656 submittat,

1138 3667 1185 3726 aut
1202 3661 1225 3716 si
1243 3675 1349 3716 carmen
1367 3661 1577 3718 conscribat'vel
1589 3667 1722 3730 proponat
1736 3661 1778 3716 vel
1791 3667 1881 3716 cantet
1895 3659 1943 3714 ali-

1139 3733 1170 3784 28
1206 3729 1290 3796 quod,
1315 3729 1533 3800 quodpudorem
1550 3729 1664 3784 ahcuius
1680 3729 1777 3784 laedat.
1813 3729 1890 3798 Quod
1907 3727 1944 3782 ait

1138 3803 1260 3866 praetor:
1284 3799 1317 3854 ‘si
1340 3799 1399 3864 quis
1418 3799 1543 3854 adversus
1560 3813 1594 3852 ea
1610 3797 1718 3864 iecerit,
1741 3805 1821 3868 prout
1838 3811 1944 3868 quaqua

1139 3873 1176 3920 ‘re
1199 3865 1288 3930 111111,
1311 3865 1536 3930 animadvertam’,
1560 3865 1599 3920 sic
1616 3865 1820 3934 intellegendum
1837 3871 1890 3930 cst,
1914 3867 1944 3918 ut

1137 3931 1241 4002 plenior
1268 3937 1339 3998 esset
1364 3933 1495 4000 praeteris
1523 3931 1727 3998 animadversio,
1757 3933 1786 3988 id
1815 3939 1856 3988 est
1884 3933 1944 3988 111ο

1139 4001 1323 4068 quodcumque
1346 4015 1406 4054 curn
1430 4001 1541 4054 moverit
1566 4003 1608 4054 vel
1634 4001 1662 4054 in
1684 4017 1799 4070 persona
1820 4001 1877 4056 eius
1900 3997 1944 4072 qui

1139 4069 1193 4138 agit
1213 4069 1371 4124 iniuriarum
1394 4069 1556 4124 actionem²1
1578 4069 1620 4124 vel
1641 4069 1698 4124 cius
1719 4069 1845 4124 adversus
1867 4083 1944 4138 quem

1138 4137 1226 4206 agitur
1241 4139 1284 4192 vel
1301 4137 1381 4192 etiam
1397 4139 1426 4192 11
1438 4153 1469 4190 11
1482 4139 1550 4204 ipsa,
1567 4137 1596 4190 in
1611 4135 1739 4204 qualitate
1753 4137 1873 4204 iniuriae,
1891 4151 1944 4190 non

1139 4209 1170 4258 29
1205 4205 1298 4258 audiat
1321 4221 1383 4258 enm
1406 4205 1452 4286 qui
1473 4205 1535 4274 agit.
1571 4205 1600 4260 Si
1623 4207 1681 4272 quis
1704 4205 1794 4260 libello
1817 4205 1880 4258 dato
1904 4201 1944 4256 vel

1136 4271 1250 4342 principi
1267 4273 1309 4328 vel
1326 4273 1363 4326 ali
1380 4289 1424 4326 cur
1439 4273 1539 4326 famam
1556 4273 1669 4330 alienam
1686 4273 1831 4326 insectatus
1854 4273 1941 4332 fuerit,

1139 4345 1170 4394 30
1204 4339 1362 4394 iniuriarum
1379 4341 1430 4394 erit
1446 4339 1590 4408 agendum:
1608 4339 1773 4408 Papinianus
1790 4341 1836 4394 ait.
1871 4339 1943 4394 Idem

1138 4409 1176 4462 ait
1193 4423 1261 4474 eum,
1280 4409 1326 4476 qui
1343 4415 1464 4462 eventum
1482 4407 1630 4462 sententiae
1647 4409 1719 4462 velut
1735 4407 1845 4462 daturus
1862 4423 1943 4476 pecu-

1138 4477 1209 4530 niam
1220 4477 1346 4540 vendidit,
1356 4475 1472 4530 fustibus
1484 4491 1500 4528 a
1511 4475 1633 4558 praeside
1646 4477 1680 4530 ob
1693 4477 1745 4530 hoc
1758 4477 1915 4542 castigatum
1922 4475 1944 4508 ²²

1137 4543 1296 4598 iniuriarum
1319 4543 1473 4598 damnatum
1494 4543 1590 4598 arderi:
1614 4545 1707 4612 utique
1727 4549 1848 4598 autema
1868 4547 1944 4612 paret

1138 4613 1210 4666 hunc
1226 4611 1352 4664 iniuriam
1369 4613 1395 4666 ci
1411 4611 1514 4678 iecisse,
1533 4611 1610 4666 cuins
1624 4611 1779 4666 senteutiam
1793 4627 1841 4664 ven
1862 4611 1942 4664 tavit.

1139 4683 1168 4732 31
1205 4677 1234 4732 81
1252 4679 1311 4746 quis
1328 4681 1400 4734 bona
1415 4679 1527 4734 alicuius
1541 4679 1584 4732 vel
1598 4693 1654 4732 rem
1667 4693 1748 4732 unam
1761 4695 1809 4748 per
1823 4679 1944 4732 iniuriam

1139 4751 1170 4800 32
1206 4747 1389 4816 occupaverit,
1401 4747 1558 4806 iniuriarum
1576 4747 1680 4800 actione
1697 4753 1810 4800 tenetur.
1837 4747 1903 4798 Item
1922 4745 1944 4800 si

1138 4815 1197 4882 quis
1214 4815 1310 4882 pignus
1327 4815 1514 4882 proscripserit
1529 4813 1698 4882 venditurus,
1718 4819 1852 4882 tamquam
1870 4831 1887 4866 a
1903 4827 1943 4866 me

1138 4885 1284 4950 acceperit,
1306 4881 1455 4936 1111111111
1470 4881 1523 4936 mei
1540 4897 1636 4948 causa,
1655 4883 1762 4936 Servius
1779 4881 1818 4936 ait
1833 4881 1943 4936 iniuria·

1138 4953 1170 5004 33
1204 4965 1263 5004 rum
1286 4951 1331 5018 agi
1352 4965 1440 5020 posse.
1482 4949 1511 5004 81
1535 4951 1593 5020 quis
1616 4967 1671 5004 uon
1697 4949 1842 5004 debitorem
1869 4947 1944 5018 quasi

1137 5017 1281 5072 debitorem
1301 5017 1474 5086 appellaverit
1489 5017 1602 5072 iniuriae
1619 5017 1736 5072 faciendi
1756 5033 1850 5082 causa,
1874 5017 1944 5070 iniu-

1138 5089 1170 5138 34
1204 5083 1306 5138 riarum
1322 5091 1436 5138 tenetur.
1472 5085 1585 5140 Praetor
1601 5085 1653 5140 ait:
1678 5083 1862 5164 ι(1111111111
1880 5083 1943 5138 alie-

1138 5155 1209 5206 ‘num
1226 5151 1353 5206 adversus
1370 5154 1456 5232 bcnqs
1473 5167 1560 5206 mores
1575 5153 1756 5206 verberausse
1773 5149 1837 5206 deve
1855 5167 1887 5206 eo
1904 5151 1943 5206 in·

1137 5219 1221 5274 ‘iussn
1238 5219 1337 5272 domini
1354 5221 1536 5290 quaestionem
1552 5221 1679 5274 habuisse
1697 5217 1811 5286 dicetur,
1832 5219 1861 5272 in
1883 5233 1943 5274 eum

1129 5287 1272 5342 .‘iudicium
1286 5287 1365 5342 daho.
1390 5289 1455 5342 item
1472 5289 1496 5342 si
1512 5287 1576 5356 quid
1592 5287 1666 5342 aliud
1682 5285 1783 5340 factum
1799 5301 1857 5342 esse
1873 5287 1943 5342 diee-

1137 5359 1170 5410 35
1205 5359 1271 5420 tur,
1295 5371 1378 5410 causa
1395 5353 1501 5424 cognita
1517 5355 1643 5410 iudicium
1660 5353 1748 5410 dabc’.
1784 5353 1887 5423 Siquis
1906 5355 1944 5410 sic

1411 5527 1452 5590 (11)
1472 5543 1500 5578 ea
1513 5527 1567 5578 edd.
1676 5529 1720 5594 (11)
1739 5527 1819 5580 facero
1833 5533 1890 5580 add.
1908 5531 1944 5582 W

1489 5595 1532 5658 (11)
1549 5593 1709 5648 adsectareF
1781 5601 1823 5660 (15)
1841 5599 1944 5650 adsiduo

1137 5665 1191 5714 edd.
1256 5665 1302 5728 (rc)
1321 5663 1413 5714 etenim
1423 5661 1461 5714 Fr
1526 5665 1572 5728 (11)
1589 5665 1714 5718 11111111Ἰ
1770 5669 1815 5734 (11)
1832 5669 1943 5720 ammad-

282 5737 316 5800 (9)
336 5743 384 5796 §14
393 5731 557 5786 collocandum
572 5733 1086 5792 1111119111111111111151111111111-
1136 5733 1249 5782 renarra
1330 5731 1375 5796 (19)
1393 5747 1439 5798 pro
1448 5745 1547 5796 quaqua
1555 5749 1583 5784 re
1591 5739 1620 5786 ut
1629 5735 1678 5788 erit
1688 5755 1735 5788 scr.
1821 5737 1870 5802 (20)
1889 5737 1945 5790 etr

285 5803 801 5870 1111111111τί111111111111111111111111
867 5803 910 5864 (lc)
929 5799 1085 5864 aliamquam

1137 5803 1181 5862 (11)
1199 5801 1360 5854 actioneedd.
1430 5801 1478 5866 (11)
1496 5803 1667 5868 castigatan
