4366 6258
280 361 479 426 XXXHII4

281 529 744 674 naamathitis
755 531 1089 652 cristatum

281 619 376 718 iiherto
393 667 488 730 postea
503 677 553 730 per
569 661 726 728 epistulam²
743 665 810 718 alias
820 663 900 716 etiam
915 677 959 716 res
971 661 1087 728 donavit,

281 733 309 784 in
327 729 423 796 quibus
441 729 475 782 de
491 727 552 784 Seia
569 733 597 780 et
611 727 751 796 Pamphilo
767 731 807 784 ita
823 733 864 782 est
881 727 983 782 locuta:
999 725 1088 780 ‘Traia

281 793 345 850 ’τοῖς
361 793 537 864 κληρονόμοις
551 811 605 862 μου
620 799 731 868 χαίρειν.
761 793 894 864 βούλομαι
910 799 1009 862 βέβαιοι
1020 793 1089 848 εἶναι

280 859 324 914 ‘cd
340 857 545 932 ὑποτεταγμένα,
566 853 617 912 ὅσα
634 863 747 932 ἔφθασα
764 863 800 916 ais
815 859 847 912 τὸ
860 857 947 928 ὄνομα
962 859 996 914 τὸ
1007 865 1088 928 Παμ-

280 925 373 998 ‘plico
389 931 573 992 πεποιηκέναι.
603 925 651 982 ἐὰν
666 931 735 982 Seia
753 925 770 994 ἡ
788 925 938 1000 οήντροφόο
953 949 1006 998 μου
1023 927 1087 994 κλη-

280 991 405 1068 ρονόμοι
426 991 472 1062 μὴ
485 997 606 1066 γένηται,
632 995 660 1058 ἐξ
682 985 714 1048 οὗ
734 1001 855 1068 γέγραφα
885 989 968 1062 αὐτὴν
987 1001 1088 1066 μέρους,

281 1057 423 1130 ‘floridorum
440 1053 506 1132 αι’νιῇ
524 1057 645 1128 δοθῆναι
663 1063 714 1130 τὴν
731 1061 872 1132 ούγκτηοιν
887 1061 939 1130 τὴν
954 1067 1016 1136 περὶ
1034 1069 1088 1116 Κο-

280 1121 413 1192 ‘idmst
452 1129 601 1208 quaesitum
626 1135 680 1198 est,
707 1147 767 1186 oum
787 1129 849 1184 Saia
872 1129 969 1186 liberta
991 1131 1089 1186 omissa

302 1201 360 1250 arte
376 1195 531 1252 hereditatis
549 1197 574 1252 ei
590 1203 749 1254 testamento
763 1195 942 1264 adscriptaex
960 1199 1088 1254 codicillis

282 1213 519 1332 ideicommssum,
535 1265 612 1322 idest
621 1267 762 1336 otyarqow
776 1263 848 1318 circa
857 1265 983 1334 Colonen,
1001 1267 1088 1336 eligat,

283 1349 324 1400 an,
343 1331 366 1386 si
383 1331 538 1402 Pamphilus
555 1351 589 1390 cx
606 1349 688 1390 causa
697 1333 893 1388 fideicommissi
910 1333 1089 1402 eademprae·

283 1401 327 1456 dia
343 1397 465 1466 vindicet,
482 1399 537 1456 doli
553 1403 616 1456 mali
634 1401 788 1470 exceptione
809 1401 968 1456 summoveri
985 1401 1087 1456 debeat.

282 1467 420 1536 respondit
443 1471 603 1526 translatum
623 1469 707 1524 videri
725 1465 958 1526 fideicommissum
982 1471 1089 1538 praedi-

283 1537 420 1660 l‘uiai
436 1537 645 1660 iiifiitllfii
661 1537 1089 1660 tstnttttttrttst

282 1673 418 1744 provincia
434 1647 605 1738 decessisset,
629 1673 768 1742 sexaginta
783 1621 869 1726 Laiio
887 1647 976 1726 raim
994 1645 1088 1728 daren-

282 1749 334 1810 tur,
356 1747 387 1796 ut
403 1741 426 1798 is
444 1759 541 1810 corpus
559 1741 615 1794 cius
638 1747 745 1798 curaret
764 1741 792 1794 in
813 1741 929 1810 patriam
949 1741 1089 1810 reportari,

282 1817 309 1906 pt
326 1809 460 1866 adiecerat
478 1811 546 1890 haec
566 1807 672 1902 verber,
683 1809 737 1864 ‘oui
759 1809 870 1888 concedi
890 1809 964 1892 volo,
986 1807 1091 1878 siquid

282 1877 810 2026 lidredbslbedddlitasbiiipisrdiat:eipileetld
827 1877 1090 2014 dlioiisimdiissiib

284 2017 318 2072 ‘in
335 2015 471 2086 provincia
488 2029 542 2070 srve
558 2029 588 2068 m
603 2029 647 2068 vra
663 2015 764 2098 aliquid
787 2015 852 2070 mihi
874 2015 1026 2070 humanitus
1045 2031 1090 2068 ac-

283 2085 393 2152 ‘nuent
410 2099 508 2152 corpus
525 2097 614 2136 meum
631 2085 780 2140 curebset⁵
796 2083 825 2138 in
843 2083 989 2154 campana
1005 2087 1049 2140 et⁵
1062 2083 1092 2136 in

283 2157 487 2208 monumentum
503 2149 621 2206 filiorum
628 2167 748 2214 meorum
759 2155 916 2224 reportare’.
942 2153 1091 2222 quaesitum

282 2227 335 2290 est,
356 2237 393 2276 an
408 2221 449 2288 id,
471 2221 543 2290 quod
563 2221 726 2290 superfuerit
748 2237 782 2278 ex
799 2223 948 2292 sexaginte,
971 2221 1090 2276 allucio

283 2291 354 2346 Titio
374 2289 456 2344 tacite
479 2289 616 2344 ademerit.
658 2289 796 2360 respondit
822 2291 975 2360 ademptum
998 2287 1090 2344 videri.

284 2365 298 2412 3
334 2359 385 2428 Qui
408 2357 477 2414 filias
503 2373 537 2414 err
562 2357 714 2428 disparibus
739 2359 907 2428 portionibus
932 2363 1092 2414 testamento

283 2427 411 2482 heredes⁶
427 2425 587 2492 instituerat,
604 2441 690 2494 paene
707 2427 966 2482 omniumbonorum
982 2441 1092 2482 suorum

284 2495 375 2550 ecdem
392 2499 549 2550 testamento
568 2493 722 2548 divisionem
731 2495 804 2564 iecit,
823 2495 916 2550 deinde
927 2497 993 2550 haec
1010 2495 1092 2548 verba

283 2563 394 2618 adiecit:
418 2557 463 2614 ‘roi
485 2557 515 2614 δὲ
530 2559 612 2616 λοιπὰ
635 2559 726 2614 πάντα
753 2565 811 2616 τῶν
832 2559 1009 2636 ᾗιορχόντωιι
1052 2583 1089 2622 ου,

293 2627 392 2700 ὁμοίως
413 2635 458 2682 καὶ
479 2629 514 2684 τὰ
536 2633 583 2696 τῆς
604 2627 781 2704 κληρονομίας
803 2629 876 2700 βάρη
898 2635 976 2684 ἔσται
998 2649 1092 2698 μονον

285 2693 348 2752 avoir
365 2695 412 2752 δύο
428 2719 480 2770 μου
497 2699 657 2800 θοματέριοο
668 2701 772 2772 Πρίμηε
789 2701 835 2752 καὶ
846 2695 998 2764 ascetrias
1015 2695 1032 2764 ἢ
1047 2699 1093 2762 τῆς

285 2761 321 2828 ’ἐξ
338 2759 428 2820 αὐτῶν
444 2761 593 2842 napcoooqs’
613 2807 620 2820 .
653 2771 750 2836 postea
770 2767 900 2822 codicillis
917 2767 996 2836 longe
1013 2767 1092 2820 aliam

284 2835 437 2892 divisionem
454 2833 519 2890 iecit
535 2837 666 2890 bonorum
683 2835 753 2890 inter
770 2835 884 2902 easdem,
901 2835 971 2890 inter
982 2851 1049 2904 quas
1066 2837 1093 2890 et

284 2911 440 2962 testamento
457 2905 589 2968 diviserat,
608 2903 738 2974 quaedam
753 2909 843 2960 tamen
860 2905 928 2958 nulli
937 2905 1093 2958 nominatim

283 2973 363 3030 dedit.
404 2973 552 3044 quaesitum
576 2979 629 3040 est,
650 2989 686 3028 an
701 2971 791 3028 Prima
812 2977 840 3028 et
860 2971 984 3028 Secunda
1004 2971 1092 3028 filiac⁸

283 3059 317 3098 ex
333 3041 420 3098 verbis
437 3041 590 3098 testamenti
607 3041 734 3108 consequi
749 3043 861 3110 possint,
878 3041 991 3096 utsolae
1008 3041 1091 3096 hahe-

283 3115 330 3166 aut
347 3127 387 3178 ea,
405 3127 472 3178 quae
488 3109 643 3166 nominatim
659 3109 726 3164 nulli
734 3109 828 3166 relicta
839 3115 903 3164 sunt
918 3109 947 3164 in
956 3109 1091 3176 divisione,

284 3193 351 3250 quae
365 3177 507 3234 norIssima
519 3183 621 3248 epatre
633 3177 706 3232 iacta
719 3181 768 3232 est.
791 3177 930 3248 respondit
941 3193 996 3232 non
1007 3181 1092 3232 stota

283 3247 420 3304 voluntate
436 3247 579 3304 recessisse
595 3247 686 3312 videri,
704 3247 752 3314 sed
767 3247 924 3302 histantum
935 3247 1015 3302 rebus
1025 3263 1092 3316 quas

283 3323 299 3370 4
333 3315 512 3370 reformasset.
548 3315 615 3370 dum
623 3319 684 3384 post
701 3319 808 3384 apertas
825 3315 932 3370 tabulas
940 3313 1093 3370 testamenti

283 3383 465 3438 Priscillianus
482 3385 585 3448 vixerit,
605 3383 731 3438 decuius
748 3383 835 3452 legato
852 3385 1028 3452 portioncque
1045 3385 1092 3436 he-

283 3451 403 3506 reditatis
419 3457 505 3508 mater
521 3451 636 3520 epistula
644 3451 683 3506 ita
698 3457 817 3508 caverat:
836 3451 970 3522 ‘quoniam
983 3451 1093 3520 cognovi

284 3519 488 3576 ‘Priscillianum
507 3519 591 3574 filium
612 3535 700 3574 meum
720 3519 749 3574 in
770 3519 894 3574 extremis
912 3535 978 3586 esse,
1001 3521 1092 3574 iustis·

284 3589 388 3644 ‘simum
404 3593 432 3642 et
449 3589 595 3658 piissimum
611 3589 676 3644 duxi
692 3587 842 3658 portionem
858 3589 914 3642 eius
927 3589 1092 3652 hereditatis,

284 3659 373 3724 ‘quam
389 3655 415 3710 ei
431 3661 588 3712 testamento
605 3655 741 3722 dederam,
764 3655 853 3724 legare
869 3655 993 3712 Mariano
1014 3655 1095 3712 fratri

284 3727 350 3778 ‘meo
368 3727 396 3778 et
411 3723 535 3778 Ianuam
554 3725 651 3792 ‚marito
674 3739 732 3778 mec
749 3721 841 3794 aequis
863 3723 1044 3792 portionibus:
1067 3729 1095 3778 et

285 3793 317 3848 ‘si
334 3791 398 3860 quid
414 3793 439 3848 ei
455 3793 569 3874 amplius
585 3793 747 3862 legaveram,
771 3799 802 3846 ut
822 3791 846 3846 si
868 3791 931 3862 quid
951 3791 977 3846 ei
998 3793 1092 3846 huma·

285 3859 366 3916 ‘nitus
383 3861 528 3930 contigerat,
548 3859 582 3916 dc
599 3861 675 3928 Ιοηο9
701 3859 812 3930 darique
833 3859 871 3916 eis
893 3861 976 3916 volo’:
998 3867 1094 3930 postea

284 3945 318 3984 ex
339 3929 431 3984 eadem
451 3929 604 3986 infirmitate
625 3929 808 3984 Priscillianus
830 3929 952 3984 decessit.
988 3931 1093 4010 quaesi-

284 4003 342 4050 tum
362 4003 415 4064 est,
437 4013 471 4052 an
491 3997 608 4066 legatum
629 4013 735 4066 quoque
755 3997 813 4052 eius
834 3997 870 4052 ad
890 3997 1045 4052 Ianuarium
1067 4003 1094 4054 et

284 4063 435 4120 Marianum
452 4081 486 4120 ex
503 4081 585 4120 causa
601 4063 797 4120 fideicommissi
812 4065 955 4136 pertineat.
982 4081 1093 4136 respon·

285 4135 324 4188 dit
347 4149 427 4204 posse
452 4133 546 4202 videri,
577 4135 600 4188 si
625 4133 783 4190 decessisset
811 4149 845 4190 ex
873 4149 907 4190 ea
931 4133 1092 4204 infirmitate,

285 4201 435 4326 ‘'mniffl
455 4207 483 4258 et
499 4203 615 4272 legatum
630 4203 666 4258 ad
683 4219 730 4258 eos
750 4201 784 4258 de
803 4203 899 4274 quibus
920 4209 1095 4272 quaereretur

285 4279 360 4326 trans
425 4285 462 4326 se.

320 4335 357 4396 31
381 4339 561 4396 Scanvoaa¹⁰
581 4339 651 4394 libro
677 4345 776 4420 quarto
802 4339 903 4394 docimo
928 4339 1093 4412 digestorum

286 4407 354 4462 Filio
373 4423 405 4462 ex
422 4413 498 4476 parte
514 4405 606 4462 heredi
622 4407 744 4462 instituto
753 4405 820 4462 duos
837 4405 935 4462 irmdos
947 4425 1008 4462 cum
1018 4425 1093 4462 man-

287 4475 362 4546 cipiis
380 4481 406 4530 et
423 4477 597 4530 instrumento
616 4475 687 4528 omrri
702 4477 810 4544 legavit:
832 4475 904 4530 idem
920 4477 999 4532 uxori
1015 4477 1094 4546 plura

285 4545 373 4614 legata
389 4549 416 4600 et
433 4559 522 4600 servos
541 4543 660 4598 Stichum
677 4543 826 4600 etDamam
842 4543 948 4612 legavit:
968 4543 1015 4600 sed
1033 4561 1094 4600 cunr

286 4615 315 4666 in
332 4613 416 4666 altero
434 4627 467 4666 ex
483 4611 573 4666 fundis
594 4611 648 4666 filio
666 4611 825 4682 praelegatis
848 4613 1014 4680 cognovisset
1034 4615 1091 4668 vili·

287 4697 348 4738 cum
359 4697 414 4736 non
427 4697 493 4748 esse,
511 4681 631 4736 Stichum
644 4681 716 4736 misit
728 4685 755 4734 ct
763 4687 819 4734 tam
835 4681 875 4736 rei
887 4681 1003 4736 rusticae
1015 4699 1093 4750 quam

287 4749 435 4806 rationibus
458 4749 537 4804 fundi
563 4747 703 4818 praefecit:
731 4749 880 4816 quaesitum
906 4753 959 4818 est,
985 4749 1093 4804 Stichus

287 4825 377 4872 utrum
395 4819 429 4872 ali
445 4833 555 4874 uxorem
571 4833 606 4870 an
623 4815 658 4870 ad
669 4815 752 4871 filium
769 4819 921 4886 pertineret.
947 4819 1092 4886 respondit,

287 4903 348 4942 cum
370 4901 470 4940 memor
491 4893 549 4940 erat
570 4899 674 4952 eorum,
700 4901 767 4954 quae
792 4891 950 4940 testamento
972 4887 1093 4954 cavisset,

288 4955 408 5008 Stichum
424 4955 466 5008 his
482 4953 606 5022 praediis,
622 4951 651 5006 in
669 4969 738 5022 quae
753 4953 901 5008 uersatus
911 4957 958 5020 est,
976 4959 1095 5008 actorem

288 5023 382 5078 cedere
402 5039 451 5078 nec
471 5039 582 5078 uxorem
602 5035 681 5090 posse
703 5021 824 5078 Stichum
845 5037 878 5076 ex
898 5019 1095 5076 fideicommissi

293 5099 302 5146 l
339 5107 421 5146 causa
437 5095 535 5160 petere.
569 5089 652 5144 Matri
669 5107 734 5146 suae
754 5089 847 5146 heredi
868 5105 903 5144 ex
923 5095 1001 5160 parte
1018 5089 1093 5146 insti·

288 5165 363 5216 tutae
397 5165 505 5214 unttvvor
521 5159 630 5230 praedia
646 5159 743 5228 legavit
759 5167 787 5214 et
802 5159 865 5214 fidei
882 5159 938 5214 eius
956 5157 1095 5224 commisit,

289 5235 320 5282 ut
336 5245 370 5286 ex
406 5227 413 5242 '
445 5227 498 5284 duo
514 5243 608 5284 socero
616 5227 778 5284 restitueret:
796 5227 891 5284 deinde
904 5227 1033 5282 codicillis
1049 5241 1094 5282 so·

290 5401 320 5464 (r)
338 5401 484 5452 colonamF
555 5401 588 5464 (a)
605 5399 807 5468 perlitterasccr.
881 5401 914 5464 (3)
932 5397 1096 5452 trasarius

291 5469 421 5520 heredibus
428 5469 489 5520 meis
497 5467 607 5520 salutem.
629 5467 865 5534 infrascriptarum
878 5465 1008 5532 essevolu,
1022 5483 1096 5532 quae-

290 5541 460 5602 cumqueante
468 5539 497 5588 in
505 5553 595 5590 nomen
602 5535 729 5602 Pamphili
742 5535 798 5588 feci.
822 5535 889 5602 quod
902 5537 923 5586 si
935 5537 992 5588 Seia
1006 5535 1095 5588 coliae-

291 5609 365 5656 muca
377 5623 432 5656 mea
443 5607 585 5658 heresmiini
593 5623 645 5658 nou
653 5607 696 5658 fiet
710 5621 740 5658 ex
752 5609 859 5674 caparte
872 5621 922 5672 qua
936 5623 990 5656 eam
1001 5605 1096 5672 scripsi,

292 5673 902 5742 solodorieammassamquaeestoircetlolonen.
949 5677 980 5742 (r)
998 5675 1041 5726 titi
1049 5677 1096 5740 F“‚

293 5741 388 5796 deth*b
455 5747 488 5808 (s)
506 5747 585 5798 etdcl.
655 5747 687 5808 (6)
704 5747 812 5796 herasld
872 5747 906 5810 (i)
924 5747 951 5798 id
959 5755 1008 5798 esi:
1022 5761 1097 5810 quaa·

242 5833 244 5838 ¹
293 5829 399 5866 cumoue
407 5811 569 5866 reliquerunt
578 5815 687 5866 arbonis
699 5811 760 5866 meis
769 5815 876 5866 itemcue
890 5815 1098 5866 oneraberedita·

958 349 1146 454 *aaa

1422 363 1470 410 Du
1488 361 1584 410 autu.
1607 363 1683 410 VEL.
1705 361 1843 410 nahusa.
1865 357 1936 410 aad.

1139 543 1201 582 cero
1218 527 1317 582 ademit
1332 525 1577 582 fideicommissum:
1596 523 1744 594 quaesitum
1753 529 1801 588 est,
1820 541 1856 578 an
1863 525 1939 580 nihilo

1138 595 1226 648 minus
1243 611 1277 648 ax
1315 593 1494 662 raelegatione
1515 595 1550 646 ad
1572 599 1683 648 matrem
1702 591 1856 660 pertineret.
1889 607 1938 648 res·

1139 661 1221 730 pondi
1245 611 1314 714 nihii
1331 661 1459 730 proponi,
1486 677 1535 716 cur
1559 661 1594 714 ad
1613 661 1754 738 matrem¹¹
1770 661 1938 778 pertinerent.

1139 733 1155 780 i
1190 727 1252 782 Seia
1267 731 1427 782 testamento
1435 729 1457 760 ¹²
1474 745 1523 782 suo
1533 727 1630 796 legavit
1640 743 1699 782 aun
1715 741 1770 796 pon
1788 743 1803 780 o
1817 743 1938 796 qumque:

1139 793 1225 850 Titius
1243 795 1379 850 accusavit
1395 811 1464 862 eam,
1481 795 1554 862 quod
1569 799 1674 866 patrem
1696 811 1774 850 sunm
1794 793 1940 850 mandasset

1138 863 1362 916 interficiendum:
1395 861 1457 916 Scia
1482 867 1546 932 post
1574 863 1722 916 institutam
1751 863 1939 918 accusationem

1139 929 1277 984 codicillos
1295 929 1411 984 confecit
1427 947 1477 984 nec
1495 931 1593 984 ademit
1608 931 1679 984 'litio
1697 931 1815 1000 privigno
1832 931 1938 1000 legatum

1139 1001 1167 1052 ct
1183 1001 1245 1050 aute
1262 997 1342 1050 finem
1359 997 1538 1052 accusationis
1556 997 1683 1052 decessit:
1706 1003 1767 1052 acta
1785 1013 1868 1050 causa
1883 1015 1938 1066 pro-

1139 1063 1289 1118 nuntiatum
1305 1069 1347 1118 est
1367 1069 1473 1134 patrem
1489 1065 1553 1118 Titii
1578 1065 1677 1120 scelere
1694 1063 1771 1118 Seiae
1791 1081 1846 1120 non
1865 1065 1938 1120 inter·

1140 1137 1255 1200 ceptum.
1291 1147 1398 1198 quaero,
1418 1147 1478 1186 cum
1496 1133 1625 1186 codicillis
1643 1133 1765 1200 legatum,
1784 1131 1855 1198 quod
1865 1139 1938 1186 testa-

1139 1205 1228 1254 mento
1246 1201 1317 1254 Titio
1336 1199 1453 1264 dederat,
1471 1215 1526 1254 non
1543 1201 1677 1266 ademerit,
1701 1215 1737 1252 an
1753 1201 1787 1254 ab
1805 1199 1938 1256 heredibus

1140 1267 1217 1322 Seiae
1235 1267 1305 1322 Titio
1328 1267 1465 1322 debeatur.
1505 1267 1644 1336 respondit
1664 1267 1809 1324 secundum
1831 1283 1863 1322 ea
1880 1285 1938 1336 quae

1139 1339 1155 1390 3
1190 1341 1404 1406 proponerentur
1420 1351 1475 1390 non
1497 1335 1595 1390 deberi.
1629 1335 1725 1402 Filiae,
1750 1351 1830 1404 quam
1850 1335 1878 1390 in
1898 1353 1938 1404 po-

1139 1409 1236 1458 testate
1253 1403 1377 1470 hahebat,
1398 1405 1472 1458 inter.
1486 1409 1575 1458 cetera
1592 1403 1689 1472 legavit
1709 1405 1857 1472 peculium:
1878 1403 1938 1460 iden

1139 1477 1201 1540 post
1218 1471 1319 1526 iactum
1335 1477 1525 1526 testamentum
1541 1471 1682 1546 pecuniam
1700 1487 1716 1524 a
1738 1471 1857 1526 debitore
1877 1471 1938 1528 filiae

1140 1539 1315 1606 exagitatis
1333 1539 1548 1594 suamrationem
1564 1539 1705 1594 convertit:
1723 1555 1830 1608 quaero,
1850 1537 1938 1594 anilia

1139 1605 1294 1660 eonomine
1312 1621 1373 1660 cruc
1393 1605 1537 1662 heredibus
1553 1609 1638 1674 patris
1660 1621 1737 1674 agere
1759 1607 1854 1674 possit.
1890 1621 1937 1662 res-

1139 1673 1246 1744 pondit,
1272 1675 1297 1730 si
1318 1675 1446 1744 probaret
1454 1675 1474 1708 ¹³
1497 1689 1551 1728 uon
1573 1675 1706 1730 adimendi
1729 1675 1816 1728 animo
1839 1673 1937 1744 facturn

1139 1757 1218 1810 agere
1235 1757 1322 1810 posse.

1175 1807 1215 1868 32
1235 1813 1406 1864 Verrucius
1420 1809 1488 1866 libro
1510 1809 1611 1866 decimo
1634 1811 1767 1864 actiacum
1801 1809 1938 1868 Detrahere

1139 1879 1233 1948 legatis
1251 1879 1293 1934 vel
1313 1879 1431 1944 adicere,
1454 1879 1476 1934 si
1496 1879 1563 1932 nihil
1583 1879 1718 1948 praeter¹⁴
1739 1879 1878 1948 pecuniam
1898 1897 1937 1932 nu-

1139 1953 1269 2002 meratam
1286 1947 1402 2016 legatum
1420 1947 1466 2014 sit,
1487 1951 1641 2016 promptum
1662 1953 1716 2002 est:
1739 1963 1799 2002 cum
1822 1963 1884 2002 vero
1903 1963 1937 2006 res

1141 2015 1551 2154 iliiitiiiliii'fil'iai‘
1565 2013 1938 2152 tristitiiti‘ttt

1141 2153 1224 2208 serris
1241 2153 1336 2208 rehcta
1352 2153 1419 2206 nihil
1436 2153 1532 2206 attinet
1548 2151 1635 2206 adimi.
1826 2125 1833 2152 '

1512 2359 1577 2418 V¹⁵.

1376 2461 1424 2538 DE
1441 2461 1551 2512 REBUS
1568 2461 1691 2512 ussus.

1178 2557 1192 2616 i
1214 2559 1398 2616 Pisistratus
1408 2561 1475 2616 libro
1487 2563 1599 2632 septimo
1610 2575 1800 2632 responsorum
1829 2559 1938 2618 Fundun
1955 2569 1956 2610 1

1142 2629 1311 2684 Maeuianum
1334 2635 1382 2682 aut
1400 2629 1525 2684 Seianum
1542 2629 1612 2684 Titio
1635 2629 1782 2698 legaverat,
1809 2645 1870 2684 curu
1891 2631 1937 2684 uni·

1142 2711 1221 2752 versa
1236 2697 1371 2764 possessio
1388 2695 1506 2764 plurium
1522 2697 1692 2766 praediorum
1709 2697 1758 2752 sub
1772 2697 1938 2768 appellatione
1954 2719 1955 2724 ¹

1142 2763 1219 2818 fundi
1234 2765 1370 2820 Macriani
1385 2765 1534 2822 rationibus
1558 2765 1793 2820 demonstraretis.
1827 2767 1938 2836 respondi
1954 2785 1956 2830 't

1142 2851 1196 2888 non
1214 2833 1296 2890 videri
1313 2839 1403 2890 cetera
1437 2833 1530 2890 raedis
1547 2835 1635 2902 legato
1658 2833 1773 2890 voluisse
1796 2833 1957 2890 dehrcctun

1143 2903 1249 2970 cadere,
1276 2903 1299 2956 si
1325 2901 1403 2956 fimdi
1418 2851 1512 2958 icant
1537 2905 1651 2974 pretium
1676 2919 1694 2956 a
1718 2903 1794 2958 fundi
1818 2903 1937 2960 Maeuiani

1144 2971 1230 3042 pretio
1247 2989 1301 3026 non
1319 2987 1414 3040 magna
1430 2971 1546 3042 pecunia
1564 2971 1777 3040 distingueretur.

1177 3037 1196 3096 2
1214 3039 1295 3096 Iram
1307 3041 1376 3096 libro
1394 3057 1465 3094 ooao
1482 3055 1674 3114 responsorum
1709 3041 1816 3096 Civibus
1838 3041 1959 3114 osvinus

1142 3109 1167 3164 le
1202 3113 1260 3164 tum
1276 3109 1317 3164 vel
1339 3107 1571 3166 fideicommissum
1593 3109 1685 3162 datum
1708 3109 1808 3164 civitati
1829 3109 1937 3166 relicturo
1952 3113 1957 3146 ³³

1142 3177 1169 3232 vi
1187 3182 1254 3232 etur.

1177 3243 1196 3304 3
1215 3247 1334 3302 Pronus
1353 3245 1421 3302 libra
1447 3251 1544 3316 quarto
1568 3245 1670 3300 docimo
1697 3247 1881 3316 quaestionum
1916 3247 1958 3310 h,

1144 3315 1266 3384 ambiguo
1284 3331 1406 3370 sermone
1417 3331 1472 3370 non
1484 3321 1625 3384 utrumque
1643 3313 1762 3380 dicimus,
1781 3315 1828 3370 sed
1838 3315 1866 3372 id
1876 3315 1954 3382 dun]¹

1143 3389 1220 3438 taxat
1241 3383 1314 3452 quod
1336 3383 1470 3438 volumus:
1493 3385 1584 3506 itapua
1613 3383 1659 3454 qni
1688 3383 1761 3438 abud
1786 3385 1851 3438 dicit
1873 3387 1955 3454 quan

1142 3451 1212 3518 vult,
1235 3467 1322 3520 nequa
1341 3451 1371 3506 id
1393 3451 1457 3508 dicit
1478 3469 1531 3520 quo
1570 3467 1621 3506 vox
1642 3451 1786 3522 significat,
1814 3451 1877 3522 quia
1896 3469 1953 3508 nov.

1142 3521 1208 3586 vult,
1226 3535 1311 3590 neque
1328 3519 1356 3574 id
1373 3521 1524 3588 quodvult,
1542 3521 1605 3590 quia
1622 3521 1649 3576 id
1665 3537 1719 3576 non
1735 3521 1861 3590 loquitur.
1956 3559 1957 3562 ,

1178 3589 1197 3646 4
1217 3587 1257 3656 (5)
1275 3589 1356 3644 ianm
1370 3589 1437 3644 libro
1454 3605 1526 3644 ιιοιιο
1544 3589 1645 3646 decim
1657 3605 1848 3660 responsorum
1881 3589 1953 3652 Pan

1142 3659 1185 3712 lus
1202 3657 1352 3726 respondit:
1372 3673 1434 3712 cum
1442 3673 1540 3712 nomen
1548 3657 1785 3712 fideicommissarii
1794 3663 1937 3714 testamento
1951 3661 1955 3690 ³

1144 3725 1306 3794 adscriptum
1323 3725 1439 3792 nonsit,
1460 3725 1528 3780 nulli
1544 3741 1674 3796 personae
1695 3741 1781 3796 neque
1800 3733 1888 3782 certae
1904 3741 1952 3780 ne·

1144 3809 1194 3862 que
1211 3793 1329 3850 incertae
1350 3793 1443 3848 datum
1465 3793 1695 3850 fideicommissum
1716 3793 1799 3850 videri
1818 3795 1936 3850 indubita-

1144 3867 1201 3916 tum
1218 3867 1268 3916 cst.

1178 3929 1197 3986 5
1217 3927 1258 3996 (d)
1278 3929 1370 3984 Gaius
1390 3931 1458 3984 libro
1476 3931 1569 4002 primo
1589 3931 1854 4000 fideicommissorum
1888 3931 1936 4000 Qui·

1145 3997 1206 4052 dam
1228 3998 1361 4066 relegatus
1383 3997 1457 4052 facto
1479 4003 1638 4054 testamento
1662 4003 1725 4068 post
1744 3999 1851 4058 heredis
1877 3997 1935 4054 insi·

1144 4065 1274 4122 tutionem
1291 4071 1319 4120 et
1335 4071 1398 4134 post
1413 4065 1501 4134 legata
1518 4067 1676 4136 quibusdam
1691 4067 1755 4120 data
1770 4067 1810 4120 ita
1828 4067 1955 4126 ιιιοίοοίιιζ

1145 4135 1251 4204 ‘siquis
1270 4151 1303 4188 ex
1325 4135 1466 4188 heredibus
1489 4135 1617 4192 ceterisve
1638 4135 1743 4202 amicis,
1766 4151 1878 4204 quorum
1899 4125 1955 4192 hosi

1144 4209 1311 4258 ‘testamento
1328 4203 1488 4258 mentionem
1505 4203 1602 4268 habui,
1626 4201 1680 4258 sive
1702 4203 1761 4272 quis
1784 4203 1853 4258 alius
1875 4189 1954 4296 cestii

1145 4273 1282 4328 ‘tutionem
1304 4271 1368 4326 mihi
1389 4271 1570 4354 impetraverit
1595 4273 1629 4326 ab
1654 4273 1815 4342 imperatore
1840 4279 1868 4328 et
1891 4277 1955 4344 antog¹¹

1144 4341 1301 4406 decessero,
1320 4357 1400 4412 quam
1418 4357 1443 4396 e1
1459 4341 1560 4410 gratias
1576 4357 1695 4408 agerem:
1713 4341 1773 4396 volo
1791 4341 1850 4396 dari
1866 4341 1890 4396 ei
1905 4337 1956 4408 quit

1145 4411 1181 4462 ‘id
1197 4411 1280 4478 egerit
1296 4423 1314 4462 a
1331 4409 1426 4464 ceteris
1447 4409 1590 4462 heredibus
1613 4425 1708 4480 aureos
1731 4409 1789 4462 tot’.
1827 4425 1896 4464 unus
1916 4405 1956 4476 ui

1144 4477 1194 4542 his,
1213 4493 1279 4546 quos
1296 4477 1409 4532 heredes
1427 4477 1578 4546 scripserat,
1596 4477 1747 4546 impetravit
1763 4477 1789 4530 ei
1805 4451 1956 4556 restitutio-i

1143 4561 1204 4600 nem
1220 4551 1248 4600 et
1265 4549 1408 4614 antequam
1424 4543 1452 4598 id
1469 4543 1563 4608 sciret,
1586 4543 1708 4600 decessit.
1748 4561 1809 4598 cum
1829 4543 1862 4600 de
1877 4543 1954 4612 filas

1145 4613 1284 4670 commisso
1320 4619 1482 4678 uaereretur,
1502 4627 1537 4666 an
1554 4613 1702 4678 deberetur,
1722 4613 1859 4668 consvdtus
1871 4613 1954 4666 Iulia·i

1143 4699 1194 4738 uus
1212 4699 1311 4750 respon
1331 4681 1350 4734 't
1368 4681 1472 4736 deberi:
1491 4681 1539 4736 sed
1556 4681 1634 4736 etiam
1652 4681 1677 4736 si
1692 4697 1746 4736 non
1761 4681 1839 4736 heres
1856 4681 1896 4736 vel
1911 4681 1956 4770 lep

1143 4751 1270 4820 gaterius,
1288 4749 1336 4804 sed
1353 4751 1421 4804 alius
1439 4765 1472 4804 ex
1490 4749 1581 4804 amicis
1600 4751 1702 4804 curarit
1718 4765 1779 4804 eum
1795 4747 1905 4816 restitui,
1920 4751 1937 4802 et
1949 4761 1956 4784 ·‘

1147 4825 1158 4872 1
1196 4821 1221 4874 ei
1237 4817 1471 4872 fideicommissum
1487 4819 1627 4886 praestari.
1668 4817 1696 4872 Si
1713 4817 1763 4870 tibi
1786 4823 1812 4870 et
1829 4825 1936 4886 postumo
1952 4831 1956 4866 ι

1145 4903 1194 4940 suo
1211 4887 1253 4940 vel
1269 4885 1356 4942 alieno
1373 4885 1548 4940 hereditatem
1565 4885 1704 4940 restituere
1721 4885 1780 4954 quis
1798 4885 1922 4954 rogaverit
1955 4899 1956 4902 ’

1178 4951 1198 5012 6
1212 4951 1253 5020 (7)
1266 4951 1442 5014 Marcianus
1452 4953 1520 5008 libro
1535 4955 1613 5008 tortio
1623 4953 1887 5022 fideicommissorum
1909 4949 1938 5008 vol
1953 4959 1955 4996 1

1144 5037 1177 5078 ex
1191 5029 1269 5090 parte
1280 5027 1309 5076 te
1323 5027 1350 5104 ct
1361 5037 1398 5104 'ep
1411 5027 1489 5092 parte
1499 5021 1787 5144 postumumheredem
1796 5021 1937 5102 iustitnisscl
1954 5023 1956 5080 J

1144 5091 1168 5146 le
1187 5095 1290 5146 atumse
1309 5091 1429 5146 similiter
1445 5089 1488 5146 vel
1523 5091 1735 5146 derccmnussum
1751 5089 1875 5156 dedisset,
1954 5125 1957 5140 .

1217 5155 1260 5226 (8)
1280 5159 1373 5212 Gaios
1387 5159 1454 5214 libro

1144 5227 1183 5282 ita
1196 5233 1336 5298 postumus
1351 5233 1454 5296 partem
1480 5227 1521 5282 aci
1538 5227 1594 5292 tsi
1608 5233 1687 5282 natus
1699 5227 1741 5294 sit,
1756 5243 1792 5282 an
1802 5233 1829 5282 et
1839 5227 1938 5284 sinatus
1954 5245 1956 5292 5

1508 5161 1560 5214 imo
1574 5159 1839 5228 fideicommissorum
1864 5163 1938 5214 utrun
1954 5187 1956 5218 3

1146 5399 1446 5466 ricpertineantadsclaa
1455 5399 1587 5452 duasfilies
1595 5417 1662 5450 meas
1670 5401 1779 5452 Primam
1787 5401 1938 5452 etSecunduu

1145 5469 1434 5536 superstitemveearum.
1503 5473 1536 5532 (s)
1554 5469 1640 5520 filiaF
1710 5475 1742 5530 (9)
1759 5467 1938 5534 utetsiquidai
1957 5519 1958 5522 ,

1147 5535 1254 5658 {mplius
1260 5535 1407 5604 legatarum,
1417 5537 1515 5658 eisdplrn,
1526 5537 1548 5588 si
1556 5539 1618 5638 qpid
1627 5539 1650 5590 ei
1658 5539 1803 5592 humanitus
1812 5539 1914 5624 contige·
1920 5539 1938 5598 't

1148 5623 1191 5742 (iil
1198 5623 1290 5728 editi?
1284 5611 1473 5744 privigno(iii.1
1491 5609 1564 5742 eiiii
1575 5609 1720 5744 probareiii)
1739 5611 1957 5746 niitlsediogtaiii

1182 5749 1225 5810 (ιι)
1244 5745 1307 5814 Pap.
1324 5759 1389 5806 1...a;
1412 5747 1472 5800 Sat.
1487 5759 1571 5800 ro...rs.
1585 5759 1619 5800 rs.
1634 5759 1668 5800 ro.
1683 5759 1724 5810 ιιι
1746 5751 1796 5802 Ed.
1811 5761 1843 5802 tv.
1858 5761 1938 5804 anau

1148 5815 1214 5868 Aoo.
1223 5827 1260 5868 aa.
1268 5843 1303 5854 ··-
1313 5815 1374 5866 Bas.
1386 5817 1427 5868 tt.
1436 5827 1468 5866 rs.
1479 5829 1543 5866 r...rs
