4366 6258
256 311 366 378 XXVI
380 313 438 376 ni
1054 299 1119 370 340
1556 319 1603 364 nu
1623 315 1935 372 sommsrmmoun

290 491 407 552 dinan
421 489 491 544 libro
502 489 597 562 primo
613 483 822 544 οπσιιεσιιοιιυπι
873 483 933 538 ilia
950 483 977 538 oi
995 477 1068 556 όφὴ-
1121 481 1289 538 Gredendum
1307 487 1348 538 est
1365 487 1392 536 et
1408 499 1466 536 eam
1474 487 1586 536 matrem
1595 483 1784 538 condictione
1793 483 1934 554 contineri,

256 561 325 616 ιιαιι
346 559 384 626 μὴ
406 559 488 622 ἔχωσι
508 553 570 610 τοὺι
594 559 624 608 ιι
645 555 703 606 τοῖν
725 551 822 624 νόμον
844 549 1001 622 ιιηδεμιναι,
1020 551 1069 604 ἐὰν
1120 565 1189 622 quae
1211 565 1229 604 a
1258 555 1335 620 patre
1361 565 1416 604 non
1440 549 1555 618 legitime
1580 555 1683 604 tutores
1709 555 1869 606 ιριιιυιοοιο
1892 557 1935 612 uel

255 631 306 700 μιν
326 623 485 696 ἐπιτρόπων
507 619 623 676 δέωνται
647 617 692 674 διὰ
713 621 766 690 τήν
788 619 906 690 ἡλικίαν,
938 615 1069 672 titana
1120 619 1250 692 codicillis
1267 619 1344 672 datos
1368 617 1428 670 filiis
1450 617 1632 696 impuberibus
1655 633 1710 672 non
1727 617 1871 700 postulavit
1888 619 1933 676 de-

257 695 367 756 ιιότήσιιι
390 687 479 746 αιίιοῖι
501 687 663 762 ἐπιτρόπους
685 691 893 754 κατασταθῆναι
916 685 947 740 οἵ
959 705 990 738 τι
1007 705 1067 758 συγ-
1121 691 1133 740 1
1171 691 1245 742 creto
1271 685 1430 742 confirmari
1466 685 1513 740 Sin
1536 691 1625 740 nutem
1647 685 1749 742 idoneis
1773 685 1843 740 datis
1860 691 1933 744 tuto-

255 763 389 834 pensitant
395 757 424 812 οἱ
428 751 486 812 κατ’
493 763 640 830 ἐπιγαμίαν
648 757 742 812 οἰκεῖοι
750 749 1068 830 yovabtroippebmnaecal
1119 755 1194 808 ribus
1210 753 1333 824 pluribus
1341 769 1411 808 unns
1421 769 1512 808 eornm
1520 751 1562 808 vel
1577 753 1692 808 decessit
1705 755 1747 808 vel
1761 753 1933 822 temporalem

256 825 385 892 θηλειῶν·
403 823 533 880 dicantar
549 829 595 878 παὶ
612 823 688 896 φίλοι
704 829 762 880 τοῖν
775 827 880 910 porion
896 825 942 874 uni
958 825 1068 904 rpopqis
1120 821 1321 876 excusationem
1338 823 1452 890 accepit,
1470 825 1563 886 mater,
1582 835 1652 890 qnae
1668 829 1811 892 propterea
1827 821 1856 874 in
1872 821 1933 880 loco

257 901 270 950 1
307 889 396 948 adreio
412 897 470 946 τῶν
490 891 600 948 παίδοιν
620 895 702 946 τοῦτο
726 895 843 960 αἰτηοαι.
893 887 927 942 Oi
947 891 999 958 μὲν
1021 907 1069 940 ουν
1118 889 1189 944 illius
1207 889 1289 944 alium
1305 905 1361 944 uon
1398 889 1454 954 etit,
1472 889 1535 958 quia
1556 903 1683 944 numerus
1706 889 1869 958 reliquorum
1885 889 1932 946 ad-

257 959 335 1016 ἄλδοι
357 965 387 1014 ιιι
409 967 592 1048 προαιρέσεως
617 961 739 1018 αἰτοῦσαι
761 955 928 1028 ἐπιτρόπους·
964 957 1015 1010 εἰσὶ
1039 953 1070 1008 δι’
1118 957 1307 1012 mimsnationi
1329 905 1445 1036 medae·
1460 955 1625 1022 sufficiebat,
1655 957 1748 1036 incidit
1773 955 1890 1026 quidem¹
1904 959 1933 1014 iu

223 1063 224 1066 =
255 1049 325 1084 τινος
340 1027 381 1086 οῖς
395 1033 542 1102 ἐπαναμαις
555 1033 630 1082 ἐστιν
638 1029 724 1084 αἰτεῖν
731 1025 899 1098 ιππρόποος,
911 1023 972 1078 οἷον
978 1021 1067 1092 μήτηρ
1119 1029 1135 1078 2
1160 1025 1244 1080 verba
1262 1029 1468 1090 constrtutroms,
1487 1025 1535 1078 sed
1553 1029 1685 1078 sententra
1703 1031 1853 1080 excusatur.
1880 1023 1932 1086 Sed

255 1089 443 1150 ιιαὶοῖπειεόθε
461 1113 495 1150 οι·
520 1099 550 1150 ιιι
565 1093 673 1150 τούτων
688 1097 740 1172 γὰρ
759 1095 845 1162 cipio
858 1093 1029 1162 ζημιοῖυται,
1041 1091 1069 1144 oi
1119 1093 1143 1148 si
1160 1099 1285 1162 suspecto
1303 1097 1393 1146 tutore
1409 1093 1504 1162 pupilli
1521 1097 1649 1146 accusato
1674 1093 1811 1146 decretum
1835 1091 1885 1146 erit
1908 1095 1932 1150 ei

256 1161 286 1216 ii
303 1167 350 1216 καὶ
375 1117 547 1228 coitiuntur,
575 1163 624 1216 ἐὰν
650 1165 688 1234 μὴ
713 1161 845 1228 αἰτήσασι
865 1159 927 1214 τοὺς
955 1163 983 1212 ἐκ
1010 1159 1069 1210 τῶν
1118 1161 1226 1230 adiungi
1244 1161 1319 1224 alios,
1337 1165 1423 1214 mater
1440 1175 1486 1214 eos
1504 1175 1610 1240 quoque
1632 1165 1725 1240 petere
1749 1161 1828 1240 debet
1851 1163 1933 1224 et‚si

254 1231 350 1300 νόμον
366 1227 523 1302 κηδεμόνας.
542 1227 559 1298 ἡ
575 1237 626 1300 μὲν
647 1233 698 1306 μὰρ
720 1227 809 1302 μήτηρ
833 1225 1001 1288 ἐξελαύνεται
1021 1227 1068 1292 τῆς
1118 1233 1134 1282 3
1160 1229 1298 1300 conpetit,
1307 1227 1611 1282 incidetinsenteutram
1619 1233 1825 1282 constitunoms.
1857 1227 1932 1282 Haec

254 1301 303 1352 τοό
319 1297 417 1354 παιδός
434 1303 549 1368 νομίμου
558 1297 743 1384 κληρονομίας,
763 1293 799 1350 oie
816 1285 884 1348 σόσοι
901 1287 1001 1354 ducito
1016 1293 1066 1348 iu-
1118 1303 1209 1352 autem
1224 1303 1310 1350 mater
1327 1297 1362 1350 ab
1380 1297 1452 1348 omni
1469 1297 1576 1366 quidem
1599 1295 1732 1350 bonorum
1754 1295 1933 1372 vindicatione

254 1371 315 1436 flcio
330 1365 430 1438 κλήρου
445 1365 568 1438 νόμιμον,
586 1389 625 1452 pq
640 1371 810 1440 φροντίσασαν
828 1357 901 1430 αὐτῷ
928 1381 1067 1414 aurocro-
1117 1365 1305 1420 intestatorum
1327 1363 1441 1418 filiorum
1463 1363 1608 1432 repellitur.
1642 1363 1665 1418 si
1687 1381 1749 1418 vero
1773 1363 1885 1418 mantus
1908 1363 1933 1420 ei

254 1435 340 1498 θῆναι
356 1439 513 1504 ἐπίτροπον.
532 1441 578 1490 καὶ
595 1457 632 1490 ου
643 1435 730 1504 μόνον
752 1429 800 1484 ἐὰν
815 1429 852 1498 μὴ
870 1429 974 1500 αἰτήσῃ,
1001 1423 1067 1484 ἀλλὰ
1117 1431 1350 1486 fideicommissum
1368 1447 1384 1486 a
1400 1431 1455 1486 iiiio
1469 1431 1614 1500 reliquerit,
1631 1431 1675 1486 cui
1691 1431 1785 1486 mulier
1793 1447 1848 1486 uon
1864 1431 1933 1500 petit
1956 1485 1957 1488 ,

256 1505 308 1564 καί,
328 1499 361 1556 όν
378 1499 428 1554 ἄν’
446 1501 550 1576 αἰτήσῃ,
571 1501 645 1558 dolas
665 1501 748 1572 χάριν
756 1497 852 1570 αἰτήσῃ
860 1497 910 1552 τόν
927 1491 1068 1618 cipridem
1118 1507 1243 1566 tutorem,
1262 1501 1293 1554 ‘si
1310 1501 1369 1554 Sine
1384 1501 1474 1554 liberis
1492 1499 1660 1566 decesserit,
1677 1501 1719 1554 vel
1736 1501 1785 1554 snb
1803 1501 1856 1554 hac
1872 1499 1933 1566 ipsa

257 1567 412 1638 δυνάμενον,
433 1569 491 1624 εἶτα
509 1561 755 1644 &panemosticus
772 1563 789 1630 ἢ
806 1559 937 1634 catinos
952 1565 1068 1630 ηδένιοι
1119 1567 1276 1624 condicione
1295 1567 1327 1622 ‘si
1351 1567 1493 1622 intestatus
1510 1573 1632 1622 mortuus
1652 1567 1719 1632 erit’,
1736 1567 1933 1622 fideicommissi

257 1633 339 1690 iiico
353 1637 390 1706 μὴ
409 1637 505 1706 αἴτ’ση
522 1639 612 1702 πάλιν,
632 1635 650 1702 ἢ
667 1631 818 1700 ἐξεπίτηδες
841 1635 937 1688 πανοὺς
962 1629 1067 1702 αἰτήσῃ.
1118 1635 1225 1706 petitio,
1249 1651 1320 1706 quae
1346 1651 1379 1688 ex
1404 1634 1488 1690 alieno
1514 1635 1613 1690 iudicio
1638 1634 1790 1702 descendit,
1813 1651 1869 1690 nou
1892 1639 1934 1690 est

257 1697 436 1778 ἇπεδςόδεροι
453 1657 531 1760 όὲ“έπ
546 1705 654 1760 τοότοιν
668 1705 727 1756 τῶν
743 1703 841 1768 αἰτιῶν
863 1699 1069 1774 αατηγορηδένι
1118 1707 1135 1756 4
1168 1709 1314 1772 perempta.
1350 1703 1425 1770 Quae
1448 1707 1537 1758 autem
1561 1709 1715 1782 suspectum
1737 1707 1854 1756 tutorem
1877 1719 1932 1756 non

254 1791 297 1828 τεο
318 1777 363 1826 ἐπὶ
386 1777 435 1828 τοῦ
456 1771 603 1856 ἦοορέυου
626 1769 791 1832 κολάζονται
813 1771 993 1840 ἐπιστρεφῶς,
1019 1765 1068 1820 ἐὰν
1118 1771 1197 1836 feeit,
1229 1787 1281 1826 nee
1305 1771 1393 1826 verbis
1420 1785 1470 1824 nec
1502 1771 1657 1824 sententiai
1682 1771 1878 1826 constitutionis
1904 1771 1933 1826 iu

257 1845 411 1912 φαίνωνται
427 1839 444 1908 ἢ
462 1795 498 1894 ‹t’
517 1837 643 1910 αμειειαν
659 1837 676 1906 ἢ
695 1837 741 1892 διὰ
759 1843 857 1892 κακίαν
877 1837 915 1906 μὴ
941 1831 1066 1902 'equiem
1117 1855 1231 1908 poenam
1253 1837 1362 1904 incidit,
1387 1837 1461 1908 quod
1487 1837 1615 1894 eiusmodi
1643 1839 1719 1894 lacta
1742 1839 1888 1918 dindime
1906 1843 1934 1892 et

255 1913 271 1962 t
308 1909 344 1960 Τὰ
371 1905 400 1962 δὲ
422 1915 485 1978 περὶ
506 1911 554 1974 τῆι
577 1907 678 1978 μητρὸς
694 1909 875 1976 προειρημένα
893 1857 1068 1972 delatratio
1118 1907 1260 1962 aestimare
1284 1905 1367 1960 virilis
1392 1907 1473 1960 animi
1497 1913 1541 1960 est
1568 1911 1596 1960 et
1611 1911 1702 1976 potest
1729 1911 1808 1960 enam
1835 1907 1933 1960 debota

255 1973 381 2098 iiiiii
399 1965 1066 2100 inituiminsinuantia?
1118 1975 1365 2112 ditionii&
1384 1975 1650 2112 {incitetis
1664 1975 1931 2112 inutilitati

256 2113 327 2168 ‘bere
344 2061 673 2194 subveniiudmipupillis
693 2129 753 2166 oum
771 2101 806 2164 ad
824 2127 915 2166 curam
932 2109 1067 2180 publicam
1119 2117 1146 2166 et
1161 2111 1221 2166 ideo
1240 2127 1290 2166 nec
1306 2111 1434 2164 iudicium
1449 2111 1506 2164 eius
1523 2111 1624 2166 uifieit
1633 2111 1668 2164 ad
1678 2111 1810 2180 eligendos
1818 2085 1932 2190 tutores:

255 2179 403 2250 ‘pertineat
420 2179 734 2248 liquereommuusvolo.
755 2179 801 2232 iet
818 2179 877 2234 ideo
896 2193 964 2248 quae
981 2181 1067 2230 mater
1119 2179 1166 2234 sed
1190 2179 1325 2248 inquisitio
1348 2179 1393 2244 fit,
1419 2179 1522 2232 etiamsi
1547 2179 1661 2234 maxime
1682 2179 1711 2250 in
1727 2179 1805 2234 ,bona
1821 2191 1930 2248 propna

255 2249 303 2302 ‘vel
320 2265 375 2304 non
391 2249 497 2318 petierit
518 2253 621 2302 tutores
645 2249 756 2302 idoneos
780 2245 840 2302 filiis
864 2249 918 2302 suis
936 2245 977 2300 vel
994 2245 1066 2314 prio·
1118 2247 1209 2304 liberis
1226 2247 1281 2302 ruis
1298 2251 1459 2302 testamento
1477 2251 1583 2302 tutores
1601 2247 1702 2302 dederit
1714 2249 1743 2302 ¹⁰.

254 2317 336 2372 ‘ribus
354 2317 487 2372 excusatis
503 2317 642 2370 reiectisve
657 2333 712 2370 uon
729 2313 870 2368 confestim
887 2315 1000 2370 aliorum
1017 2327 1066 2392 ρος

254 2385 336 2438 ‘mina
359 2383 492 2448 dederiti,
515 2383 558 2436 ius
584 2399 639 2438 non
665 2383 765 2436 habeat
781 2383 999 2438 vindicandorum
1016 2379 1067 2434 siin

254 2455 269 2506 3
297 2453 438 2506 ‘bonorum
453 2449 641 2504 intestatorum
649 2449 782 2504 filiorum’.
806 2443 873 2500 Ἐὰν
885 2453 978 2516 μέντοι
992 2467 1032 2500 τις
1049 2443 1067 2512 ἢ

254 2517 393 2600 denegetis
415 2515 624 2602 §tepurdptosi
641 2515 659 2600 ή
677 2515 759 2600 fill-qn
770 2509 921 2596 ότραγποιόαν
937 2521 982 2584 ι’χη
1000 2513 1067 2584 πρός
1334 2521 1335 2526 ’
1476 2525 1531 2582 Vll
1540 2523 1569 2582 ²1,

252 2587 303 2638 aa
319 2605 444 2668 ⁰⁹i⁰ti⁰i
461 2605 604 2668 ‘'tiit‘'‘t’
624 2587 769 2670 ‘'timidi‘'
778 2603 826 2636 ‘'l'‘
840 2581 944 2670 anim
956 2569 1065 2668 {napo-
1116 2623 1163 2672 nn
1181 2621 1497 2672 commaneremus
1515 2623 1560 2672 ur
1578 2619 1750 2670 runrcuuo
1766 2619 1927 2672 uurouun

252 2671 308 2706 που
322 2671 364 2718 τῳ
383 2671 507 2740 ορφαριρ,
528 2649 663 2734 ρδόοιτρυι
678 2647 933 2720 αιτοιυόυναμευσυι
956 2649 1067 2732 offectura
1143 2689 1188 2740 ET
1207 2689 1416 2740 CURATORUM
1435 2689 1494 2746 QUI
1511 2687 1736 2740 GESSERINT„
1752 2689 1821 2740 VEL
1839 2689 1911 2740 NON

254 2721 375 2804 diiii*
402 2741 420 2786 i
442 2723 490 2774 ‘w
511 2737 589 2804 iiim
611 2719 794 2802 patavinae,
821 2717 886 2772 τότε
902 2719 1067 2788 προσελθων
1139 2757 1185 2808 ur
1201 2757 1248 2806 ou
1265 2757 1459 2808 nossemus
1478 2757 1546 2808 vnn
1565 2755 1823 2808 oonvunmnors
1841 2757 1911 2808 ouo

254 2807 294 2854 τῳ
319 2791 459 2872 ηρσυμέυιρ
486 2807 552 2842 αυτο
575 2807 657 2842 τουτο
683 2791 753 2858 ἐρεῖ,
779 2787 824 2840 ἵνα
848 2787 1067 2842 πατασιπθευτοι
1392 2825 1462 2876 VEL
1480 2825 1649 2876 PLURIBUS

254 2859 401 2926 ἐπιτροπου
422 2861 537 2926 νομίμου
554 2851 570 2922 ή
587 2857 654 2926 πρὸς
670 2857 720 2908 τὸν
737 2851 863 2926 όρφανόυ
884 2857 994 2928 γένηται
1018 2853 1065 2908 υό-
1652 2863 1657 2874 ’

253 2927 270 2978 4
305 2941 404 2978 acuum
455 2925 542 2976 Ταῦτα
564 2927 615 2992 μιν
630 2929 693 2994 περι
710 2921 875 2994 ἐπιτρόπων·
899 2919 1065 2994 πουρίιτορας
1152 2923 1340 2980 inienuus
1367 2923 1436 2980 libro
1463 2925 1600 2998 tripesimo
1646 2923 1722 2980 υἰυιο
1748 2923 1785 2978 au
1812 2923 1927 3004 edictum

254 2989 284 3044 di
301 2993 403 3046 ἑαυτοῖς
420 2989 577 3058 αἰτήσουσιν
594 2985 781 3062 tricipitem,
806 2991 856 3046 ἐὰν
875 2995 926 3062 μὲν
947 2993 1062 3064 παρῶσι,
1116 2991 1215 3048 Gerere
1241 2997 1322 3062 atque
1347 2993 1533 3048 administrare
1564 2941 1676 3046 mteitm
1708 2997 1783 3046 extra
1809 2993 1928 3048 ordinem

252 3053 288 3112 δι’
314 3061 426 3112 ἑαυτῶν·
449 3059 498 3112 ἐὰν
521 3057 551 3112 di
569 3051 696 3132 οἷποόημῇ
718 3079 759 3114 τις
782 3053 877 3124 αὐτῶν,
896 3055 1002 3124 αἰτήσει
1019 3055 1065 3112 διὰ
1118 3067 1130 3114 1
1166 3065 1240 3115 tutor
1257 3061 1316 3130 cogi
1334 3061 1410 3116 solet.
1443 3061 1486 3114 Ex
1527 3077 1561 3116 no
1583 3061 1635 3116 scit
1658 3075 1686 3116 se
1703 3065 1818 3114 tutorem
1836 3061 1928 3116 datum

253 3133 268 3182 t
305 3129 476 3200 φροντιοτοδ.
510 3129 546 3180 Εἰ
563 3125 594 3180 δὲ
611 3125 689 3184 ἄλλος
706 3129 816 3192 αἰτῆσαι
838 3127 992 3198 τινράτορα
1016 3123 1064 3180 δι’·
1115 3129 1139 3184 si
1157 3133 1244 3184 cesset
1260 3133 1342 3194 tutor,
1361 3145 1410 3184 suo
1428 3131 1500 3198 peric
1530 3133 1667 3184 coesset:
1691 3127 1719 3182 id
1741 3127 1809 3182 enim
1832 3129 1926 3184 adiro

252 3197 390 3278 ναταιατῷ
409 3187 526 3280 lippiam,
546 3193 677 3316 ὲζητρδη.
697 3187 900 3316 ιριρῆοοόιπιμνρς
917 3191 1063 3280 όςπροῇιτιρ-
1115 3197 1209 3254 Marco
1228 3197 1403 3278 constitutum
1420 3201 1468 3278 est,
1484 3203 1522 3264 ut,
1540 3197 1586 3266 qui
1603 3197 1655 3250 scit
1668 3211 1697 3250 se
1711 3199 1827 3276 tutorem
1836 3197 1927 3252 dotum

252 3281 594 3396 institituit
614 3283 687 3400 aiii
703 3281 1062 3388 transiistis
1115 3271 1434 3402 titinnius}
1456 3265 1927 3412 tintinniacum

255 3415 414 3466 sponsorum
430 3399 469 3452 ita
485 3401 599 3454 relatum
623 3403 663 3454 est
686 3405 837 3454 curatorem
852 3401 991 3468 ignorante
1013 3413 1063 3478 nee
1114 3399 1248 3456 tutoribus
1266 3401 1302 3456 ad
1317 3401 1425 3472 plenam
1442 3401 1629 3466 defensionem,
1649 3399 1703 3480 sive
1725 3415 1777 3470 iper
1798 3401 1927 3454 rudncmm

253 3467 396 3520 mandante
403 3467 504 3536 pupilia
518 3483 573 3520 non
581 3473 656 3522 recte
674 3469 699 3520 ei
716 3485 732 3522 a
749 3471 839 3522 tutore
852 3469 966 3538 petitum
980 3465 1063 3522 viden
1115 3469 1262 3538 suscipient
1279 3469 1334 3524 sive
1350 3469 1467 3538 pupillus
1485 3469 1551 3538 ipsis
1568 3469 1731 3532 auctoribus
1748 3483 1798 3522 nec
1816 3469 1927 3538 cogendi

251 3535 450 3604 periculumque
476 3551 580 3598 eorum,
605 3551 675 3604 quae
699 3539 807 3590 curator
830 3551 883 3588 nou
906 3537 966 3590 iure
983 3535 1062 3588 datus
1114 3541 1178 3592 sunt
1202 3541 1305 3592 tutores
1331 3553 1434 3602 cavere,
1460 3543 1491 3592 ut
1517 3535 1671 3604 defensores
1697 3535 1799 3592 solent.
1819 3537 1927 3592 licentia

251 3601 339 3670 gessit,
358 3619 412 3656 non
429 3603 486 3656 sine
503 3603 607 3656 ratione
624 3619 684 3656 eum
701 3605 747 3672 qui
764 3601 832 3670 petit
848 3601 993 3670 cogendum
1016 3619 1062 3670 ag-
1112 3605 1194 3674 igitur
1211 3605 1268 3670 erit,
1286 3609 1376 3658 utrum
1399 3607 1492 3658 malint
1514 3605 1566 3674 ipsi
1589 3607 1725 3674 suscipere
1746 3603 1873 3658 iudicium
1891 3621 1926 3658 an

251 3683 370 3722 noscere.
388 3673 415 3722 et
432 3671 486 3724 alia
501 3673 579 3738 parta
596 3671 716 3734 eiusdem,
730 3669 792 3725 libri
816 3669 855 3722 ita
877 3671 1022 3752 respondit,
1039 3669 1063 3724 si
1112 3671 1243 3740 pupillum
1261 3673 1394 3736 exhibere,
1411 3679 1443 3726 ut
1459 3673 1524 3742 ipsis
1543 3673 1698 3728 auctonbus
1721 3671 1848 3728 iudicium
1866 3689 1925 3728 sus-

251 3735 342 3790 matris
360 3737 487 3790 iudicium
503 3737 627 3806 princeps
646 3743 754 3792 secutus
767 3741 904 3792 curatores
915 3737 987 3792 tiliae
1004 3737 1061 3792 eius
1113 3739 1137 3794 ci
1157 3739 1241 3792 iatur:
1264 3739 1303 3794 ita
1319 3745 1418 3806 tamen,
1436 3745 1467 3794 ut
1475 3757 1524 3810 pro
1541 3741 1591 3806 his,
1610 3741 1657 3808 qui
1672 3739 1725 3794 fari
1742 3755 1796 3794 nou
1811 3745 1926 3810 possunt

247 3805 332 3868 dedit,
357 3805 504 3874 periculum
529 3805 765 3860 administrationis
792 3819 885 3858 eorum
902 3821 960 3858 eam
976 3805 1060 3876 respi·
1112 3823 1128 3860 v
1171 3807 1269 3874 absint,
1286 3807 1338 3878 ipsi
1355 3813 1458 3864 tutores
1475 3807 1602 3862 iudicium
1625 3807 1786 3876 suscipiant,
1811 3825 1860 3878 pro
1883 3809 1925 3864 bis

253 3877 268 3928 t
304 3887 365 3926 cere
382 3871 486 3928 debere.
524 3871 558 3926 oi
574 3869 702 3928 ὁπωσοῦν
719 3865 871 3942 ἀφεθέντες
896 3865 930 3924 δι’
949 3889 1060 3928 exeusa-
1112 3879 1215 3940 autem,
1241 3875 1286 3946 qui
1309 3891 1392 3958 supra
1418 3877 1559 3946 septimum
1582 3891 1682 3930 annum
1705 3877 1800 3930 aetatis
1817 3881 1881 3932 sunt
1898 3883 1926 3932 et

251 3939 338 3994 tionos
363 3941 411 4006 τῆς
427 3943 573 4010 ἐπιτροπῆς
590 3933 712 4012 ἀνάγκην
729 3933 777 3994 οόιι
786 3943 891 4006 ἔχουσιν
903 3941 989 3994 αἰτεῖν
1004 3945 1061 3996 τοῖς
1111 3947 1127 3998 3
1160 3949 1269 4012 praesto
1286 3943 1395 4012 fuerunt,
1411 3945 1598 4000 auctoritatem
1614 3947 1760 4014 praestent.
1787 3943 1818 3998 ln
1836 3947 1947 4000 causis,

251 4027 483 4136 ι
729 4007 857 4080 υτ
1110 4011 1960 4136 ..u‡

285 4139 441 4200 3Psutrs
455 4145 523 4200 libro
541 4145 642 4198 decimo
659 4159 849 4214 responsorum
880 4143 994 4198 Decreta
1013 4145 1058 4200 de·
1109 4097 1454 4216 curatorispconveniatua
1478 4149 1519 4204 val
1543 4153 1637 4204 contra
1661 4121 1811 4204 concitorem
1838 4165 1923 4218 agere,

251 4211 389 4266 eunocum
411 4215 438 4264 et
459 4213 546 4280 ipsum
563 4213 746 4282 magistratum
770 4215 918 4266 curatorem
935 4213 993 4268 dari
1009 4231 1058 4282 po·
1109 4221 1139 4270 ut
1155 4215 1214 4284 ipse
1230 4217 1304 4270 litem
1320 4219 1458 4288 suscipiat.
1487 4217 1515 4270 in
1538 4217 1693 4272 absentibus
1719 4221 1808 4270 autem
1826 4217 1925 4274 admtis

251 4279 336 4334 tuisse
352 4279 485 4348 respondi.
1108 4287 1125 4336 4
1159 4283 1309 4338 omnimodo
1328 4291 1423 4340 contra
1441 4289 1592 4340 curatorem
1609 4283 1749 4354 agendum.
1790 4285 1853 4340 Non
1877 4285 1923 4342 de·

284 4345 530 4404 Hermotimus
544 4347 612 4420 libro
630 4347 708 4402 tatio
725 4347 828 4402 decimo
845 4347 1057 4420 disputationum
1108 4351 1198 4420 negari
1229 4357 1317 4408 autem
1350 4369 1437 4424 neque
1466 4355 1600 4408 tutoribus
1632 4367 1719 4420 neque
1755 4353 1923 4408 curatoribus

251 4519 280 4582 (1)
299 4509 514 4584 όυᾶν]ότσνιυν.
575 4519 608 4582 ii)
627 4519 656 4570 id
663 4531 714 4570 esi:
732 4517 761 4570 Si
770 4517 879 4568 minores
887 4535 940 4570 non
949 4519 1060 4578 habeant
1113 4525 1144 4588 (3)
1154 4521 1320 4574 subveniendi
1329 4543 1376 4576 scr.
1497 4525 1705 4592 (tirsifflpiaoos
1719 4525 1753 4576 D.
1771 4509 1924 4590 38,17,o,rs

251 4585 296 4650 qni
310 4585 409 4650 iegibus
418 4587 546 4652 prouisam
560 4603 646 4636 curam
655 4603 741 4638 eorum
749 4589 837 4650 agant,
851 4585 873 4636 si
883 4585 983 4652 quidem
992 4591 1059 4640 tuto·
1112 4593 1145 4656 (ι)
1163 4591 1271 4642 ediderit
1284 4591 1397 4658 Ulpio.
1474 4593 1507 4656 it)
1524 4579 1596 4660 pilos.
1667 4595 1698 4656 (i)
1718 4597 1746 4646 id
1759 4605 1806 4646 cst:
1824 4595 1853 4644 Si
1862 4609 1923 4644 vero

249 4669 306 4704 rum
316 4653 447 4718 indigeant
456 4659 560 4720 propter
566 4657 680 4716 aetatem,
689 4659 785 4706 tutores
794 4657 824 4702 ut
830 4655 863 4708 iis
872 4657 1060 4708 oonst'tuantur
1111 4661 1168 4724 quis
1177 4659 1217 4710 rei
1226 4659 1338 4710 creditor
1351 4659 1389 4710 vel
1403 4659 1542 4726 legatarius
1557 4663 1592 4710 sit
1611 4661 1652 4712 vel
1671 4661 1748 4712 aliam
1757 4663 1922 4714 catemariam

249 4723 335 4786 petere
354 4723 466 4784 possunt,
497 4723 600 4786 cognati
619 4727 645 4774 et
671 4723 759 4774 affines
784 4725 836 4772 tam
864 4723 966 4786 paterni
986 4741 1060 4790 quam
1111 4743 1168 4778 cum
1176 4729 1275 4792 pupillo
1283 4729 1362 4780 habet
1374 4725 1650 4794 connoversiom‚ipse
1664 4729 1765 4792 quidem
1781 4747 1832 4780 nou
1852 4733 1922 4796 petet

249 4789 358 4840 materni
367 4795 480 4856 possunt,
496 4791 573 4840 etiam
581 4791 657 4840 amici
667 4795 801 4858 parentum
816 4793 841 4840 et
849 4789 961 4854 ipsorum
969 4809 1059 4858 puero·
1111 4799 1218 4846 tutorem
1225 4795 1333 4862 pupillo,
1343 4795 1437 4860 sedqui
1443 4801 1530 4862 petere
1538 4801 1645 4860 possunt
1653 4801 1681 4846 ut
1690 4801 1779 4864 petant
1791 4803 1870 4864 roget,
1882 4795 1922 4850 vel

251 4861 264 4908 i
300 4873 357 4906 rum
378 4857 524 4908 educatores
539 4859 586 4908 hoo
603 4861 696 4924 petere.
725 4861 762 4910 Et
776 4857 869 4922 reliqui
883 4875 913 4910 ex
929 4861 1059 4912 voluntate
1111 4863 1317 4928 sibideiugiant,
1335 4867 1389 4914 tum
1403 4865 1544 4928 praesidem
1552 4865 1626 4916 adeat
1635 4867 1696 4916 etid
1709 4867 1791 4930 ipsum
1806 4867 1922 4928 meatui

251 4927 345 4976 tutores
371 4929 475 4990 petunt:
510 4931 570 4988 sunt
599 4931 682 4978 autem
710 4927 813 4992 quidam
842 4927 932 4990 quibus
959 4945 1059 4980 necesse
1109 4933 1281 4984 sconstituto
1290 4935 1374 4982 tutore
1382 4933 1616 4984 controversiarum
1624 4933 1840 4998 pupiilofiuiatur.
1850 4935 1921 4984 Haeo

250 4997 288 5044 est
302 4997 398 5044 tutores
412 4999 504 5058 petere,
521 4999 550 5044 ut
567 4999 647 5044 mater
662 4999 689 5044 et
701 4993 802 5048 liberti:
818 5009 849 5044 ex
868 4993 909 5044 his
923 4997 991 5046 cuim
1014 4997 1059 5048 illa
1109 4999 1140 5050 de
1150 4999 1283 5050 tutoribus.
1293 5005 1421 5050 curatores
1436 5005 1519 5050 antem
1538 4999 1589 5050 sibi
1605 5003 1656 5068 ipsi
1671 5003 1780 5052 minores
1789 5005 1889 5068 petunt,
1898 5001 1920 5050 si

250 5059 341 5110 damno
350 5061 468 5124 afficitur,
485 5063 578 5112 bivero
588 5063 665 5112 etiam
671 5065 840 5130 corriguntur,
851 5063 900 5113 nisi
908 5069 1005 5128 petant,
1015 5065 1059 5128 qui
1109 5067 1211 5132 quidem
1220 5067 1319 5134 adsunt,
1329 5085 1375 5134 per
1383 5083 1410 5118 se
1418 5067 1497 5132 ipsos,
1507 5069 1594 5118 sivero
1604 5085 1691 5120 eorum
1700 5071 1755 5134 quis
1765 5085 1869 5136 peregre
1877 5071 1921 5132 sit,

251 5143 429 5180 curameorum
443 5129 749 5196 secuudumlegesagaut.
776 5135 856 5180 mater
873 5131 940 5182 enim
959 5139 1059 5182 arcetur
1109 5137 1124 5186 5
1143 5139 1212 5200 petet
1221 5139 1470 5202 perprocuratorem.
1489 5139 1529 5186 An
1538 5137 1604 5186 alius
1619 5143 1758 5188 curatorem
1773 5137 1866 5188 minori
1876 5155 1919 5204 pe·

250 5209 266 5242 a
279 5195 327 5248 iiiii
343 5197 457 5260 legitima
480 5197 627 5260 hereditate,
646 5203 733 5264 utpote
749 5199 857 5262 indigna
873 5215 936 5264 quaa
958 5201 1057 5266 exlege
1109 5207 1161 5254 tere
1182 5205 1272 5268 possit,
1293 5205 1435 5268 quaesitum
1458 5209 1503 5256 ast.
1535 5209 1561 5254 οι
1576 5205 1666 5256 scribit
1685 5207 1920 5270 praestantissimus

249 5261 320 5314 heres
328 5263 380 5328 dat,
393 5265 416 5314 si
424 5265 543 5330 neglegat
552 5271 660 5316 tutorem
669 5269 693 5318 ei
703 5267 839 5320 constitui:
854 5269 879 5316 et
887 5283 939 5318 non
947 5269 1027 5320 solum
1036 5269 1057 5320 si
1109 5271 1233 5336 Ulpianus
1243 5273 1322 5322 alium
1331 5273 1356 5322 ei
1364 5275 1450 5338 petere
1459 5287 1511 5322 non
1520 5271 1619 5336 debere,
1628 5275 1673 5326 sed
1682 5273 1731 5324 sibi
1740 5275 1832 5338 ipsum,
1886 5273 1919 5336 (t)

251 5333 522 5396 mopsuestenam
532 5335 710 5400 sicumpetat,
720 5335 784 5386 diois
793 5349 868 5384 causa
876 5341 948 5400 petat
956 5353 1057 5388 excusa·
1109 5339 1137 5390 id
1145 5347 1194 5390 esi:
1211 5339 1262 5396 Qui
1271 5353 1428 5404 quocumque
1437 5341 1512 5390 modo
1521 5343 1759 5404 perexcusationem
1769 5341 1848 5392 tutela
1856 5339 1918 5392 libe-

249 5397 318 5446 tione
324 5397 489 5464 liberandum,
497 5401 587 5452 deinde
593 5401 700 5454 dimisso
710 5421 738 5454 so
744 5401 784 5454 vel
793 5401 868 5452 etiam
878 5405 970 5454 reiecto
979 5405 1058 5456 alium
1108 5407 1159 5456 rati
1168 5411 1235 5470 suut,
1250 5423 1351 5458 necesse
1364 5425 1416 5458 non
1432 5405 1527 5458 habent
1544 5407 1652 5472 pupillis
1667 5413 1775 5458 tutorem
1787 5413 1881 5476 petere,
1891 5409 1921 5456 ut

248 5479 336 5514 rursus
353 5481 405 5516 nou
419 5473 496 5532 petat,
512 5469 552 5520 vel
561 5471 585 5522 si
594 5469 681 5522 dedita
689 5485 767 5536 opera
780 5469 858 5520 malos
875 5475 954 5536 petat.
970 5473 1059 5524 liberti
1108 5473 1146 5524 ait
1154 5473 1239 5524 Severi
1249 5479 1275 5526 et
1283 5477 1409 5526 Antonini
1417 5475 1567 5526 constitutio
1614 5477 1775 5542 (aisantiad'
1821 5475 1919 5542 [loide-

247 5535 332 5584 autem
340 5537 443 5598 propter
451 5537 496 5586 has
506 5553 594 5588 causas
605 5539 716 5590 accusati
724 5537 793 5606 apud
800 5539 940 5602 praesidem
946 5541 1058 5606 graviim
1109 5541 1149 5592 dit
1160 5541 1202 5592 ΡΞ

248 5603 399 5668 puniuntur,
407 5603 431 5650 si
439 5611 559 5668 appareat
567 5621 610 5656 eos
625 5611 671 5656 aut
685 5605 846 5674 neglegentia
862 5623 907 5660 sua
921 5611 966 5658 aut
980 5609 1057 5658 etiam
1142 5609 1313 5674 (11)Sot.1.s·
1324 5621 1386 5662 emt.
1397 5623 1578 5672 e...1t.1s...n.;
1596 5611 1647 5662 Ed.
1655 5623 1674 5664 ι.
1685 5623 1706 5664 ι.
1717 5623 1737 5666 s.
1749 5623 1843 5672 tastu
1853 5611 1918 5674 Pap.

249 5671 267 5722 i
290 5669 357 5720 mala
365 5667 451 5720 bande
461 5687 512 5720 uon
521 5673 648 5742 petivisse.
667 5673 858 5726 Damatrercro
866 5689 930 5740 quae
939 5675 1056 5740 diximus,
1107 5689 1141 5728 is.
1151 5689 1247 5740 ettam
1263 5677 1426 5746 App.tt...et.
1442 5707 1476 5718 -
1490 5679 1554 5730 Bac.
1565 5681 1607 5742 37,
1617 5691 1638 5732 ι.
1647 5707 1679 5718 -
1691 5679 1730 5746 Cf.
1742 5681 1798 5734 σοι.
1811 5683 1835 5742 5,
1844 5689 1878 5732 st.
1889 5685 1917 5728 ss

249 5737 434 5804 intelleguntur
448 5751 477 5786 ex
489 5739 707 5806 epistulaSereri,
722 5741 879 5794 omusvarba
895 5741 1055 5796 subiecimus.
1108 5747 1152 5808 (ιι)
1170 5745 1440 5808 quaternionum.
1501 5787 1503 5790 .
