4366 6258
1085 349 1151 428 bii

288 557 391 666 {eulmen
407 541 459 664 ιιὲιι
467 543 484 608 ¹,
500 555 582 664 31an
595 539 809 664 manumissionis
830 545 950 612 tempore
966 541 1095 610 praestari
1146 541 1353 600 sidirersarum
1369 541 1514 624 civitatium
1530 543 1638 666 qiatlr'oni
1656 543 1711 626 sint
1727 541 1798 624 etin
1816 559 1865 666 slr’ra
1880 547 1936 614 quis·

289 625 425 748 cisiis?
439 625 702 748 sabaniani
719 615 1095 754 ,timiamateriis
1147 617 1824 760 usitatissimisattritis
1840 625 1936 760 nitri

290 753 302 802 1
338 755 458 816 tempore
474 745 638 816 praestabat.
673 747 753 828 Tales
776 753 890 816 patrono
913 761 1015 828 operae
1029 747 1095 826 den·
1147 753 1237 830 potest
1253 749 1345 830 decem
1362 747 1455 828 diebus
1473 747 1622 830 operandt),
1640 747 1719 802 ermol
1735 761 1822 826 opens
1838 747 1961 818 redimis,

287 821 345 936 tit:
365 813 958 952 iiiiiddiiiiuigiiiigiiiiiffili
979 829 1116 950 illis
1147 815 1935 952 stultissimastisiasutilitatem·

287 949 699 1088 peissningistllr'liiraglsiriggiriii
716 1015 751 1070 de
770 1015 830 1094 iure
845 1019 1012 1086 patronatus
1044 1009 1095 1070 nec
1146 947 1221 1070 rur2n4
1242 949 1961 1090 ξιῖιξιέθιξιιῠνέειξὲιζιιῗιοῗὲιωέιῗὲῃιοιιὲξιιωὶτιάέιίςῇἓὲἓξ

288 1083 436 1138 audientius
457 1087 500 1138 est
518 1089 660 1164 patruum,
683 1085 707 1138 si
726 1087 945 1164 poscrtoperas,
969 1099 1035 1162 quas
1053 1085 1095 1138 uel
1146 1099 1207 1138 nem
1224 1083 1380 1164 deducitur,
1391 1085 1479 1164 ,veluti
1494 1085 1623 1164 pictoriae
1638 1083 1761 1164 fabriles,
1778 1083 1834 1152 peti
1851 1085 1935 1164 quiden

288 1159 363 1234 aetas
380 1155 487 1234 recusat
502 1153 544 1206 vel
561 1153 702 1206 rnfirmrtas
720 1163 840 1232 corpeus
852 1165 906 1204 non
920 1155 1040 1232 patretur
1053 1153 1095 1204 vel
1145 1165 1200 1232 non
1216 1155 1332 1232 possunt
1347 1157 1581 1234 nrsrpraetentae,
1600 1165 1665 1220 ana
1682 1155 1732 1206 etsr
1745 1167 1800 1232 non
1813 1153 1904 1230 yerbrs,
1917 1163 1936 1210 at

288 1219 551 1344 quibiiiiiiiii
567 1221 1094 1358 titillatiosteatitis,
1145 1233 1251 1366 ²:⁰pr
1266 1219 1395 1354 tissi
1425 1225 1512 1350 ,lli
1525 1223 1961 1344 ttt‘lniattlttsislll

288 355 457 424 XXXVIII
480 357 494 424 1

1768 367 1815 424 ΒΕ
1836 367 1938 430 orme

248 1365 249 1368 ’
287 1355 359 1408 victu
376 1353 525 1420 vestituque
541 1369 638 1422 operas
654 1357 792 1420 praestare
803 1353 899 1408 debere
910 1353 1035 1408 libertum
1046 1353 1095 1408 Sa·

287 1423 366 1474 binus
385 1421 420 1474 ad
437 1421 552 1474 edictum
567 1419 700 1490 praetoris
720 1419 816 1480 urbani
833 1421 900 1474 libro
919 1421 1011 1488 quinto
1028 1421 1094 1474 seri-

287 1489 341 1542 bit:
365 1487 435 1556 quod
458 1489 480 1542 si
502 1489 575 1544 alere
596 1503 627 1544 se
647 1501 703 1540 non
723 1487 824 1556 possit,
846 1487 1009 1558 praestanda
1031 1489 1056 1542 ei
1078 1503 1095 1540 a

287 1561 402 1624 patrono
419 1555 557 1610 alimenta:

324 1619 362 1680 19
388 1623 478 1678 Galus
497 1625 565 1678 libro
587 1625 687 1704 quurtq
710 1621 812 1678 deamo
836 1623 873 1678 nd
894 1621 1009 1678 edictum
1028 1639 1095 1694 pro-

287 1693 402 1746 vinciale
435 1695 483 1744 aut
500 1695 572 1744 certe
587 1697 628 1744 ιιι
646 1689 790 1756 exigendae
808 1691 921 1744 suntab
939 1705 971 1744 eo
989 1705 1095 1760 operae,

286 1759 375 1812 uthis
393 1773 497 1828 quoque
515 1757 616 1824 diebus,
635 1757 732 1826 quibus
750 1773 845 1826 operas
863 1759 933 1826 edat,
952 1759 1016 1812 satis
1028 1763 1094 1812 tenr-

286 1823 1095 1960 rutrilrrtsttitttttfflntlititillatam

287 1961 339 2014 nisi
356 1959 411 2026 fiet,
429 1965 579 2028 praetorem
595 1961 684 2030 ipsam
692 1909 812 2032 {retrone
827 1961 1016 2028 denegaturum
1024 1909 1095 2030 qope-

287 2045 377 2082 rarum
400 2027 619 2098 praestationem:
642 2027 724 2098 idque
746 2035 907 2096 miserum,
926 2029 995 2150 (quia
1011 2047 1094 2086 unus·

287 2097 411 2164 quisque,
436 2097 506 2164 quod
527 2097 686 2164 spopondit,
709 2113 759 2152 suo
776 2097 908 2166 impendio
944 2113 991 2152 are
1008 2097 1095 2164 debet,

290 2171 300 2218 l
332 2163 463 2234 quamdiu
479 2165 507 2220 id
524 2163 595 2234 quod
612 2163 693 2226 debet
708 2165 737 2218 in
754 2181 842 2220 rerum
860 2171 958 2218 natura
975 2171 1024 2220 est.
1051 2167 1095 2220 Ex

286 2233 423 2302 provincia
439 2233 563 2288 libertum
581 2233 695 2288 Romam
710 2235 801 2290 renim
818 2233 914 2290 debere
931 2233 966 2288 ati
983 2233 1095 2290 redden·

287 2303 334 2356 dar
353 2303 466 2372 operasi
482 2301 614 2356 Proculus
632 2301 684 2358 ait:
708 2303 756 2358 sed
779 2303 824 2374 qui
846 2303 900 2356 dies
917 2301 1021 2358 interea
1037 2317 1095 2358 ces-

286 2369 378 2438 serint,
395 2371 457 2424 dum
468 2369 579 2424 Romam
591 2371 690 2438 venter,
708 2377 822 2440 patrono
839 2371 933 2440 perire,
953 2371 1095 2426 dummodo

285 2443 416 2506 patronus
433 2445 567 2508 tamquam
584 2439 624 2492 vir
641 2441 727 2494 bonus
745 2441 790 2494 et⁰
808 2439 917 2508 diligens
929 2445 1007 2508 pater
1017 2439 1095 2494 fami·

285 2507 336 2560 lias
353 2505 455 2560 Romae
476 2511 627 2560 moraretur
649 2507 693 2560 rel
714 2507 744 2560 iu
759 2507 923 2576 provinciam
939 2507 1095 2576 proficisca-

286 2581 344 2628 tur:
364 2579 480 2628 ceterum
496 2575 519 2630 si
532 2575 624 2644 vagari
637 2587 687 2644 per
701 2575 792 2630 orbern
805 2579 937 2630 terrarum
952 2575 1025 2640 velit,
1041 2591 1096 2630 non

286 2641 553 2726 esseiuiungeudam
576 2643 764 2698 necessitatem
785 2641 883 2698 liberto
909 2643 1008 2712 ubique
1036 2659 1095 2698 eum

287 2729 315 2768 se
364 2755 369 2766 .

316 2729 358 2840 il
380 2779 547 2836 lavaturus
560 2779 630 2836 libro
641 2785 721 2836 scruto
738 2795 776 2836 ece
790 2779 881 2836 Cossio
907 2779 1012 2850 Operae
1026 2779 1095 2836 enim

286 2851 363 2906 loeo⁷
382 2849 424 2904 edi
441 2849 538 2906 debent
554 2849 602 2904 ubi
618 2855 749 2920 patronus
766 2853 899 2914 moratur,
917 2855 1027 2920 sumptu
1044 2849 1095 2904 sci·

287 2921 349 2974 licet
367 2925 394 2974 et
409 2925 520 2974 vectura
536 2917 651 2988 petroni.

321 2983 564 3046 arenauno
587 2989 687 3058 quarto
710 2985 811 3042 dommo
835 2985 873 3040 ecl
893 2985 1008 3042 edictum
1027 3001 1095 3058 pro-

286 3055 401 3112 vinciale
435 3055 501 3112 llum
523 3061 654 3126 patronus
677 3069 774 3126 operas
796 3053 938 3124 stipulatus
959 3055 1006 3122 sit,
1030 3065 1095 3110 tuno

287 3125 390 3182 scilieet
412 3125 584 3180 committitur
607 3123 756 3194 stipulatio,
787 3139 847 3180 eum
868 3125 1023 3206 poposcerit
1045 3139 1095 3178 nec

286 3195 398 3250 libertus
414 3193 585 3264 praestiterit.
620 3209 672 3248 nec
688 3193 813 3262 interest,
836 3191 941 3248 adrecta
959 3193 1011 3248 sint
1027 3193 1095 3248 haec

287 3265 369 3320 verba
393 3267 462 3318 ‘cum
483 3263 642 3334 poposcero'
665 3277 701 3330 an
723 3277 778 3318 non
801 3263 855 3320 siut
877 3261 995 3318 adiecta:
1023 3262 1095 3317 aliud

287 3333 356 3388 enim
374 3337 414 3388 est
431 3331 576 3402 de-operis,
595 3331 669 3386 aliud
681 3331 714 3388 de
725 3331 819 3388 ceteris
830 3331 921 3386 rebus.
948 3349 1008 3386 cum
1027 3331 1095 3386 enim

287 3417 429 3470 operarum
446 3401 527 3458 editio
543 3401 609 3454 nihil
626 3399 700 3454 aliud
717 3399 753 3454 sit
770 3415 848 3470 quarn
870 3397 951 3454 officii
974 3407 1094 3472 praesta-

286 3471 339 3540 tio,
363 3471 509 3526 absurdum
532 3475 573 3526 est
593 3469 702 3524 credere
725 3469 778 3524 elio
801 3469 843 3524 die
864 3469 955 3524 deberi
978 3469 1095 3524 officium

290 3543 301 3588 1
338 3551 417 3604 quam
441 3551 494 3606 quo
517 3537 541 3592 is
560 3539 652 3608 uellet,
676 3537 720 3592 cui
736 3537 927 3604 praestandum
944 3541 993 3592 est.
1029 3537 1095 3592 eum

286 3603 398 3658 libertus
415 3603 567 3674 promiserit
580 3609 696 3676 patrono
714 3619 808 3674 operas
825 3621 855 3662 se
871 3605 996 3660 daturum
1008 3621 1095 3674 neque

287 3673 414 3726 adiecerit
440 3673 589 3742 ‘liberisque
614 3671 689 3738 eins’,
718 3677 825 3728 constat
851 3673 942 3730 liberis
971 3675 1027 3730 eius
1056 3675 1095 3728 ita

287 3739 392 3796 demum
410 3741 512 3808 deberi,
535 3743 558 3796 si
578 3741 651 3812 patri
672 3741 781 3796 heredes
805 3743 948 3796 extiterint.
983 3743 1094 3798 heredes

286 3815 376 3866 tamen
400 3811 520 3866 extitisse
540 3811 639 3866 liberos
662 3809 767 3880 parenti
788 3809 827 3864 ita
845 3811 950 3868 denum
967 3811 1095 3882 prodesse

287 3879 322 3934 ad
340 3893 480 3948 operarum
500 3879 656 3950 petitionem
672 3879 775 3934 Iuliam
798 3879 900 3948 placet,
924 3879 948 3934 si
971 3895 1026 3934 non
1046 3895 1095 3948 per

287 3949 369 4000 adum
386 3949 495 4004 heredes
513 3949 666 4004 extiterunt.
700 3949 790 4018 itaque
813 3947 836 4002 si
857 3949 915 4018 quis
932 3949 1094 4006 exheredato

287 4017 453 4086 emancipato
475 4015 537 4072 lilio
556 4033 661 4072 servum
685 4017 740 4072 eius
762 4015 885 4072 heredem
905 4017 1052 4072 instituerit
1069 4025 1095 4072 et
1124 4043 1125 4046 ¹

1123 4091 1229 4138 artem
1272 4087 1407 4140 antonini
1428 4091 1563 4150 exerceat,
1592 4099 1684 4138 uerum
1710 4091 1750 4140 est
1775 4087 1871 4142 debere
1892 4099 1938 4140 eun

1123 4155 1199 4226 Quen
1221 4103 1308 4210 seium
1325 4153 1376 4222 ipsi
1392 4159 1519 4222 patrono,
1542 4153 1590 4210 sed
1613 4153 1692 4206 etiarn
1715 4153 1861 4208 amicorum
1882 4153 1938 4206 ludis

1123 4239 1125 4242 ·
1143 4221 1287 4290 gratuitam
1306 4237 1413 4290 operam
1430 4221 1572 4290 praebere:
1591 4221 1662 4276 sicut
1679 4237 1739 4276 eum
1756 4235 1860 4292 quoque
1873 4221 1937 4276 liber·

286 4099 336 4154 per
353 4099 413 4138 eum
430 4099 533 4138 serrum
549 4087 627 4140 heres
646 4085 763 4140 extiterit
776 4085 855 4150 filius,
873 4085 966 4156 repelli
983 4101 1042 4140 eum
1060 4087 1094 4142 ab

287 4167 428 4222 operarum
450 4153 576 4222 petitione
600 4153 709 4218 debere,
736 4153 846 4222 perinde
867 4167 899 4208 ac
923 4155 1095 4222 repelleretur

285 4225 429 4290 patronus,
453 4219 498 4288 qui
521 4235 617 4290 operas
640 4237 696 4276 non
716 4219 885 4292 imposuisset
901 4221 943 4276 vel
962 4237 1029 4292 quas
1045 4221 1093 4276 im-

287 4297 302 4342 a
337 4291 427 4360 posuit
443 4289 640 4346 revendidisset.
666 4291 699 4344 ln
712 4291 834 4346 omnibus
848 4291 936 4360 operis
950 4291 1095 4360 praecipue

287 4357 481 4414 obseruandum
500 4363 548 4424 est,
565 4363 597 4412 ut
613 4357 740 4428 temporis
758 4357 852 4428 spatia,
871 4375 939 4426 quae
954 4357 989 4414 ad
1002 4373 1093 4414 curam

249 4483 252 4490 ,
287 4443 334 4482 cor
354 4427 407 4482 oris
425 4425 575 4480 necessaria
591 4431 663 4492 sunt,
681 4427 776 4482 liberto
792 4427 985 4496 relinquantur.

343 4493 361 4552 3
380 4495 523 4550 fucramus
538 4495 606 4550 libro
627 4497 770 4550 uicensimo
791 4495 907 4552 eomodo
929 4495 1094 4566 dioestorum

286 4563 344 4618 Hae
362 4577 467 4630 operae,
485 4575 552 4630 quas
569 4561 681 4618 iubentus
697 4563 841 4632 promittit,
864 4563 977 4618 multum
994 4563 1094 4618 distem

287 4645 303 4684 a
321 4631 460 4684 fabrilibus
476 4629 519 4684 rel
535 4629 656 4698 pistoriis
674 4631 771 4700 operis.
806 4631 919 4698 denique
942 4631 966 4684 si
982 4629 1094 4686 libertus

286 4701 363 4754 faber
380 4705 428 4754 aut
443 4697 531 4768 pictor
547 4697 642 4764 fuerit,
665 4699 789 4768 quamdiu
809 4699 837 4752 id
858 4699 1000 4752 artificium
1018 4713 1093 4752 exer-

287 4769 371 4834 cebit,
395 4767 444 4820 has
467 4781 562 4836 operas
578 4771 694 4834 patrono
710 4771 847 4834 praestare
865 4767 976 4834 cogitur.
1011 4779 1095 4834 quare

287 4837 357 4888 sicut
374 4835 480 4888 fabriles
499 4849 594 4902 operas
612 4833 672 4902 quie
689 4839 778 4902 potest
795 4835 846 4888 sibi
863 4839 910 4888 aut
923 4833 993 4890 Titio
1009 4833 1093 4900 stipu-

287 4903 351 4966 lari,
375 4903 412 4956 ita
434 4909 563 4970 patronus
586 4915 603 4954 a
623 4901 720 4956 liberto
743 4903 858 4972 operas⁸
881 4903 933 4958 sibi
955 4907 1003 4956 aut
1019 4903 1093 4956 Sem-

286 4971 380 5040 pronio
404 4975 477 5024 recte
499 4969 656 5038 stipulatur:
680 4977 707 5024 et
728 4969 840 5026 libertus
863 4969 1023 5038 obligatione
1039 4969 1092 5026 sol·

1146 1353 1219 1408 utrbs
1237 1359 1279 1408 est
1294 1353 1362 1408 haee
1379 1353 1529 1420 stipulatio:
1547 1357 1653 1422 ‘operas
1669 1359 1731 1406 tuas
1747 1353 1874 1420 pictoriae
1890 1369 1936 1408 ceu·
1956 1345 1961 1416 ἰ

1146 1423 1211 1474 tum
1228 1419 1308 1474 bodie
1327 1421 1391 1474 dare
1409 1419 1553 1488 spondes'?
1581 1419 1680 1476 cedunt
1702 1425 1790 1474 tamen
1808 1435 1901 1488 operae
1914 1437 1937 1480 er

1146 1487 1188 1540 die
1205 1487 1381 1556 interpositae
1397 1487 1584 1554 stipulationis.
1620 1487 1669 1540 sed
1687 1501 1796 1556 operae,
1820 1501 1884 1554 quas
1902 1505 1935 1558 pe·
1956 1519 1961 1544 r

1145 1561 1240 1610 monus
1259 1569 1276 1608 a
1292 1555 1388 1608 liberto
1405 1555 1530 1624 postulat,
1549 1555 1689 1608 confestim
1701 1569 1755 1610 non
1769 1555 1873 1622 cedunt,
1890 1559 1937 1624 quio

1145 1621 1173 1678 id
1202 1623 1246 1690 agi
1272 1621 1343 1678 inter
1369 1637 1415 1676 eos
1442 1621 1560 1690 ridetur,
1586 1637 1621 1676 ne
1644 1627 1707 1676 ante
1731 1623 1853 1678 cederent
1874 1615 1961 1696 quani

1145 1689 1262 1744 indictae
1279 1689 1407 1754 fuissent,
1430 1689 1531 1744 scilicet
1554 1689 1616 1758 quia
1637 1705 1671 1744 ex
1695 1691 1833 1744 commodo
1849 1697 1935 1756 patroni

1145 1757 1257 1810 libertus
1276 1771 1371 1826 operes
1390 1757 1468 1810 edere
1485 1757 1577 1810 debet:
1601 1757 1674 1826 quod
1697 1759 1725 1810 in
1745 1757 1821 1810 fabro
1838 1759 1879 1810 sel
1894 1759 1935 1828 pio·

1145 1829 1204 1878 tore
1222 1825 1275 1878 dici
1291 1839 1346 1880 non
1363 1825 1494 1880 convenit.
1702 1829 1704 1832 “

1180 1889 1220 1948 25
1245 1891 1328 1946 Inar!
1353 1891 1421 1948 libro
1449 1893 1639 1962 sexoornsimo
1668 1895 1761 1966 quinto
1790 1891 1961 1966 dioeetoruui

1145 1959 1294 2026 Patronus,
1321 1959 1367 2028 qui
1390 1975 1485 2030 operes
1508 1961 1596 2016 liberti
1617 1961 1660 2016 sui
1682 1963 1767 2026 locet,
1791 1977 1845 2016 non
1866 1963 1961 2020 mabri

1145 2029 1337 2098 intellegendus
1361 2035 1402 2082 est
1424 2029 1572 2084 mercedem
1595 2029 1629 2082 ab
1651 2045 1684 2084 eo
1708 2045 1816 2098 capere:
1840 2030 1884 2084 sed
1899 2009 1961 2088 hori

1146 2111 1179 2218 f
1195 2087 1961 2236 sifflaetissififsimtbistsllisl

1145 2233 1253 2288 mimum
1270 2233 1394 2288 libertum
1410 2233 1509 2288 babeat
1531 2233 1632 2288 eteius
1649 2233 1790 2290 mediocris
1804 2233 1936 2302 patrimonii
1956 2223 1961 2312 i

1145 2303 1193 2370 sit,
1217 2307 1248 2356 ut
1269 2317 1324 2356 non
1348 2301 1426 2356 aliter
1448 2299 1535 2370 operis
1553 2299 1609 2356 eius
1627 2301 1667 2356 uti
1684 2303 1770 2372 possit
1787 2315 1865 2370 quam
1880 2303 1936 2356 loce·
1956 2313 1960 2322 ·

1145 2371 1212 2426 verit
1229 2385 1289 2436 eas,
1310 2371 1415 2440 exigere
1432 2369 1515 2440 magis
1535 2385 1629 2492 operas
1647 2385 1728 2440 quam
1745 2369 1890 2424 mercedem
1906 2387 1937 2424 eu·
1955 2323 1961 2444 i

1147 2443 1161 2494 2
1195 2453 1259 2506 pere
1270 2439 1461 2494 exiedmandus
1473 2443 1522 2494 est.
1559 2443 1613 2494 tem
1624 2437 1781 2508 plerumque
1792 2437 1886 2492 medici
1895 2455 1936 2494 ser·
1956 2445 1960 2458 ¹

1145 2523 1193 2560 uos
1210 2507 1329 2576 eiusdem
1347 2507 1413 2562 artis
1429 2507 1538 2562 libertos
1556 2505 1720 2576 perducunt,
1739 2521 1850 2576 quorum
1868 2509 1936 2576 operis
1960 2527 1961 2530 ¹

1145 2581 1275 2644 perpetuo
1293 2575 1333 2628 uti
1349 2591 1404 2630 non
1420 2575 1498 2630 aliter
1535 2581 1636 2644 essunt,
1654 2589 1734 2644 quam
1751 2579 1782 2628 ut
1796 2589 1842 2628 eas
1857 2573 1935 2632 locent
1960 2597 1961 2606 ¹

1147 2649 1161 2696 3
1197 2657 1230 2698 ee
1247 2643 1318 2698 etin
1337 2643 1431 2698 ceteris
1449 2643 1500 2698 arti
1521 2641 1596 2698 cibus
1614 2643 1668 2698 diei
1684 2647 1806 2714 possunt.
1841 2641 1890 2698 Sed
1907 2647 1937 2712 qui
1960 2675 1961 2678 ¹

1146 2711 1233 2782 operis
1244 2711 1335 2766 liberti
1346 2713 1388 2766 sui
1400 2713 1440 2766 uti
1450 2717 1539 2782 potest
1549 2717 1577 2768 et
1586 2713 1702 2768 locando
1716 2711 1830 2782 pretium
1845 2715 1938 2766 eanrnt

1146 2781 1274 2850 consequi
1294 2779 1399 2846 mallet,
1428 2781 1452 2836 is
1474 2779 1665 2836 existimandus
1688 2791 1731 2836 est
1751 2779 1896 2836 mercedem
1915 2795 1937 2836 er
1960 2797 1961 2800 ¹

1146 2853 1161 2902 4
1196 2851 1284 2918 operis
1313 2849 1402 2904 liberti
1429 2849 1471 2906 sui
1499 2863 1603 2920 capere.
1643 2847 1841 2918 Nonnunquam
1866 2851 1936 2904 cumn

1145 2917 1211 2986 ipsis
1235 2917 1339 2974 libertis
1366 2917 1564 2998 postulantibus
1592 2917 1701 2988 patroni
1729 2931 1824 2986 operas
1851 2917 1936 2972 locant:

1146 3001 1198 3056 quo
1215 2985 1289 3042 facto
1307 2991 1422 3056 pretium
1439 2987 1522 3056 magis
1540 3001 1683 3058 operarum
1706 3001 1785 3058 quam
1808 2985 1937 3040 mercedem

1146 3071 1178 3110 ca
1199 3069 1242 3110 ere
1260 3055 1429 3110 existimandi
1446 3061 1517 3110 sunt.

1178 3069 1221 3182 ib
1238 3125 1375 3178 Aturrus
1391 3123 1482 3178 imaus
1496 3125 1565 3180 libro
1579 3123 1693 3196 septimo
1709 3123 1871 3196 clipeatorum
1895 3123 1936 3178 lde·

1145 3191 1221 3248 diens
1232 3193 1353 3260 libertus,
1368 3193 1566 3262 quodputoret,
1584 3193 1608 3248 si
1617 3191 1707 3248 liberti
1717 3193 1758 3248 sui
1768 3193 1918 3248 medicinam
1925 3193 1936 3226 ¹⁰
1960 3227 1961 3230 η

1145 3277 1200 3324 non
1214 3259 1341 3328 facerent,
1359 3263 1545 3332 multoplures
1557 3261 1780 3332 imperantessibi
1793 3263 1936 3324 habiturum
1960 3285 1961 3300 2

1145 3331 1359 3456 titillabit
1374 3335 1717 3470 fratrisfiatris?
1730 3331 1937 3454 astitisti?

1145 3483 1189 3526 ras
1200 3471 1220 3502 ¹¹
1238 3483 1335 3538 operas
1352 3469 1387 3524 ab
1405 3469 1443 3524 eis
1460 3469 1590 3538 exigeret,
1608 3469 1660 3524 boc
1679 3473 1766 3524 estut
1783 3469 1937 3538 adquiescere
1960 3471 1961 3474 ’

1145 3553 1191 3592 eos
1214 3537 1359 3592 meridiano
1380 3541 1500 3608 tempore
1522 3541 1550 3592 et
1571 3535 1730 3592 valetudinis
1755 3541 1782 3592 et
1806 3537 1937 3592 honestatis

1147 3611 1158 3658 ι
1196 3619 1261 3662 suae
1278 3605 1407 3662 rationem
1424 3605 1524 3660 babere
1541 3607 1648 3662 sineret.
1675 3605 1742 3660 Item
1753 3607 1852 3676 rogaui,
1871 3605 1937 3660 sibu

1145 3689 1242 3742 operas
1257 3673 1377 3730 liberti¹²
1395 3675 1458 3730 dare
1475 3672 1590 3742 nollent,
1612 3673 1705 3742 quanti
1722 3679 1858 3744 oporteret
1874 3673 1937 3730 aesi-

1144 3743 1221 3796 mari.
1256 3743 1401 3814 respondit,
1420 3747 1548 3812 quantum
1565 3757 1599 3798 ex
1615 3743 1720 3796 illorum
1738 3743 1824 3814 operis
1841 3741 1937 3808 fruetus,

1145 3827 1199 3868 nou
1216 3817 1344 3880 quantum
1361 3827 1395 3866 ex
1407 3811 1575 3866 incommodo
1589 3811 1677 3868 dando
1690 3809 1750 3880 illis,
1768 3811 1792 3866 si
1802 3811 1938 3884 prohiberet

1123 3895 1124 3898 ¹
1145 3895 1190 3934 eos
1208 3881 1366 4002 medsscinam
1383 3879 1479 3948 facere,
1499 3881 1629 3936 commodi
1646 3885 1775 3950 patronus
1794 3887 1937 3936 consecuto·

1123 4003 1124 4006 ,
1145 3965 1191 4002 rus
1208 3963 1288 4004 esse.

1179 4013 1218 4074 27
1236 4017 1382 4072 lucrinus
1400 4017 1469 4074 libro
1487 4017 1580 4088 primo
1598 4033 1635 4072 ear
1652 4017 1763 4074 Minicio
1798 4017 1827 4072 st
1844 4017 1938 4072 libertus

1143 4295 1215 4356 tum,
1243 4291 1289 4360 qui
1314 4289 1472 4344 medicinam
1495 4295 1614 4354 exercet,
1640 4305 1731 4346 serum
1754 4295 1796 4344 est
1817 4291 1938 4346 voluntate

1124 4357 1250 4426 ¹patroni
1274 4363 1429 4414 curaturum
1451 4359 1533 4426 gratis
1556 4359 1656 4414 amicos
1679 4357 1744 4414 eius.
1778 4359 1938 4426 nequeenim

1144 4431 1251 4498 oportet
1268 4433 1423 4496 patronum,
1447 4433 1476 4482 ut
1499 4427 1587 4498 operis
1609 4427 1698 4480 liberti
1719 4425 1761 4482 sui
1777 4433 1881 4496 utatur,
1904 4425 1938 4482 ant

1124 4525 1125 4528 =
1144 4495 1222 4550 ludos
1240 4509 1346 4564 semper
1363 4495 1451 4550 faeere
1468 4501 1516 4550 aut
1533 4501 1680 4564 aegrotare.

1178 4559 1218 4622 28
1237 4561 1358 4618 Peuces
1373 4563 1440 4618 libro
1457 4563 1595 4634 sr'cquluri
1610 4563 1644 4616 dc
1661 4563 1722 4618 iure
1732 4567 1896 4644 potronatus
1919 4557 1938 4616 θ’

1145 4629 1257 4684 duorum
1271 4631 1419 4700 pluriumve
1434 4631 1581 4684 communis
1592 4631 1689 4684 liberta
1700 4645 1778 4684 umus
1789 4631 1895 4700 patroni
1904 4645 1938 4686 m·

1143 4699 1248 4752 luntete
1265 4699 1395 4768 nupserit,
1414 4699 1491 4752 alteri
1507 4705 1622 4768 patrono
1637 4697 1681 4754 ius
1699 4711 1839 4768 operarum
1855 4701 1938 4752 manet.

1178 4763 1219 4822 29
1243 4765 1390 4820 Uarrones
1409 4767 1476 4822 fibro
1499 4767 1689 4838 sexuoeasimo
1712 4765 1939 4836 quartuordecim

1133 4837 1201 4888 'tum
1235 4831 1265 4888 Si
1288 4849 1430 4902 operarum
1451 4833 1550 4888 iudicio
1572 4837 1664 4888 actum
1682 4831 1763 4888 fuerit
1780 4849 1841 4888 eum
1857 4833 1938 4888 liberte

1144 4905 1171 4954 et
1187 4907 1319 4970 patronus
1337 4901 1489 4966 decesserit,
1507 4901 1629 4956 conuenit
1645 4901 1846 4956 translationem
1862 4897 1938 4956 bared

1144 4973 1271 5024 extraneo
1289 4971 1374 5024 non¹³
1392 4985 1450 5024 esse
1467 4969 1595 5024 dandam:
1612 4969 1669 5022 filio
1686 4973 1775 5022 autern
1793 4973 1820 5022 et
1836 4969 1860 5024 si
1876 4969 1938 5024 burs

286 5043 369 5102 vetur,
388 5037 489 5092 sitales
503 5041 738 5116 operasextraneo
750 5037 858 5104 dederit,
874 5039 966 5104 quales
978 5043 1092 5108 patrono
1143 5053 1201 5092 non
1222 5041 1296 5092 extat
1319 5041 1347 5092 et
1367 5037 1391 5092 si
1412 5036 1445 5092 lis
1463 5037 1642 5106 contestata¹j⁴
1663 5053 1719 5090 non
1740 5037 1842 5102 iuerat,
1865 5041 1938 5092 muner

290 5113 298 5158 r
330 5167 332 5172 s
355 5105 496 5160 raestando
513 5105 682 5164 lrberaretur.
709 5105 738 5160 ili
750 5107 857 5176 patroni
868 5107 958 5174 plures
971 5107 1092 5162 consulto
1143 5103 1295 5160 omnimodo
1313 5119 1372 5160 conr
1392 5105 1447 5172 etit,
1464 5105 1516 5160 nisi
1533 5103 1710 5160 exheredatos
1727 5105 1771 5158 sit.

284 5175 312 5228 in
350 5175 447 5236 'versas
465 5173 585 5244 regiones
603 5173 775 5230 discesserint
793 5179 819 5230 et
830 5173 926 5228 liberto
939 5173 1017 5228 simul
1029 5191 1092 5242 cpe·
1178 5169 1218 5230 30
1238 5173 1431 5228 Censusibro
1448 5173 1605 5230 duodecimo
1622 5173 1786 5242 dioestorum
1820 5171 1849 5226 Si
1871 5173 1938 5228 liber·

285 5257 330 5296 ras
347 5241 496 5310 indixerint,
533 5245 604 5314 otest
621 5241 674 5294 dici
689 5241 757 5296 diem
773 5257 914 5310 operarum
926 5241 1028 5308 cedere,
1046 5243 1100 5296 sed
1142 5245 1188 5296 tus
1204 5239 1243 5296 ita
1259 5241 1389 5296 iurauerit
1404 5239 1468 5296 dare
1485 5255 1523 5306 se,
1540 5245 1605 5310 quot
1621 5255 1718 5310 operas
1733 5245 1864 5320 patronus
1880 5239 1938 5320 arbi·

284 5311 407 5364 libertum
430 5323 484 5364 non
506 5323 522 5364 o
542 5309 633 5378 ligari,
656 5309 720 5376 quia
740 5325 795 5364 non
817 5323 866 5378 per
885 5323 957 5378 euru,
982 5309 1029 5364 sed
1045 5325 1093 5378 per
1142 5313 1230 5362 tratas
1248 5309 1297 5374 sit,
1320 5323 1375 5362 non
1397 5307 1475 5362 aliter
1496 5313 1584 5362 ratum
1607 5307 1665 5362 fore
1682 5307 1821 5362 arbitrium
1837 5313 1939 5378 patrem

284 5383 411 5444 patronos
430 5379 525 5444 staret,
544 5393 597 5446 quo
614 5373 701 5430 minus
719 5391 816 5446 operae
833 5377 941 5444 dentur,
960 5377 1029 5432 sieut
1046 5393 1092 5434 ao·
1143 5391 1222 5444 quam
1240 5377 1263 5430 si
1280 5391 1395 5444 aequum
1413 5377 1558 5432 arbitratus
1576 5375 1620 5432 sit.
1654 5379 1683 5430 et
1697 5373 1754 5430 iere
1772 5389 1804 5430 ea
1820 5389 1893 5430 mens
1908 5377 1939 5430 est

285 5443 357 5510 cidit,
375 5459 435 5496 curn
452 5443 601 5512 aegrotanti
614 5443 712 5498 liberto
724 5459 821 5512 operae
831 5443 993 5506 indicuntur.
1020 5445 1092 5514 quod
1141 5457 1284 5512 personam
1306 5443 1416 5500 arbitrio
1439 5443 1671 5510 substituendum,
1694 5447 1738 5512 ut,
1760 5443 1824 5512 quia
1844 5445 1939 5512 sperent

284 5619 316 5682 (ι)
332 5609 431 5668 horrca
482 5617 515 5680 it)
534 5615 643 5698 desdam
651 5613 701 5698 Γῆ
744 5617 777 5680 (sl
795 5615 879 5680 quales
887 5619 1092 5696 patronooperae
1142 5613 1599 5698 bbertiquodputaretsimedicinem
1607 5617 1785 5702 Bpokmeboele
1832 5619 1872 5682 (ιι)
1889 5617 1939 5670 libe

282 5685 399 5816 :erclilurrtufg
401 5697 435 5816 'ex
426 5685 564 5818 ¹³52ng
565 5687 701 5806 1{totelsatlrlraltasar:
707 5683 913 5818 ᾱιῖιῖἒῖιῖὁμῌ)
926 5689 1018 5816 mageo
1019 5699 1092 5806 ονιάτέῗ
1141 5683 1256 5804 ἷξες
1295 5687 1339 5750 (iil
1357 5683 1467 5738 lubens
1503 5689 1545 5750 itt)
1564 5687 1671 5740 nondet
1684 5689 1798 5740 Οιιιαιιιιι
1832 5689 1875 5756 (tr)
1892 5701 1939 5740 eet·

283 5821 318 5884 (⁸)
334 5821 630 5886 essinaautoporesdst
684 5823 716 5884 (t)
734 5819 868 5872 eoran'
919 5823 965 5886 (to)
981 5821 1092 5872 medicus
1231 5829 1232 5832 ’
