4366 6258
265 349 366 418 ΧΠ1

265 541 413 606 numeravi,
438 541 487 594 snb
509 539 666 606 impossibili
689 537 846 592 condicione
863 539 897 594 sti
915 539 985 592 ulcr:
1010 553 1071 592 cmn

218 609 219 612 ’
265 613 279 662 ι
315 609 383 664 enim
398 607 471 662 nulla
488 605 522 660 sit
539 607 688 676 stipulatio,
705 607 824 660 manebit
842 625 894 664 con
914 607 982 662 'ctiu
1018 607 1072 660 Sed

265 677 329 730 etsi
344 679 368 730 ei
381 689 561 738 numerarem,
580 679 623 730 cui
636 681 732 742 postea
745 675 823 730 bonis
837 675 1007 730 interdictum
1022 681 1070 740 est,

264 761 327 800 mox
344 745 377 796 ab
395 757 427 796 eo
445 743 564 810 stipuler,
581 749 646 812 puto
664 741 765 810 pupillo
785 759 845 796 euni
863 741 1070 820 conparandum,
1091 743 1093 746 ’

265 817 279 866 8
315 811 438 880 quoniam
456 815 483 862 et
500 811 651 878 stipulando
670 811 721 862 sibi
738 809 863 880 adquirit.
899 811 927 864 Si
950 825 1070 862 nummos

264 893 336 932 meos
362 883 406 932 ιιιι
432 877 538 930 nomine
564 877 659 932 dedero
682 877 753 930 velut
778 883 840 934 tuos
863 879 973 932 absente
995 883 1021 930 te
1045 885 1071 930 et

264 947 416 1014 ignorante,
440 945 530 998 Aristo
555 945 648 1000 scribit
672 943 777 1012 adquiri
798 947 847 1000 tibi
866 943 1069 1000 condictionem:

264 1013 382 1066 tubanus
408 1027 513 1080 quoque
539 1013 571 1066 de
596 1013 648 1066 ιιι
671 1011 850 1082 interrogatus
875 1013 942 1066 libro
969 1013 1070 1066 decimo

265 1081 358 1132 scribit
373 1093 462 1132 reram
479 1095 538 1132 esse
554 1081 687 1132 Aristonis
704 1081 861 1134 sententiam
879 1095 928 1132 uec
946 1079 1070 1144 dubitari,

265 1147 342 1264 flffin’
366 1147 389 1202 si
411 1161 498 1200 meam
520 1147 661 1214 pecuniam
683 1153 731 1202 tuo
748 1149 854 1202 nomine
871 1147 1008 1200 voluntate
1024 1153 1071 1198 tua

284 1213 370 1278 edero,
387 1213 437 1264 tibi
453 1213 615 1282 adquiritnr¹
635 1212 688 1266 obli
705 1215 768 1280 atio,
789 1231 849 1270 cum
865 1213 972 1266 cottidie
986 1213 1071 1268 credi-

263 1283 316 1334 turi
333 1279 472 1348 pecuniam
489 1287 607 1336 mutuam
624 1279 659 1334 ab
703 1281 729 1336 io
746 1297 903 1352 poscamus,
926 1287 957 1334 ut
980 1287 1070 1336 nostro

264 1349 368 1402 nomine
395 1347 508 1402 creditor
533 1351 670 1402 ιιιιιιιι2
700 1351 791 1402 futuro
824 1349 936 1402 debitori
969 1355 1069 1402 nostro.

265 1419 280 1468 9
315 1415 432 1484 Deposui
449 1417 521 1484 apud
537 1423 565 1468 te
581 1415 686 1480 decem,
710 1425 804 1486 postea
827 1417 934 1484 permisi
951 1417 999 1468 tibi
1016 1417 1069 1468 uti:

264 1483 351 1538 Nerva
360 1483 489 1536 Proculus
504 1483 584 1536 etiam
599 1489 740 1552 antequam
754 1487 917 1546 moveantur,
932 1483 1071 1536 condicere

265 1549 341 1618 quasi
357 1555 448 1602 mutua
465 1549 513 1602 tibi
530 1551 595 1602 haec
612 1553 709 1618 ιοιιι3
726 1551 809 1616 ιιιιι,
828 1555 855 1604 ιι
872 1555 913 1602 ιιι
926 1565 1023 1614 verum,
1041 1557 1072 1602 ut

265 1625 291 1672 et
313 1617 441 1672 Marcello
464 1617 582 1672 videtur:
609 1621 696 1674 animo
723 1621 791 1672 enim
818 1617 906 1684 coepit
928 1617 1071 1686 possidere.

265 1703 325 1756 ergo
343 1687 439 1738 transit
455 1687 601 1754 periculum
618 1687 653 1742 ad
670 1703 742 1752 enm,
767 1685 812 1754 ιιι
835 1689 955 1738 mutuam
971 1685 1073 1752 rogarit

264 1759 291 1808 et
327 1753 405 1806 oterit
422 1753 446 1806 ei
464 1753 575 1808 condici.

320 1819 435 1876 oraru
454 1819 521 1874 libro
544 1821 661 1876 secundo
685 1825 722 1876 ud
743 1819 858 1874 edictum
893 1819 969 1888 Quod
992 1821 1014 1872 si
1036 1821 1070 1874 ab

262 1887 352 1952 initio,
376 1903 436 1942 curn
458 1887 631 1956 deponerem,
655 1891 696 1942 uti
718 1887 766 1942 tibi
789 1887 813 1940 si
829 1887 901 1942 voles
918 1889 1071 1956 permisere,

264 1957 391 2008 creditam
408 1971 462 2008 non
480 1971 537 2010 esse
555 1963 696 2026 antequam
714 1961 787 2008 mota
804 1957 853 2020 sit,
877 1957 1002 2022 quoniam
1026 1957 1071 2008 de-

263 2023 321 2078 bitu
339 2023 372 2076 iri
389 2029 501 2078 nonest
518 2031 627 2080 certum.

299 2089 335 2148 11
355 2091 436 2146 roan
454 2093 522 2146 libro
546 2093 687 2148 uicensimo
710 2097 789 2144 sexto
813 2091 851 2144 ud
867 2089 981 2146 edictum
1016 2091 1071 2146 ao-

264 2161 331 2228 gasti
349 2175 404 2226 me,
426 2167 456 2216 ut
473 2161 522 2214 tibi
538 2161 678 2230 pecuniam
695 2159 843 2212 crederem:
868 2173 915 2228 ego
939 2175 999 2212 cum
1016 2175 1071 2214 non

263 2227 401 2296 haberem,
418 2231 522 2284 lancem
538 2227 587 2283 tibi
605 2227 665 2280 dedi
681 2227 723 2280 ιιι
740 2241 857 2280 massam
874 2227 946 2292 auri,
965 2235 996 2282 ut
1013 2243 1072 2282 eam

263 2297 389 2350 venderes
406 2305 433 2350 et
449 2295 562 2350 nummis
575 2295 694 2350 utereris.
722 2293 744 2348 si
758 2293 915 2360 vendideris,
932 2303 998 2364 puto
1013 2313 1071 2350 mu-

263 2371 336 2418 tuam
353 2365 491 2434 pecuniam
508 2365 616 2416 factam.
650 2363 721 2432 quod
738 2363 761 2416 si
777 2363 882 2418 lancem
899 2365 940 2418 vel
956 2381 1071 2418 massam

263 2435 320 2488 sine
334 2441 381 2488 tua
396 2433 474 2500 culpa
486 2431 633 2500 perdideris
647 2431 720 2500 prius
735 2447 815 2500 quam
829 2433 965 2498 venderes,
982 2437 1071 2486 utrum

264 2503 327 2554 mihi
344 2517 379 2554 an
402 2501 450 2554 tibi
472 2499 594 2566 perierit,
620 2499 782 2566 quaestionis
806 2508 855 2554 est.
881 2501 945 2554 mihi
968 2501 1071 2554 ridetur

263 2569 366 2624 Nervae
383 2567 516 2620 distinctio
540 2567 675 2620 verissima
699 2567 873 2622 existimantis
896 2569 1007 2620 multum
1030 2569 1071 2620 in-

263 2643 369 2702 teresse,
387 2635 507 2690 venalem
523 2635 606 2688 habui
621 2635 691 2690 hanc
709 2635 813 2688 lancem
830 2637 872 2690 vel
889 2653 1004 2690 massam
1021 2651 1071 2690 nec

263 2719 310 2768 ne,
328 2709 371 2768 ut,
389 2703 411 2758 si
428 2703 546 2758 venalem
563 2703 658 2770 habui,
677 2703 741 2758 mibi
758 2705 879 2772 perierit,
905 2705 1070 2772 quemadmo-

264 2773 327 2824 dum
344 2773 367 2826 si
384 2771 429 2824 clii
452 2771 582 2826 dedissem
606 2771 785 2826 vendendam:
813 2773 885 2840 quud
911 2773 933 2826 si
956 2789 1011 2826 uon
1031 2773 1071 2824 fui

263 2839 417 2910 ιιιιιιιιι4
439 2839 491 2894 hoc
513 2845 544 2894 ut
568 2841 721 2906 venderem,
747 2839 794 2894 sed
819 2841 887 2894 haec
914 2857 995 2894 causa
1020 2839 1072 2892 init

263 2907 399 2974 vendendi,
417 2913 448 2964 ut
464 2913 495 2962 tu
512 2909 632 2974 utereris,
650 2907 699 2962 tibi
716 2911 899 2976 comperisse,
920 2915 945 2962 et
959 2909 1071 2962 maxime

265 2983 276 3028 1
314 2977 336 3030 si
359 2977 415 3030 sine
439 2977 527 3030 usuris
546 2977 653 3030 credidi.
689 2975 717 3030 Si
734 2977 783 3030 tibi
800 2977 897 3032 dedero
916 2977 1008 3032 decem
1024 2977 1071 3040 sic,

263 3049 293 3098 ut
309 3061 402 3098 novem
416 3043 522 3110 debeas,
540 3045 671 3100 Proculus
686 3045 732 3110 ait,
750 3051 777 3100 et
790 3053 872 3110 recte,
890 3061 944 3100 nun
959 3043 1071 3112 amplius

262 3119 289 3166 te
306 3113 364 3182 ipso
381 3113 439 3168 iure
455 3113 552 3168 debere
570 3129 649 3180 quam
666 3129 768 3166 novem.
795 3115 860 3166 sed⁵
878 3115 901 3166 si
919 3113 1023 3178 dedero,
1042 3119 1073 3166 ut

263 3181 384 3234 undecim
402 3181 513 3248 debeas,
535 3187 614 3250 putat
630 3181 761 3236 Proculus
785 3183 899 3250 amplius
923 3197 1001 3250 quarn
1025 3181 1071 3234 de-

264 3253 279 3304 t
314 3265 370 3304 cem
388 3249 492 3304 condiri
508 3265 563 3304 non
578 3265 666 3316 posse.
702 3249 731 3304 Si
746 3249 873 3318 fugitivus
889 3265 980 3304 servus
995 3265 1072 3322 num·

263 3333 320 3370 mos
337 3317 385 3370 tibi
403 3319 552 3382 crediderit,
571 3331 606 3370 an
624 3319 764 3374 condicere
777 3319 827 3370 tibi
842 3319 963 3372 dominus
978 3319 1071 3384 possit,

264 3385 405 3454 quaeritur.
434 3391 460 3440 et
479 3385 584 3454 quidem
600 3385 624 3440 si
647 3403 737 3442 seruus
761 3403 850 3450 meus,
875 3385 919 3440 cui
945 3401 1073 3440 concessa

264 3459 303 3508 est
319 3453 415 3522 peculii
433 3453 633 3518 administratio,
653 3455 794 3508 crediderit
810 3453 874 3518 tibi,
899 3455 949 3508 erit
965 3459 1071 3506 mutua:

263 3519 386 3588 fugitivus
410 3527 498 3574 autem
521 3521 563 3574 ιιι
585 3523 654 3574 alius
678 3539 768 3576 servus
792 3529 887 3576 contra
911 3523 1073 3576 voluntatem

263 3589 361 3642 domini
385 3589 514 3642 credendo
539 3605 593 3642 non
616 3589 683 3642 iacit
704 3589 870 3660 accipientis.
905 3589 969 3658 quid
992 3589 1072 3658 ergo?

263 3655 388 3710 vindicari
402 3657 501 3710 nummi
520 3663 642 3724 possunt,
665 3657 801 3722 siextam,
818 3663 874 3722 aut,
890 3659 914 3710 si
928 3657 988 3712 dolo
1003 3657 1072 3712 malo

263 3725 384 3778 desinant
401 3725 544 3796 possideri,
563 3725 598 3778 ad
616 3725 793 3780 exhibendum
811 3727 867 3804 agi:
887 3725 998 3794 quodsi
1016 3727 1073 3780 ιιιι

263 3793 323 3846 dolo
341 3793 411 3846 malo
430 3809 540 3848 consum
560 3793 626 3858 sisti,
645 3793 987 3862 condicere⁶t1bipoteru

278 3811 607 3940 312Pouroa1usd'bro
626 3865 704 3916 sexto
723 3877 760 3916 ea
777 3859 905 3916 Ριιιτιι7
940 3861 969 3916 Si
991 3877 1008 3916 a
1029 3861 1072 3916 lu·

262 3943 346 3992 noso,
365 3943 426 3982 cum
444 3945 504 3982 eum
521 3935 671 3996 compotem
687 3931 783 3982 mentis
801 3943 860 3982 esse
878 3937 1002 3998 putares,
1026 3945 1072 4000 pe-

263 3997 367 4050 cuniam
386 3997 462 4066 quasi
479 4001 598 4050 mutuam
617 3997 751 4066 acceperis
770 4013 854 4066 eeqne
871 3997 900 4050 in
922 4013 977 4050 rem
999 4003 1076 4062 tuam¹

261 4081 338 4118 versa
359 4063 453 4130 fuerit,
479 4063 673 4120 condictionem
695 4065 797 4120 furioso
824 4065 929 4132 adquiri
954 4065 1073 4120 Iulianus

263 4133 314 4186 ait:
338 4147 399 4186 nam
423 4147 455 4186 ex
473 4133 570 4202 quibus
589 4135 675 4188 causis
692 4135 876 4202 ignorantibus
894 4135 971 4188 nobis
989 4135 1072 4188 actio-

262 4217 309 4254 nes
336 4201 525 4280 adquiruntur‚
560 4217 592 4254 ex
617 4201 701 4256 isdem
728 4201 807 4254 etiam
832 4201 933 4256 furioso
961 4201 1071 4270 adquiri.

262 4269 324 4324 item
338 4269 361 4324 si
375 4283 398 4324 ιι
412 4271 457 4338 qui
472 4285 547 4324 servo
565 4269 713 4324 crediderat
727 4267 816 4324 furere
830 4271 963 4338 coeperit,
978 4269 1073 4324 deinde

262 4353 352 4392 servus
369 4337 396 4390 in
413 4353 468 4390 rem
486 4337 585 4392 domini
602 4339 629 4392 id
645 4339 767 4402 verterit,
792 4337 897 4390 cundici
914 4337 1008 4392 furiosi
1025 4355 1071 4392 no·

262 4405 332 4458 mine
348 4421 434 4472 posse.
461 4411 489 4458 et
506 4405 529 4458 si
547 4405 660 4458 alienam
677 4405 818 4474 pecuniam
844 4405 969 4458 credendi
992 4421 1074 4460 causa

263 4473 321 4540 quis
337 4473 446 4538 dederit,
464 4473 560 4526 deinde
577 4471 666 4528 furere
685 4471 802 4540 coeperit
819 4477 846 4526 et
864 4479 1022 4540 consumpta
1039 4473 1074 4528 sit

262 4555 294 4594 ea
331 4541 434 4606 ecunia,
453 4539 648 4594 condictionem
665 4541 766 4594 furioso
785 4539 898 4606 adquiri.

299 4557 336 4666 ild
360 4609 506 4664 Uarianos
529 4609 597 4662 labro
623 4611 765 4662 vicensimo
790 4613 870 4660 neceto
897 4609 935 4660 ud
959 4609 1073 4664 edictum

261 4675 332 4732 Nam
356 4681 382 4732 et
405 4677 427 4730 si
449 4675 494 4730 fur
516 4693 636 4730 nummos
659 4675 709 4730 tibi
733 4675 857 4730 credendi
880 4676 968 4730 animo
992 4677 1071 4742 dedit,

262 4745 416 4814 accipientis
440 4761 495 4798 nou
518 4745 599 4808 iacit,
626 4743 673 4798 sed
700 4743 864 4810 consumptis
892 4743 929 4796 eis
955 4747 1074 4798 nascitur

263 4817 275 4864 1
314 4813 452 4866 condictio.
488 4811 565 4866 Unde
573 4811 737 4880 Papinianus
751 4811 818 4864 libro
834 4815 929 4864 octavo
938 4813 1072 4878 quaestio·

263 4895 325 4934 num
342 4881 392 4934 ait:
416 4879 439 4934 si
462 4879 564 4934 alienos
587 4895 708 4932 nummos
731 4879 779 4932 tibi
803 4885 910 4932 mutuos
929 4879 1001 4942 dedi,
1019 4897 1073 4934 non

263 4953 324 5002 ante
347 4949 410 5002 mihi
432 4949 544 5012 terrene,
569 4963 648 5016 quam
667 4963 711 5002 eos
731 4947 936 5014 consumpseris.
962 4947 1073 5014 quodsi

262 5031 310 5082 per
327 5021 416 5082 partes
434 5029 478 5068 eos
497 5015 702 5094 consumpseris,
721 5029 756 5068 an
773 5031 821 5082 per
839 5019 929 5084 partes
945 5015 994 5068 tibi
1009 5031 1072 5068 con-

263 5083 362 5146 dicam,
389 5083 507 5152 quaerit:
534 5089 561 5136 et
587 5089 626 5134 ιιι
652 5082 852 5146 condicturum,
875 5083 898 5136 si
923 5083 1073 5138 admonitus

263 5149 362 5202 alienos
379 5167 499 5206 nummos
516 5151 600 5206 fuisse
616 5149 675 5204 ideo
692 5167 740 5218 per
753 5155 859 5218 partem
873 5149 993 5212 condico,
1012 5151 1074 5218 quia

263 5221 277 5270 2
312 5217 429 5272 nondum
451 5223 522 5272 tutos
547 5223 718 5284 consumptos
743 5233 931 5286 compereram.
968 5215 995 5270 Si
1019 5233 1074 5272 ser-

261 5299 312 5338 ιιι
330 5287 474 5340 cummunis
493 5287 584 5340 decom
602 5285 758 5350 crediderit,
776 5291 858 5354 puto,
876 5287 931 5340 sire
948 5283 1073 5338 adminis-

262 5353 342 5406 tratio
360 5367 436 5406 servo
455 5369 584 5408 concessa
602 5359 655 5416 est,
675 5353 730 5406 sive
746 5369 801 5408 non
818 5359 846 5406 et
863 5355 1074 5408 ιιιιιιιιιιιιι8

262 5421 370 5486 nummi,
389 5421 498 5488 quinum
515 5427 664 5488 competere
682 5421 826 5476 actionem:
845 5437 909 5476 nam
923 5421 986 5474 etsi
1001 5437 1073 5474 cum-

262 5503 354 5544 munes
369 5487 418 5543 tibi
430 5503 552 5542 nummos
567 5489 701 5544 credidero
719 5495 834 5554 centum,
849 5503 929 5564 posse
940 5503 983 5542 me
996 5489 1073 5558 qnin-

262 5663 293 5726 (1)
311 5659 490 5722 adquiraturS
582 5661 614 5724 (t)
632 5661 866 5724 numeretdtmeus
874 5665 988 5712 numeret
997 5665 1022 5710 ιι
1031 5663 1072 5728 P),

261 5731 401 5780 meusetF
440 5729 472 5794 ιι)
490 5727 583 5776 meins.
627 5731 658 5790 (r)
677 5729 727 5778 fuit
736 5731 897 5794 propositum
907 5727 946 5778 F²
998 5729 1031 5792 (ι)
1049 5735 1075 5780 ιι

263 5793 379 5850 barus
462 5797 497 5862 (ι)
515 5793 657 5844 condicil'¹
735 5797 767 5861 (ι)
787 5797 978 5866 cflPomponius
986 5797 1023 5848 D.
1033 5801 1074 5860 44,

1067 343 1132 420 itt

1756 369 1802 418 bn
1823 367 1926 418 REBUS

1122 539 1247 606 quaginta
1270 537 1410 592 condicere
1432 539 1501 592 libro
1526 545 1621 592 octavo
1647 539 1832 606 quaestionum
1848 537 1927 604 Papi·

1121 607 1217 728 ἔιιιιιι
1249 607 1355 672 scribit,
1387 607 1490 662 etiamsi
1514 607 1618 676 singula
1643 621 1755 676 corpora
1781 607 1928 660 communie

1134 675 1227 728 uerint.

1158 739 1196 796 14
1214 741 1294 796 Ιιιι
1304 743 1372 796 libro
1388 745 1529 796 uicensimo
1544 759 1615 796 norro
1625 743 1782 796 edacitatem
1817 743 1847 796 Si
1859 741 1929 796 lilius

1121 809 1234 862 familias
1261 817 1355 862 eontra
1381 815 1489 862 senatus
1513 811 1664 862 consultum
1688 817 1826 864 mutuatus
1848 823 1928 878 pecu-

1122 877 1193 930 niam
1211 877 1331 942 solverit,
1355 877 1428 946 patri
1445 893 1566 930 nummos
1583 877 1728 930 vindicanti
1744 877 1816 930 nulla
1835 893 1928 944 exeep-

1121 943 1159 998 tio
1184 945 1326 998 obicietur:
1350 945 1398 998 sed
1421 945 1443 998 si
1466 945 1566 998 fuerint
1589 945 1739 1012 consumpti
1761 961 1778 998 a
1802 943 1930 998 creditore

1121 1013 1229 1076 nummi,
1247 1011 1390 1066 Marcellus
1409 1013 1446 1064 ait
1464 1027 1569 1066 cessare
1586 1013 1789 1076 condictionem,
1807 1013 1930 1080 quoniam

1122 1081 1220 1132 totiens
1239 1081 1370 1132 condictio
1389 1081 1482 1144 datur,
1500 1079 1623 1148 quotiens
1640 1095 1673 1132 ex
1690 1095 1722 1132 ea
1740 1095 1823 1132 causa
1839 1093 1929 1132 nume-

1122 1147 1174 1198 rati
1191 1153 1267 1210 sunt,
1292 1161 1326 1198 ex
1343 1163 1397 1216 qua
1414 1147 1484 1198 actio
1502 1161 1561 1200 ιιιι
1578 1147 1722 1214 potuisset,
1748 1147 1770 1200 ιι
1789 1147 1930 1198 dominium

1123 1213 1158 1266 ad
1181 1213 1239 1268 acci
1257 1213 1354 1268 ientem
1376 1213 1527 1267 transisset:
1553 1213 1581 1264 in
1605 1213 1742 1282 proposito
1766 1219 1855 1266 autem
1877 1231 1931 1266 non

1123 1287 1200 1336 esset.
1236 1231 1350 1348 dentque
1375 1297 1424 1350 per
1451 1297 1567 1334 emonem
1592 1281 1674 1334 soluti
1700 1287 1793 1336 contra
1824 1287 1931 1334 senatus

1124 1351 1273 1402 consultum
1291 1349 1384 1404 crediti
1400 1349 1485 1416 magis
1503 1355 1544 1402 est
1562 1363 1668 1402 cessare
1684 1351 1875 1419 repetitionem.

1159 1413 1196 1472 15
1215 1417 1294 1468 Ιιιι
1309 1417 1376 1470 libro
1395 1417 1550 1486 trigessimo
1563 1417 1655 1486 primo
1673 1415 1840 1470 antedictum
1873 1417 1931 1468 Sin·

1140 1483 1223 1536 ιιιιιιι
1246 1483 1377 1550 quaedam
1399 1499 1460 1536 rece
1479 1485 1526 1536 ιι9
1544 1489 1606 1538 sunt
1623 1483 1695 1536 circa
1712 1483 1852 1552 pecuniam
1876 1499 1931 1536 ore-

1122 1501 1212 1602 ditam.
1235 1551 1341 1628 namsi
1358 1551 1408 1604 tibi
1426 1501 1572 1628 deditorem
1589 1565 1677 1606 meum
1690 1551 1794 1604 iussero
1809 1551 1873 1604 dare
1885 1567 1931 1618 pe·

1124 1617 1236 1680 cuniam,
1255 1617 1380 1686 obbgaris
1397 1617 1477 1682 mibi,
1502 1619 1620 1686 quamvis
1643 1633 1716 1672 meos
1740 1633 1861 1672 nummos
1879 1633 1932 1672 non

1123 1685 1266 1754 acceperis.
1294 1685 1366 1752 quod
1382 1685 1464 1752 igitur
1479 1685 1509 1738 in
1526 1687 1629 1740 duabus
1653 1687 1774 1754 personis
1797 1687 1934 1754 recipitur,

1122 1753 1174 1806 boc
1190 1759 1216 1804 et
1229 1753 1257 1804 in
1272 1753 1364 1804 eadem
1381 1767 1497 1820 persona
1513 1753 1692 1872 reffiilendum
1704 1759 1752 1816 est,
1771 1759 1809 1816 ut,
1829 1771 1889 1806 cum
1901 1769 1934 1806 ex

1124 1833 1205 1872 causa
1226 1819 1346 1872 mandati
1367 1819 1509 1888 pecuniam
1562 1819 1568 1832 '
1590 1821 1596 1832 '
1615 1821 1712 1874 debeas
1730 1825 1757 1874 et
1775 1823 1932 1886 convenerit,

1122 1891 1154 1940 ut
1172 1887 1265 1940 crediti
1280 1887 1388 1942 nomine
1405 1903 1464 1942 eam
1486 1889 1616 1952 natissae,
1640 1887 1761 1942 rideatur
1784 1889 1848 1942 mibi
1871 1887 1934 1942 data

1122 1955 1236 2024 pecunia
1254 1961 1281 2008 et
1298 1969 1315 2008 a
1331 1971 1374 2008 me
1392 1957 1426 2008 ad
1443 1961 1470 2008 te
1487 1955 1617 2024 profecta.

1159 2019 1197 2080 16
1215 2023 1334 2078 Plures
1354 2023 1422 2078 libro
1446 2025 1602 2094 tripcnsr'mo
1625 2023 1741 2078 serundo
1767 2025 1804 2078 ud
1820 2025 1933 2080 edictum

1123 2091 1152 2144 Si
1168 2091 1257 2146 socius
1280 2091 1415 2162 propriam
1436 2091 1577 2158 pecuniam
1599 2097 1719 2146 mutuam
1742 2091 1827 2156 dedit,
1851 2095 1933 2146 omni-

1122 2159 1201 2212 modo
1220 2159 1346 2212 creditam
1362 2159 1504 2228 pecuniam
1520 2159 1599 2224 iacit,
1623 2161 1686 2212 licet
1703 2159 1785 2212 ceteri
1802 2161 1932 2214 dissense-

1123 2227 1189 2280 rint:
1208 2229 1320 2296 quodsi
1338 2243 1503 2282 communem
1520 2227 1675 2292 numeravit,
1693 2245 1748 2282 non
1766 2229 1832 2282 alias
1850 2227 1933 2282 credi·

1123 2303 1178 2348 tam
1196 2297 1291 2360 efficit,
1309 2299 1361 2350 nisi
1379 2297 1461 2350 ceteri
1478 2311 1583 2364 quoque
1601 2297 1776 2362 consentiant,
1794 2297 1857 2366 quia
1871 2311 1934 2350 suae

1122 2363 1206 2432 partis
1223 2369 1329 2418 tantum
1346 2365 1533 2418 alienationem
1550 2365 1652 2418 habuit.

1159 2429 1196 2488 17
1220 2431 1755 2502 Uerianuslt'broprr'modisputationum
1790 2431 1856 2484 (lum
1864 2431 1933 2488 iilius

1122 2499 1236 2554 familias
1258 2501 1385 2554 viaticum
1408 2515 1485 2554 suum
1508 2507 1629 2568 mutuum
1653 2499 1770 2566 dederit,
1795 2515 1854 2554 cum
1878 2507 1903 2554 st
1922 2529 1932 2542 -

1124 2567 1226 2620 diorum
1244 2583 1327 2622 causa
1344 2567 1449 2622 Romae
1466 2575 1571 2634 ageret,
1588 2585 1630 2622 res
1651 2583 1746 2622 cusum
1763 2575 1804 2622 est
1821 2583 1838 2620 a
1856 2567 1933 2624 Scae·

1122 2635 1182 2690 vola
1199 2635 1410 2690 extraordinario
1428 2635 1526 2690 iudicio
1545 2651 1603 2690 esse
1620 2585 1657 2688 1111
1676 2635 1892 2690 subveniendum.

1159 2697 1197 2758 18
1215 2703 1295 2758 Ιιιι
1314 2703 1383 2758 libro
1400 2705 1512 2774 septimo
1530 2705 1743 2774 :imputationum
1778 2703 1806 2758 Si
1823 2719 1871 2772 ego
1888 2721 1933 2774 pe-

1124 2773 1229 2826 cuniam
1247 2773 1296 2826 tibi
1313 2773 1390 2840 quasi
1414 2773 1560 2826 donaturus
1584 2771 1695 2836 dedero,
1722 2779 1753 2826 tu
1778 2773 1853 2840 quasi
1876 2791 1932 2826 mu·

1122 2845 1197 2894 tuam
1214 2839 1338 2908 accipias,
1357 2839 1476 2894 Iulianus
1494 2839 1587 2894 scribit
1604 2839 1774 2896 donationem
1790 2857 1844 2894 non
1862 2857 1932 2896 esse:

1123 2907 1170 2962 sed
1194 2923 1229 2962 an
1251 2913 1344 2962 mutua
1367 2909 1416 2974 sit,
1439 2907 1590 2962 ridendum.
1618 2915 1644 2962 ct
1667 2915 1732 2976 puto
1749 2923 1799 2962 nec
1816 2915 1934 2962 mutuam

1123 2989 1182 3030 csse
1199 2977 1335 3044 magisque
1352 2991 1473 3032 nummos
1487 2977 1642 3046 accipientis
1656 2993 1711 3030 non
1725 2977 1791 3040 fieri,
1809 2993 1869 3030 cum
1883 2977 1936 3030 alia

1123 3043 1247 3112 opinione
1264 3045 1406 3112 acceperit.
1434 3059 1518 3114 quare
1541 3045 1565 3098 ιι
1588 3061 1633 3100 ιιι
1658 3045 1853 3112 consumpserit
1874 3045 1935 3098 licet

1125 3113 1292 3166 condictione
1309 3117 1444 3176 teneatur,
1469 3119 1560 3166 tamen
1577 3111 1630 3166 doli
1647 3115 1803 3192 exceptione
1819 3113 1858 3166 uti
1885 3129 1932 3180 po·

1125 3183 1196 3248 terit,
1211 3181 1273 3250 quia
1296 3181 1442 3234 secundum
1464 3181 1627 3234 voluntatem
1652 3181 1740 3234 dantis
1757 3181 1857 3234 nummi
1874 3187 1936 3236 sunt

1126 3255 1137 3300 1
1175 3247 1333 3316 consumpti.
1369 3247 1397 3302 Si
1427 3265 1474 3316 ego
1500 3249 1577 3316 quasi
1599 3249 1735 3316 deponens
1758 3249 1807 3302 tibi
1830 3247 1935 3314 dedero,

1124 3321 1155 3370 tu
1172 3317 1248 3386 qussi
1265 3320 1385 3370 mutuam
1402 3317 1535 3388 accipias,
1560 3331 1609 3372 nec
1634 3317 1784 3386 depositum
1806 3331 1856 3370 nec
1879 3333 1935 3370 mu-

1124 3389 1199 3438 tuum
1217 3391 1272 3440 est:
1289 3385 1359 3438 idem
1376 3391 1417 3440 est
1435 3389 1461 3438 et
1478 3385 1548 3438 situ
1566 3385 1643 3454 quasi
1659 3391 1779 3438 mutuam
1796 3385 1936 3454 pecuniam

1125 3451 1242 3518 dederis,
1270 3469 1317 3574 ιὲι
1346 3453 1422 3520 quasi
1449 3453 1644 3508 commodatam
1670 3453 1827 3508 ostendendi
1851 3453 1937 3520 gratia

1124 3523 1229 3590 accepi:
1248 3535 1277 3574 se
1312 3521 1341 3574 iu
1356 3527 1470 3588 utroque
1485 3537 1551 3574 casu
1565 3521 1728 3590 consumptis
1743 3521 1857 3574 nummis
1872 3537 1935 3574 con·

1125 3587 1234 3642 dictioni
1251 3589 1308 3642 sine
1325 3587 1379 3642 dcli
1397 3589 1553 3658 exceptione
1569 3589 1645 3642 locus
1664 3589 1721 3642 erit.

1161 3653 1199 3712 19
1217 3655 1444 3710 Ιιιιιιιιιιιιιι
1463 3655 1564 3712 decimo
1583 3655 1747 3726 digestorum
1773 3655 1836 3710 Non
1851 3657 1935 3712 omnis

1124 3725 1272 3778 numeratio
1290 3739 1350 3778 eum
1367 3725 1413 3792 qui
1430 3723 1536 3792 accepit
1559 3723 1671 3790 obligat,
1694 3725 1743 3778 sed
1765 3727 1887 3794 quotiens
1910 3725 1937 3778 id

1124 3791 1212 3860 ipsum
1229 3793 1329 3860 agitur,
1353 3797 1386 3844 ut
1409 3791 1548 3844 confestim
1573 3793 1743 3860 obligaretur.
1770 3809 1833 3844 nam
1857 3800 1884 3846 et
1905 3793 1936 3856 is,

1126 3859 1171 3928 qui
1187 3858 1280 3916 mortis
1298 3875 1382 3914 causa
1391 3861 1412 3892 ¹⁰
1430 3859 1571 3928 pecuniam
1589 3859 1686 3924 donat,
1709 3865 1833 3914 numerat
1855 3877 1936 3928 pecu·

1124 3927 1209 3994 niam,
1234 3927 1280 3982 sed
1297 3943 1351 3982 uon
1370 3929 1447 3982 aliter
1464 3927 1621 3996 obligabit¹¹
1645 3929 1835 3996 accipientem,
1859 3943 1938 3994 quam

1124 3997 1148 4048 si
1165 3997 1308 4050 exstitisset
1326 4011 1414 4058 casus,
1432 3997 1460 4048 in
1496 4011 1557 4050 uem
1574 3995 1699 4066 obligatio
1719 3997 1817 4050 collata
1834 3995 1936 4060 fuisset,

1124 4063 1205 4118 veluti
1222 4065 1245 4118 si
1262 4063 1377 4118 donator
1400 4081 1467 4118 conr
1494 4063 1578 4118 uisset
1601 4069 1649 4118 aut
1672 4063 1695 4118 is
1721 4063 1766 4132 qui
1790 4063 1938 4132 accipiebat

1123 4131 1197 4252 durior
1214 4131 1379 4186 decessisset.
1408 4137 1435 4186 et
1452 4147 1514 4186 cum
1529 4131 1644 4200 pecunia
1659 4133 1775 4196 daretur,
1794 4137 1824 4186 ut
1838 4131 1938 4200 aliquid

1145 4207 1208 4264 eret,
1223 4201 1349 4268 quamdiu
1362 4199 1391 4252 in
1399 4201 1526 4268 pendenti
1541 4205 1618 4264 esset,
1634 4215 1670 4252 au
1683 4199 1711 4252 id
1724 4199 1845 4252 futurum
1859 4207 1937 4262 esset,

1125 4267 1242 4322 cessabit
1265 4267 1404 4336 obligatio:
1430 4285 1490 4322 cum
1514 4283 1578 4320 vero
1603 4273 1705 4320 certum
1730 4283 1788 4322 esse
1808 4267 1938 4336 coepisset

1124 4333 1244 4390 futurum
1260 4335 1288 4388 id
1304 4351 1359 4390 ιιι
1377 4337 1443 4400 ιιιι,
1462 4335 1624 4404 obligabitur
1641 4337 1686 4404 qui
1703 4335 1866 4404 accepisset:
1884 4337 1936 4390 rel·

1124 4405 1164 4456 uti
1181 4405 1205 4456 ιι
1220 4401 1291 4456 Titio
1309 4403 1401 4456 decem
1418 4403 1525 4468 dedero,
1543 4409 1574 4456 ut
1588 4403 1707 4456 Stichum
1724 4405 1796 4458 intra
1814 4405 1937 4456 calendas

1124 4471 1329 4534 manumitteret,
1345 4477 1408 4524 ante
1422 4471 1552 4524 kalendas
1568 4471 1667 4524 nullam
1681 4473 1814 4526 actionem
1823 4471 1936 4532 habebo,

1124 4543 1187 4608 post
1203 4537 1332 4592 kalendas
1349 4537 1387 4590 ita
1407 4539 1511 4594 demum
1529 4553 1608 4606 agere
1624 4543 1734 4606 potero,
1754 4539 1777 4592 si
1794 4539 1938 4592 manumis-

1127 4613 1138 4660 1
1175 4621 1220 4660 ιιι
1237 4621 1291 4660 ιιι
1308 4605 1398 4660 luerit.
1434 4607 1462 4660 Si
1484 4607 1602 4676 pupdlus
1625 4609 1683 4660 sine
1706 4607 1803 4660 tutoris
1820 4607 1936 4660 auctori·

1124 4681 1181 4726 tate
1199 4673 1341 4728 crediderit
1355 4681 1404 4728 ant
1418 4675 1536 4728 solvendi
1552 4689 1635 4728 causa
1650 4675 1761 4738 dederit,
1780 4681 1938 4744 consumpta

1124 4741 1239 4810 pecunia
1262 4741 1457 4796 condictionem
1479 4743 1563 4796 habet
1587 4743 1629 4796 ιιι
1652 4741 1781 4796 liberatur
1806 4759 1860 4796 non
1886 4741 1938 4796 alia

1124 4809 1242 4876 ratione,
1268 4825 1347 4878 quam
1370 4809 1537 4878 quodfacto
1562 4809 1620 4864 eius
1641 4809 1803 4878 intellegitur
1826 4809 1861 4864 ad
1879 4825 1938 4864 eum

1125 4879 1170 4946 qui
1188 4879 1321 4958 acceperit
1336 4879 1504 4958 pervenisse:
1529 4883 1692 4946 quapropter
1715 4879 1739 4932 ιι
1764 4877 1875 4932 eandem
1892 4891 1937 4946 pe·

1126 4947 1231 5000 cuniam
1247 4963 1280 5012 ιι,
1298 4963 1343 5014 qm
1360 4947 1388 5000 in
1406 4945 1536 5000 creditum
1553 4947 1595 5000 ιιι
1611 4945 1639 4998 in
1656 4947 1773 5000 solutum
1789 4951 1938 5014 acceperat,

1125 5015 1171 5068 alii
1188 5029 1268 5082 porro
1285 5015 1314 5068 in
1331 5015 1461 5068 creditum
1478 5013 1521 5068 rel
1543 5015 1572 5068 in
1595 5015 1711 5068 solutum
1736 5013 1850 5080 dederit,
1874 5029 1937 5068 con·

1125 5089 1232 5150 sumpta
1259 5097 1290 5136 ea
1313 5089 1341 5136 et
1363 5083 1421 5150 ipse
1443 5081 1543 5150 pupillo
1568 5081 1699 5150 obligatur
1721 5083 1763 5136 vel
1786 5097 1846 5134 eum
1869 5097 1886 5134 a
1910 5097 1938 5136 se

1124 5149 1248 5204 liberabit
1265 5157 1292 5204 et
1309 5167 1368 5204 eum
1387 5149 1431 5204 cui
1448 5149 1551 5202 dederit
1568 5149 1712 5218 obligatum
1729 5149 1840 5204 habebit
1853 5149 1894 5204 vel
1911 5165 1938 5204 se

1126 5219 1160 5270 ab
1183 5233 1214 5272 eo
1236 5217 1368 5273 liberabit.
1396 5233 1458 5272 nam
1481 5217 1587 5272 omnino
1606 5219 1651 5286 qui
1668 5219 1782 5272 ahenam
1799 5219 1938 5284 pecuniam

1126 5285 1250 5340 credendi
1273 5301 1356 5340 causa
1379 5287 1439 5350 dat,
1464 5291 1623 5366 cousumpta
1646 5301 1678 5340 ea
1694 5287 1778 5338 babet
1796 5287 1939 5354 obligatum

1127 5369 1186 5406 eum
1209 5353 1255 5422 qui
1278 5353 1426 5422 acceperit:
1449 5353 1514 5406 item
1532 5371 1582 5422 qm
1590 5353 1613 5386 ¹²
1635 5353 1664 5408 in
1688 5353 1806 5410 solutum
1829 5353 1938 5420 dederit,

1124 5421 1281 5478 liberabitur
1298 5421 1332 5476 ab
1352 5437 1383 5476 eo
1402 5421 1448 5490 qui
1465 5421 1608 5492 acceperit.

1161 5485 1201 5548 20
1219 5489 1298 5544 Iber
1318 5491 1386 5544 libro
1410 5495 1504 5544 octavo
1522 5491 1626 5548 deamo
1643 5491 1809 5562 digestorum
1845 5489 1874 5544 Si
1889 5491 1938 5546 tibi

1127 5673 1184 5722 ιιι
1286 5665 1319 5726 (8)
1338 5663 1578 5712 ιιιιιιιιιιιιτι1
1683 5665 1716 5728 (a)
1735 5667 1869 5728 praecepta
1879 5663 1938 5716 F²s

1127 5733 1171 5808 (ιι)
1190 5731 1326 5782 causamF
1424 5733 1465 5798 (tt)
1484 5731 1652 5796 obligarit}d¹
1753 5733 1797 5796 (ιι)
1816 5731 1938 5798 itemqui]

1127 5815 1180 5848 ιιι
1188 5817 1237 5852 ser.
1600 5845 1601 5848 ,
