<?xml version="1.0" encoding="UTF-8"?>
<!DOCTYPE html PUBLIC "-//W3C//DTD XHTML 1.0 Transitional//EN"
    "http://www.w3.org/TR/xhtml1/DTD/xhtml1-transitional.dtd">
<html xmlns="http://www.w3.org/1999/xhtml" xml:lang="en" lang="en">
 <head>
  <title>
</title>
<meta http-equiv="Content-Type" content="text/html;charset=utf-8" />
  <meta name='ocr-system' content='tesseract 3.04.00' />
  <meta name='ocr-capabilities' content='ocr_page ocr_carea ocr_par ocr_line ocrx_word'/>
</head>
<body>
  <div class='ocr_page' id='page_1' title='image "./corpusiuriscivi00schogoog/corpusiuriscivi00schogoog_0612.png"; bbox 0 0 4366 6258; ppageno 0'>
   <div class='ocr_carea' id='block_1_1' title="bbox 255 349 1913 428">
    <p class='ocr_par' dir='ltr' id='par_1_1' title="bbox 255 349 1913 428">
     <span class='ocr_line' id='line_1_1' title="bbox 255 349 1913 428; baseline -0.008 0"><span class='ocrx_word' id='word_1_1' title='bbox 255 377 293 428; x_wconf 87' lang='grc'>44</span> <span class='ocrx_word' id='word_1_2' title='bbox 311 373 668 426; x_wconf 82' lang='grc'>44444444444444444</span> <span class='ocrx_word' id='word_1_3' title='bbox 1043 353 1103 426; x_wconf 79' lang='lat' dir='ltr'>idi</span> <span class='ocrx_word' id='word_1_4' title='bbox 1748 349 1875 414; x_wconf 87' lang='lat' dir='ltr'>XXXV</span> <span class='ocrx_word' id='word_1_5' title='bbox 1900 357 1913 414; x_wconf 91' lang='lat'>1</span> 
     </span>
    </p>
   </div>
   <div class='ocr_carea' id='block_1_2' title="bbox 253 531 1975 5628">
    <p class='ocr_par' dir='ltr' id='par_1_2' title="bbox 253 531 1975 5628">
     <span class='ocr_line' id='line_1_2' title="bbox 256 531 1916 616; baseline 0.001 -18"><span class='ocrx_word' id='word_1_6' title='bbox 256 545 318 604; x_wconf 74' lang='lat' dir='ltr'>valet</span> <span class='ocrx_word' id='word_1_7' title='bbox 334 543 441 612; x_wconf 89' lang='lat' dir='ltr'>solaque</span> <span class='ocrx_word' id='word_1_8' title='bbox 457 543 593 612; x_wconf 73' lang='lat' dir='ltr'><strong>quantitas</strong></span> <span class='ocrx_word' id='word_1_9' title='bbox 608 541 639 598; x_wconf 91' lang='lat' dir='ltr'>in</span> <span class='ocrx_word' id='word_1_10' title='bbox 655 541 777 598; x_wconf 79' lang='lat' dir='ltr'><strong>codicillo</strong></span> <span class='ocrx_word' id='word_1_11' title='bbox 795 541 902 598; x_wconf 73' lang='grc' dir='ltr'>441444ι</span> <span class='ocrx_word' id='word_1_12' title='bbox 918 549 969 600; x_wconf 88' lang='grc'>444.</span> <span class='ocrx_word' id='word_1_13' title='bbox 994 557 1056 596; x_wconf 86' lang='lat' dir='ltr'>nam</span> <span class='ocrx_word' id='word_1_14' title='bbox 1106 535 1851 616; x_wconf 53' lang='grc'>44444441444444144111444144444444441114411411141</span> <span class='ocrx_word' id='word_1_15' title='bbox 1877 531 1916 586; x_wconf 71' lang='lat'>1⁰¹</span> 
     </span>
     <span class='ocr_line' id='line_1_3' title="bbox 255 597 1917 690; baseline -0.002 -22"><span class='ocrx_word' id='word_1_16' title='bbox 255 611 987 690; x_wconf 67' lang='grc'>44444444444414444444114144444*4444444441</span> <span class='ocrx_word' id='word_1_17' title='bbox 1042 625 1057 664; x_wconf 90' lang='lat' dir='ltr'>r</span> <span class='ocrx_word' id='word_1_18' title='bbox 1106 605 1254 686; x_wconf 46' lang='lat' dir='ltr'>estqqnod</span> <span class='ocrx_word' id='word_1_19' title='bbox 1269 613 1302 686; x_wconf 39' lang='lat' dir='ltr'>&#39;et</span> <span class='ocrx_word' id='word_1_20' title='bbox 1324 607 1467 664; x_wconf 88' lang='lat' dir='ltr'>siciharia</span> <span class='ocrx_word' id='word_1_21' title='bbox 1484 607 1566 662; x_wconf 86' lang='grc'>444414</span> <span class='ocrx_word' id='word_1_22' title='bbox 1584 603 1647 660; x_wconf 80' lang='grc'>’14444</span> <span class='ocrx_word' id='word_1_23' title='bbox 1663 601 1798 670; x_wconf 66' lang='lat' dir='ltr'>legentur,</span> <span class='ocrx_word' id='word_1_24' title='bbox 1823 597 1917 670; x_wconf 70' lang='lat' dir='ltr'>prttlll</span> 
     </span>
     <span class='ocr_line' id='line_1_4' title="bbox 256 671 1911 804; baseline -0.008 -1"><span class='ocrx_word' id='word_1_25' title='bbox 256 679 573 804; x_wconf 60' lang='lat' dir='ltr'>Itillffietllii‘</span> <span class='ocrx_word' id='word_1_26' title='bbox 602 681 739 748; x_wconf 54' lang='lat' dir='ltr'>“lm</span> <span class='ocrx_word' id='word_1_27' title='bbox 759 693 795 734; x_wconf 71' lang='lat'>⁰¹</span> <span class='ocrx_word' id='word_1_28' title='bbox 813 679 861 732; x_wconf 65' lang='lat'>¹¹¹²</span> <span class='ocrx_word' id='word_1_29' title='bbox 881 679 987 736; x_wconf 56' lang='lat' dir='ltr'>³l¹⁰¹¹⁶</span> <span class='ocrx_word' id='word_1_30' title='bbox 1028 693 1055 732; x_wconf 53' lang='grc' dir='ltr'>θ’</span> <span class='ocrx_word' id='word_1_31' title='bbox 1107 671 1737 798; x_wconf 66' lang='lat' dir='ltr'>ttttttttatetnnmtttt·</span> <span class='ocrx_word' id='word_1_32' title='bbox 1760 733 1911 790; x_wconf 60' lang='grc'>4144</span> 
     </span>
     <span class='ocr_line' id='line_1_5' title="bbox 285 787 1917 888; baseline -0.005 -20"><span class='ocrx_word' id='word_1_33' title='bbox 285 813 322 876; x_wconf 85' lang='grc'>39</span> <span class='ocrx_word' id='word_1_34' title='bbox 342 787 510 868; x_wconf 62' lang='lat' dir='ltr'>tironatus</span> <span class='ocrx_word' id='word_1_35' title='bbox 528 813 597 868; x_wconf 82' lang='lat' dir='ltr'>libro</span> <span class='ocrx_word' id='word_1_36' title='bbox 612 813 705 886; x_wconf 82' lang='lat' dir='ltr'>priate</span> <span class='ocrx_word' id='word_1_37' title='bbox 726 829 765 868; x_wconf 75' lang='lat' dir='ltr'>erc</span> <span class='ocrx_word' id='word_1_38' title='bbox 781 813 982 886; x_wconf 78' lang='lat' dir='ltr'><em>posterioribus</em></span> <span class='ocrx_word' id='word_1_39' title='bbox 1002 811 1056 868; x_wconf 79' lang='lat' dir='ltr'>io·</span> <span class='ocrx_word' id='word_1_40' title='bbox 1107 807 1227 888; x_wconf 67' lang='lat' dir='ltr'>liogatus</span> <span class='ocrx_word' id='word_1_41' title='bbox 1249 811 1290 862; x_wconf 86' lang='lat' dir='ltr'>eet</span> <span class='ocrx_word' id='word_1_42' title='bbox 1311 807 1389 862; x_wconf 87' lang='lat' dir='ltr'>heres</span> <span class='ocrx_word' id='word_1_43' title='bbox 1411 821 1429 862; x_wconf 92' lang='grc'>4</span> <span class='ocrx_word' id='word_1_44' title='bbox 1450 809 1547 888; x_wconf 82' lang='lat' dir='ltr'>liberto</span> <span class='ocrx_word' id='word_1_45' title='bbox 1568 815 1708 874; x_wconf 72' lang='lat' dir='ltr'>testatore,</span> <span class='ocrx_word' id='word_1_46' title='bbox 1731 809 1763 862; x_wconf 89' lang='lat' dir='ltr'>ut</span> <span class='ocrx_word' id='word_1_47' title='bbox 1784 803 1917 874; x_wconf 76' lang='lat' dir='ltr'>perceptis</span> 
     </span>
     <span class='ocr_line' id='line_1_6' title="bbox 256 873 1917 962; baseline -0.009 -19"><span class='ocrx_word' id='word_1_48' title='bbox 256 883 338 944; x_wconf 80' lang='grc'>144414</span> <span class='ocrx_word' id='word_1_49' title='bbox 374 879 447 948; x_wconf 78' lang='lat' dir='ltr'>caea</span> <span class='ocrx_word' id='word_1_50' title='bbox 471 881 591 936; x_wconf 89' lang='grc'>44441414</span> <span class='ocrx_word' id='word_1_51' title='bbox 614 879 648 934; x_wconf 88' lang='grc'>44</span> <span class='ocrx_word' id='word_1_52' title='bbox 670 895 753 950; x_wconf 88' lang='lat' dir='ltr'>genus</span> <span class='ocrx_word' id='word_1_53' title='bbox 772 895 951 962; x_wconf 84' lang='lat' dir='ltr'>personarum</span> <span class='ocrx_word' id='word_1_54' title='bbox 959 883 979 946; x_wconf 82' lang='lat'>2,</span> <span class='ocrx_word' id='word_1_55' title='bbox 1002 895 1056 934; x_wconf 89' lang='lat' dir='ltr'>non</span> <span class='ocrx_word' id='word_1_56' title='bbox 1108 877 1159 930; x_wconf 85' lang='grc'>4444</span> <span class='ocrx_word' id='word_1_57' title='bbox 1176 875 1267 930; x_wconf 89' lang='lat' dir='ltr'>decem</span> <span class='ocrx_word' id='word_1_58' title='bbox 1282 879 1368 954; x_wconf 80' lang='lat' dir='ltr'>totam</span> <span class='ocrx_word' id='word_1_59' title='bbox 1383 873 1556 930; x_wconf 83' lang='lat' dir='ltr'>heredrtatem</span> <span class='ocrx_word' id='word_1_60' title='bbox 1572 877 1740 934; x_wconf 73' lang='lat' dir='ltr'>emendaret:</span> <span class='ocrx_word' id='word_1_61' title='bbox 1757 877 1853 946; x_wconf 85' lang='lat' dir='ltr'>postea</span> <span class='ocrx_word' id='word_1_62' title='bbox 1869 887 1917 942; x_wconf 89' lang='lat' dir='ltr'>pa·</span> 
     </span>
     <span class='ocr_line' id='line_1_7' title="bbox 256 939 1917 1018; baseline -0.005 -12"><span class='ocrx_word' id='word_1_63' title='bbox 256 953 287 1012; x_wconf 84' lang='lat' dir='ltr'>ad</span> <span class='ocrx_word' id='word_1_64' title='bbox 307 953 390 1006; x_wconf 85' lang='lat' dir='ltr'>certas</span> <span class='ocrx_word' id='word_1_65' title='bbox 414 953 441 1002; x_wconf 89' lang='lat' dir='ltr'>et</span> <span class='ocrx_word' id='word_1_66' title='bbox 460 953 539 1004; x_wconf 88' lang='lat' dir='ltr'>notas</span> <span class='ocrx_word' id='word_1_67' title='bbox 560 963 689 1018; x_wconf 77' lang='lat' dir='ltr'>personae</span> <span class='ocrx_word' id='word_1_68' title='bbox 709 953 857 1018; x_wconf 78' lang='lat' dir='ltr'>pertineat,</span> <span class='ocrx_word' id='word_1_69' title='bbox 886 963 944 1002; x_wconf 90' lang='lat' dir='ltr'>eam</span> <span class='ocrx_word' id='word_1_70' title='bbox 965 947 1056 1004; x_wconf 79' lang='lat' dir='ltr'>existi-</span> <span class='ocrx_word' id='word_1_71' title='bbox 1107 949 1201 998; x_wconf 78' lang='lat' dir='ltr'>honus</span> <span class='ocrx_word' id='word_1_72' title='bbox 1219 943 1338 998; x_wconf 86' lang='grc'>44144444</span> <span class='ocrx_word' id='word_1_73' title='bbox 1352 943 1482 998; x_wconf 87' lang='lat' dir='ltr'>bonorum</span> <span class='ocrx_word' id='word_1_74' title='bbox 1496 947 1691 1012; x_wconf 89' lang='lat' dir='ltr'>possessionem</span> <span class='ocrx_word' id='word_1_75' title='bbox 1705 949 1800 1000; x_wconf 86' lang='lat' dir='ltr'>contra</span> <span class='ocrx_word' id='word_1_76' title='bbox 1811 939 1917 998; x_wconf 82' lang='grc'>4444144</span> 
     </span>
     <span class='ocr_line' id='line_1_8' title="bbox 255 1009 1918 1082; baseline -0.005 -8"><span class='ocrx_word' id='word_1_77' title='bbox 255 1033 348 1080; x_wconf 84' lang='lat' dir='ltr'>mamus</span> <span class='ocrx_word' id='word_1_78' title='bbox 370 1015 452 1072; x_wconf 89' lang='lat' dir='ltr'>totius</span> <span class='ocrx_word' id='word_1_79' title='bbox 472 1031 531 1072; x_wconf 89' lang='lat' dir='ltr'>esse</span> <span class='ocrx_word' id='word_1_80' title='bbox 552 1015 704 1072; x_wconf 73' lang='lat' dir='ltr'>testamenti</span> <span class='ocrx_word' id='word_1_81' title='bbox 723 1021 752 1072; x_wconf 88' lang='lat' dir='ltr'>et</span> <span class='ocrx_word' id='word_1_82' title='bbox 774 1015 810 1070; x_wconf 91' lang='lat' dir='ltr'>ad</span> <span class='ocrx_word' id='word_1_83' title='bbox 833 1033 924 1072; x_wconf 89' lang='lat' dir='ltr'>omnes</span> <span class='ocrx_word' id='word_1_84' title='bbox 945 1017 1056 1072; x_wconf 88' lang='lat' dir='ltr'>heredes</span> <span class='ocrx_word' id='word_1_85' title='bbox 1127 1011 1221 1066; x_wconf 89' lang='lat' dir='ltr'>etierat</span> <span class='ocrx_word' id='word_1_86' title='bbox 1233 1017 1261 1066; x_wconf 88' lang='grc'>44</span> <span class='ocrx_word' id='word_1_87' title='bbox 1275 1015 1378 1080; x_wconf 89' lang='lat' dir='ltr'>partem</span> <span class='ocrx_word' id='word_1_88' title='bbox 1391 1009 1554 1080; x_wconf 87' lang='lat' dir='ltr'>hereditatis,</span> <span class='ocrx_word' id='word_1_89' title='bbox 1573 1029 1641 1082; x_wconf 88' lang='lat' dir='ltr'>quae</span> <span class='ocrx_word' id='word_1_90' title='bbox 1655 1015 1809 1076; x_wconf 88' lang='lat' dir='ltr'>debehatur,</span> <span class='ocrx_word' id='word_1_91' title='bbox 1826 1009 1918 1066; x_wconf 87' lang='lat' dir='ltr'>ahstu-</span> 
     </span>
     <span class='ocr_line' id='line_1_9' title="bbox 255 1025 1918 1166; baseline -0.002 -26"><span class='ocrx_word' id='word_1_92' title='bbox 255 1087 381 1148; x_wconf 83' lang='lat' dir='ltr'>institutoe</span> <span class='ocrx_word' id='word_1_93' title='bbox 398 1085 546 1154; x_wconf 73' lang='lat' dir='ltr'>pertineret</span> <span class='ocrx_word' id='word_1_94' title='bbox 567 1089 680 1166; x_wconf 82' lang='lat' dir='ltr'>atquae</span> <span class='ocrx_word' id='word_1_95' title='bbox 698 1083 820 1140; x_wconf 89' lang='lat' dir='ltr'>condicio</span> <span class='ocrx_word' id='word_1_96' title='bbox 838 1083 873 1138; x_wconf 86' lang='grc'>44</span> <span class='ocrx_word' id='word_1_97' title='bbox 890 1091 977 1140; x_wconf 81' lang='lat' dir='ltr'>certes</span> <span class='ocrx_word' id='word_1_98' title='bbox 993 1101 1056 1154; x_wconf 89' lang='lat' dir='ltr'>per·</span> <span class='ocrx_word' id='word_1_99' title='bbox 1107 1025 1183 1134; x_wconf 74' lang='grc'>44444.</span> <span class='ocrx_word' id='word_1_100' title='bbox 1217 1081 1349 1160; x_wconf 81' lang='lat' dir='ltr'>Proculus</span> <span class='ocrx_word' id='word_1_101' title='bbox 1367 1079 1476 1134; x_wconf 79' lang='lat' dir='ltr'>Cassius</span> <span class='ocrx_word' id='word_1_102' title='bbox 1499 1079 1772 1160; x_wconf 74' lang='lat' dir='ltr'>fideicommissariam</span> <span class='ocrx_word' id='word_1_103' title='bbox 1791 1097 1842 1152; x_wconf 87' lang='lat' dir='ltr'>pro</span> <span class='ocrx_word' id='word_1_104' title='bbox 1858 1085 1918 1162; x_wconf 74' lang='grc'>4444</span> 
     </span>
     <span class='ocr_line' id='line_1_10' title="bbox 257 1147 1918 1218; baseline -0.003 -8"><span class='ocrx_word' id='word_1_105' title='bbox 257 1171 328 1216; x_wconf 83' lang='lat' dir='ltr'>sonas</span> <span class='ocrx_word' id='word_1_106' title='bbox 344 1153 543 1206; x_wconf 88' lang='lat' dir='ltr'>accommodata</span> <span class='ocrx_word' id='word_1_107' title='bbox 559 1153 653 1218; x_wconf 75' lang='lat' dir='ltr'>fuerit,</span> <span class='ocrx_word' id='word_1_108' title='bbox 677 1167 737 1206; x_wconf 91' lang='lat' dir='ltr'>eam</span> <span class='ocrx_word' id='word_1_109' title='bbox 760 1151 861 1206; x_wconf 86' lang='lat' dir='ltr'>referre</span> <span class='ocrx_word' id='word_1_110' title='bbox 878 1151 1005 1208; x_wconf 90' lang='lat' dir='ltr'>debemus</span> <span class='ocrx_word' id='word_1_111' title='bbox 1022 1151 1058 1206; x_wconf 90' lang='lat' dir='ltr'>ad</span> <span class='ocrx_word' id='word_1_112' title='bbox 1108 1147 1180 1218; x_wconf 90' lang='lat' dir='ltr'>qnod</span> <span class='ocrx_word' id='word_1_113' title='bbox 1194 1147 1272 1202; x_wconf 89' lang='grc'>441444</span> <span class='ocrx_word' id='word_1_114' title='bbox 1284 1153 1404 1218; x_wconf 88' lang='lat' dir='ltr'>repetere</span> <span class='ocrx_word' id='word_1_115' title='bbox 1418 1147 1514 1202; x_wconf 89' lang='lat' dir='ltr'>debere</span> <span class='ocrx_word' id='word_1_116' title='bbox 1527 1153 1611 1202; x_wconf 88' lang='grc'>44444.</span> <span class='ocrx_word' id='word_1_117' title='bbox 1645 1149 1769 1208; x_wconf 73' lang='lat' dir='ltr'>Psoron</span> <span class='ocrx_word' id='word_1_118' title='bbox 1795 1153 1847 1206; x_wconf 92' lang='lat' dir='ltr'>hcc</span> <span class='ocrx_word' id='word_1_119' title='bbox 1860 1165 1918 1206; x_wconf 87' lang='grc'>44444</span> 
     </span>
     <span class='ocr_line' id='line_1_11' title="bbox 256 1213 1918 1288; baseline -0.002 -10"><span class='ocrx_word' id='word_1_120' title='bbox 256 1239 309 1282; x_wconf 89' lang='lat' dir='ltr'>eum</span> <span class='ocrx_word' id='word_1_121' title='bbox 326 1219 461 1274; x_wconf 75' lang='lat' dir='ltr'>dumtaxat</span> <span class='ocrx_word' id='word_1_122' title='bbox 476 1219 602 1288; x_wconf 71' lang='lat' dir='ltr'>gradum</span> <span class='ocrx_word' id='word_1_123' title='bbox 626 1235 678 1288; x_wconf 90' lang='lat' dir='ltr'>qno</span> <span class='ocrx_word' id='word_1_124' title='bbox 701 1219 753 1274; x_wconf 90' lang='lat' dir='ltr'>hae</span> <span class='ocrx_word' id='word_1_125' title='bbox 770 1233 902 1288; x_wconf 77' lang='lat' dir='ltr'>personae</span> <span class='ocrx_word' id='word_1_126' title='bbox 917 1219 1057 1274; x_wconf 89' lang='lat' dir='ltr'>institutae</span> <span class='ocrx_word' id='word_1_127' title='bbox 1108 1217 1220 1270; x_wconf 81' lang='grc'>44144444</span> <span class='ocrx_word' id='word_1_128' title='bbox 1245 1231 1308 1270; x_wconf 88' lang='lat' dir='ltr'>nam</span> <span class='ocrx_word' id='word_1_129' title='bbox 1334 1213 1556 1284; x_wconf 84' lang='lat' dir='ltr'>quemadmodum</span> <span class='ocrx_word' id='word_1_130' title='bbox 1578 1219 1758 1284; x_wconf 84' lang='lat' dir='ltr'>praestatione</span> <span class='ocrx_word' id='word_1_131' title='bbox 1782 1219 1918 1274; x_wconf 85' lang='lat' dir='ltr'>fideicom-</span> 
     </span>
     <span class='ocr_line' id='line_1_12' title="bbox 258 1285 1916 1408; baseline 0 -66"><span class='ocrx_word' id='word_1_132' title='bbox 258 1299 267 1348; x_wconf 88' lang='lat'>1</span> <span class='ocrx_word' id='word_1_133' title='bbox 299 1289 413 1342; x_wconf 83' lang='lat' dir='ltr'>inerunt.</span> <span class='ocrx_word' id='word_1_134' title='bbox 448 1287 514 1342; x_wconf 79' lang='lat' dir='ltr'>Cum</span> <span class='ocrx_word' id='word_1_135' title='bbox 539 1287 579 1342; x_wconf 91' lang='lat' dir='ltr'>ita</span> <span class='ocrx_word' id='word_1_136' title='bbox 602 1289 632 1342; x_wconf 89' lang='grc'>14</span> <span class='ocrx_word' id='word_1_137' title='bbox 656 1291 816 1342; x_wconf 87' lang='lat' dir='ltr'>testamento</span> <span class='ocrx_word' id='word_1_138' title='bbox 843 1289 973 1356; x_wconf 89' lang='lat' dir='ltr'>scriptum</span> <span class='ocrx_word' id='word_1_139' title='bbox 998 1291 1058 1342; x_wconf 90' lang='grc'>4444</span> <span class='ocrx_word' id='word_1_140' title='bbox 1108 1285 1249 1342; x_wconf 85' lang='lat' dir='ltr'>missorum</span> <span class='ocrx_word' id='word_1_141' title='bbox 1261 1289 1297 1364; x_wconf 89' lang='grc' dir='ltr'>Ι44</span> <span class='ocrx_word' id='word_1_142' title='bbox 1313 1285 1460 1364; x_wconf 85' lang='lat' dir='ltr'>legatorum</span> <span class='ocrx_word' id='word_1_143' title='bbox 1475 1285 1554 1338; x_wconf 91' lang='lat' dir='ltr'>heres</span> <span class='ocrx_word' id='word_1_144' title='bbox 1571 1291 1731 1340; x_wconf 80' lang='grc'>4444444444</span> <span class='ocrx_word' id='word_1_145' title='bbox 1746 1303 1796 1408; x_wconf 57' lang='lat' dir='ltr'>ger</span> <span class='ocrx_word' id='word_1_146' title='bbox 1811 1293 1916 1356; x_wconf 89' lang='lat' dir='ltr'>praeto·</span> 
     </span>
     <span class='ocr_line' id='line_1_13' title="bbox 257 1351 1917 1424; baseline -0.002 -10"><span class='ocrx_word' id='word_1_147' title='bbox 257 1363 290 1414; x_wconf 85' lang='lat' dir='ltr'>‘nt</span> <span class='ocrx_word' id='word_1_148' title='bbox 305 1355 401 1424; x_wconf 77' lang='lat' dir='ltr'>ahquid</span> <span class='ocrx_word' id='word_1_149' title='bbox 416 1355 444 1408; x_wconf 91' lang='lat' dir='ltr'>in</span> <span class='ocrx_word' id='word_1_150' title='bbox 461 1355 520 1410; x_wconf 86' lang='lat' dir='ltr'>foro</span> <span class='ocrx_word' id='word_1_151' title='bbox 537 1353 594 1408; x_wconf 89' lang='lat' dir='ltr'>fiat’</span> <span class='ocrx_word' id='word_1_152' title='bbox 611 1369 696 1422; x_wconf 88' lang='lat' dir='ltr'>neque</span> <span class='ocrx_word' id='word_1_153' title='bbox 713 1355 879 1422; x_wconf 83' lang='lat' dir='ltr'>adscriptum</span> <span class='ocrx_word' id='word_1_154' title='bbox 892 1355 990 1408; x_wconf 89' lang='lat' dir='ltr'>eratin</span> <span class='ocrx_word' id='word_1_155' title='bbox 1004 1371 1057 1424; x_wconf 90' lang='lat' dir='ltr'>qno</span> <span class='ocrx_word' id='word_1_156' title='bbox 1111 1359 1122 1408; x_wconf 91' lang='lat'>1</span> <span class='ocrx_word' id='word_1_157' title='bbox 1158 1353 1242 1416; x_wconf 67' lang='lat' dir='ltr'>remfl,</span> <span class='ocrx_word' id='word_1_158' title='bbox 1259 1357 1297 1406; x_wconf 83' lang='lat' dir='ltr'>tta</span> <span class='ocrx_word' id='word_1_159' title='bbox 1315 1355 1393 1424; x_wconf 83' lang='grc'>444444</span> <span class='ocrx_word' id='word_1_160' title='bbox 1408 1351 1467 1420; x_wconf 88' lang='lat' dir='ltr'>ipsc</span> <span class='ocrx_word' id='word_1_161' title='bbox 1482 1357 1587 1420; x_wconf 85' lang='lat' dir='ltr'>partem</span> <span class='ocrx_word' id='word_1_162' title='bbox 1604 1353 1729 1420; x_wconf 78' lang='lat' dir='ltr'>consequi</span> <span class='ocrx_word' id='word_1_163' title='bbox 1765 1353 1834 1410; x_wconf 85' lang='lat' dir='ltr'>chet.</span> <span class='ocrx_word' id='word_1_164' title='bbox 1868 1355 1917 1410; x_wconf 88' lang='lat' dir='ltr'>Di·</span> 
     </span>
     <span class='ocr_line' id='line_1_14' title="bbox 256 1419 1917 1492; baseline -0.002 -12"><span class='ocrx_word' id='word_1_165' title='bbox 256 1429 317 1492; x_wconf 86' lang='lat' dir='ltr'>toro,</span> <span class='ocrx_word' id='word_1_166' title='bbox 333 1423 423 1478; x_wconf 89' lang='lat' dir='ltr'>Labeo</span> <span class='ocrx_word' id='word_1_167' title='bbox 440 1423 485 1488; x_wconf 89' lang='lat' dir='ltr'>ait,</span> <span class='ocrx_word' id='word_1_168' title='bbox 503 1423 527 1478; x_wconf 94' lang='lat' dir='ltr'>si</span> <span class='ocrx_word' id='word_1_169' title='bbox 543 1441 598 1478; x_wconf 89' lang='lat' dir='ltr'>nou</span> <span class='ocrx_word' id='word_1_170' title='bbox 615 1427 753 1492; x_wconf 86' lang='lat' dir='ltr'>appareat,</span> <span class='ocrx_word' id='word_1_171' title='bbox 776 1423 841 1490; x_wconf 90' lang='lat' dir='ltr'>qnid</span> <span class='ocrx_word' id='word_1_172' title='bbox 857 1429 979 1478; x_wconf 89' lang='lat' dir='ltr'>mortuns</span> <span class='ocrx_word' id='word_1_173' title='bbox 997 1437 1056 1478; x_wconf 85' lang='lat' dir='ltr'>sen·</span> <span class='ocrx_word' id='word_1_174' title='bbox 1107 1437 1212 1478; x_wconf 78' lang='lat' dir='ltr'>uersum</span> <span class='ocrx_word' id='word_1_175' title='bbox 1226 1425 1275 1486; x_wconf 87' lang='lat' dir='ltr'>est,</span> <span class='ocrx_word' id='word_1_176' title='bbox 1293 1421 1317 1474; x_wconf 91' lang='lat' dir='ltr'>si</span> <span class='ocrx_word' id='word_1_177' title='bbox 1329 1419 1449 1474; x_wconf 74' lang='lat' dir='ltr'>Falcidia</span> <span class='ocrx_word' id='word_1_178' title='bbox 1460 1419 1620 1474; x_wconf 77' lang='lat' dir='ltr'>interveniat</span> <span class='ocrx_word' id='word_1_179' title='bbox 1634 1425 1661 1474; x_wconf 87' lang='lat' dir='ltr'>et</span> <span class='ocrx_word' id='word_1_180' title='bbox 1672 1421 1775 1474; x_wconf 85' lang='lat' dir='ltr'>minuat</span> <span class='ocrx_word' id='word_1_181' title='bbox 1787 1423 1917 1492; x_wconf 86' lang='lat' dir='ltr'>legatum:</span> 
     </span>
     <span class='ocr_line' id='line_1_15' title="bbox 257 1487 1919 1562; baseline -0.002 -12"><span class='ocrx_word' id='word_1_182' title='bbox 257 1493 320 1556; x_wconf 84' lang='lat' dir='ltr'>serit,</span> <span class='ocrx_word' id='word_1_183' title='bbox 337 1491 363 1544; x_wconf 91' lang='grc'>14</span> <span class='ocrx_word' id='word_1_184' title='bbox 380 1491 436 1546; x_wconf 85' lang='grc'>4144</span> <span class='ocrx_word' id='word_1_185' title='bbox 453 1489 591 1560; x_wconf 89' lang='lat' dir='ltr'>municipii</span> <span class='ocrx_word' id='word_1_186' title='bbox 607 1491 666 1546; x_wconf 86' lang='lat' dir='ltr'>foro</span> <span class='ocrx_word' id='word_1_187' title='bbox 683 1489 843 1558; x_wconf 83' lang='lat' dir='ltr'>iaciendum,</span> <span class='ocrx_word' id='word_1_188' title='bbox 861 1491 890 1544; x_wconf 92' lang='lat' dir='ltr'>in</span> <span class='ocrx_word' id='word_1_189' title='bbox 906 1507 958 1560; x_wconf 90' lang='lat' dir='ltr'>qno</span> <span class='ocrx_word' id='word_1_190' title='bbox 972 1491 996 1546; x_wconf 91' lang='grc'>14</span> <span class='ocrx_word' id='word_1_191' title='bbox 1012 1491 1058 1562; x_wconf 91' lang='lat' dir='ltr'>qni</span> <span class='ocrx_word' id='word_1_192' title='bbox 1107 1507 1170 1546; x_wconf 88' lang='lat' dir='ltr'>nam</span> <span class='ocrx_word' id='word_1_193' title='bbox 1186 1489 1227 1546; x_wconf 90' lang='lat' dir='ltr'>his</span> <span class='ocrx_word' id='word_1_194' title='bbox 1246 1489 1353 1544; x_wconf 87' lang='lat' dir='ltr'>casibus</span> <span class='ocrx_word' id='word_1_195' title='bbox 1370 1489 1436 1542; x_wconf 89' lang='lat' dir='ltr'>nihil</span> <span class='ocrx_word' id='word_1_196' title='bbox 1452 1493 1596 1558; x_wconf 88' lang='lat' dir='ltr'>repetetur,</span> <span class='ocrx_word' id='word_1_197' title='bbox 1613 1487 1676 1558; x_wconf 90' lang='lat' dir='ltr'>qnia</span> <span class='ocrx_word' id='word_1_198' title='bbox 1688 1489 1716 1540; x_wconf 90' lang='grc'>14</span> <span class='ocrx_word' id='word_1_199' title='bbox 1728 1489 1842 1544; x_wconf 87' lang='lat' dir='ltr'>solidum</span> <span class='ocrx_word' id='word_1_200' title='bbox 1855 1507 1919 1546; x_wconf 88' lang='lat' dir='ltr'>con·</span> 
     </span>
     <span class='ocr_line' id='line_1_16' title="bbox 256 1555 1919 1636; baseline -0.001 -20"><span class='ocrx_word' id='word_1_201' title='bbox 256 1565 432 1616; x_wconf 80' lang='lat' dir='ltr'>nannenten</span> <span class='ocrx_word' id='word_1_202' title='bbox 449 1557 543 1614; x_wconf 87' lang='lat' dir='ltr'>iecerit</span> <span class='ocrx_word' id='word_1_203' title='bbox 560 1559 721 1614; x_wconf 87' lang='lat' dir='ltr'>domicilium</span> <span class='ocrx_word' id='word_1_204' title='bbox 738 1559 876 1614; x_wconf 85' lang='lat' dir='ltr'>babuerit:</span> <span class='ocrx_word' id='word_1_205' title='bbox 899 1575 979 1630; x_wconf 88' lang='lat' dir='ltr'>qnam</span> <span class='ocrx_word' id='word_1_206' title='bbox 995 1575 1056 1614; x_wconf 89' lang='lat' dir='ltr'>sen·</span> <span class='ocrx_word' id='word_1_207' title='bbox 1108 1563 1123 1612; x_wconf 82' lang='lat'><strong>2</strong></span> <span class='ocrx_word' id='word_1_208' title='bbox 1159 1559 1257 1612; x_wconf 89' lang='lat' dir='ltr'>dicioni</span> <span class='ocrx_word' id='word_1_209' title='bbox 1279 1561 1397 1626; x_wconf 86' lang='lat' dir='ltr'>paretur.</span> <span class='ocrx_word' id='word_1_210' title='bbox 1432 1558 1500 1612; x_wconf 87' lang='lat' dir='ltr'>Item</span> <span class='ocrx_word' id='word_1_211' title='bbox 1520 1555 1651 1612; x_wconf 87' lang='lat' dir='ltr'>scinditur</span> <span class='ocrx_word' id='word_1_212' title='bbox 1672 1555 1714 1612; x_wconf 93' lang='lat' dir='ltr'>ius</span> <span class='ocrx_word' id='word_1_213' title='bbox 1736 1555 1830 1636; x_wconf 78' lang='lat' dir='ltr'>dandi,</span> <span class='ocrx_word' id='word_1_214' title='bbox 1852 1559 1876 1614; x_wconf 88' lang='lat' dir='ltr'>si</span> <span class='ocrx_word' id='word_1_215' title='bbox 1895 1561 1919 1616; x_wconf 93' lang='lat' dir='ltr'>is</span> 
     </span>
     <span class='ocr_line' id='line_1_17' title="bbox 257 1623 1920 1696; baseline 0 -12"><span class='ocrx_word' id='word_1_216' title='bbox 257 1627 356 1684; x_wconf 83' lang='grc'>44441444</span> <span class='ocrx_word' id='word_1_217' title='bbox 373 1643 420 1696; x_wconf 87' lang='lat' dir='ltr'>ego</span> <span class='ocrx_word' id='word_1_218' title='bbox 438 1643 545 1696; x_wconf 86' lang='lat' dir='ltr'>quoque</span> <span class='ocrx_word' id='word_1_219' title='bbox 560 1627 656 1696; x_wconf 86' lang='lat' dir='ltr'>probo.</span> <span class='ocrx_word' id='word_1_220' title='bbox 1109 1629 1153 1682; x_wconf 88' lang='lat' dir='ltr'>cui</span> <span class='ocrx_word' id='word_1_221' title='bbox 1174 1627 1290 1696; x_wconf 88' lang='lat' dir='ltr'>legatum</span> <span class='ocrx_word' id='word_1_222' title='bbox 1314 1631 1356 1680; x_wconf 90' lang='lat' dir='ltr'>est</span> <span class='ocrx_word' id='word_1_223' title='bbox 1378 1641 1432 1680; x_wconf 87' lang='lat' dir='ltr'>non</span> <span class='ocrx_word' id='word_1_224' title='bbox 1454 1631 1543 1696; x_wconf 87' lang='lat' dir='ltr'>potest</span> <span class='ocrx_word' id='word_1_225' title='bbox 1565 1629 1668 1694; x_wconf 87' lang='lat' dir='ltr'>partem</span> <span class='ocrx_word' id='word_1_226' title='bbox 1691 1623 1920 1684; x_wconf 84' lang='lat' dir='ltr'>heredrtatissibi</span> 
     </span>
     <span class='ocr_line' id='line_1_18' title="bbox 285 1693 1920 1766; baseline -0.001 -16"><span class='ocrx_word' id='word_1_227' title='bbox 285 1693 322 1752; x_wconf 84' lang='grc'>40</span> <span class='ocrx_word' id='word_1_228' title='bbox 339 1693 418 1748; x_wconf 78' lang='lat' dir='ltr'>loru</span> <span class='ocrx_word' id='word_1_229' title='bbox 431 1693 500 1750; x_wconf 83' lang='lat' dir='ltr'>libro</span> <span class='ocrx_word' id='word_1_230' title='bbox 516 1695 635 1750; x_wconf 84' lang='lat' dir='ltr'>secando</span> <span class='ocrx_word' id='word_1_231' title='bbox 658 1697 907 1766; x_wconf 74' lang='lat' dir='ltr'>exportationibus</span> <span class='ocrx_word' id='word_1_232' title='bbox 923 1695 1059 1752; x_wconf 80' lang='lat' dir='ltr'>Labeonis</span> <span class='ocrx_word' id='word_1_233' title='bbox 1108 1697 1228 1750; x_wconf 85' lang='grc'>44114444</span> <span class='ocrx_word' id='word_1_234' title='bbox 1244 1699 1330 1750; x_wconf 87' lang='lat' dir='ltr'>totam</span> <span class='ocrx_word' id='word_1_235' title='bbox 1347 1709 1457 1764; x_wconf 80' lang='lat' dir='ltr'>capere:</span> <span class='ocrx_word' id='word_1_236' title='bbox 1481 1709 1543 1748; x_wconf 89' lang='lat' dir='ltr'>nam</span> <span class='ocrx_word' id='word_1_237' title='bbox 1565 1693 1653 1750; x_wconf 81' lang='grc'>444144</span> <span class='ocrx_word' id='word_1_238' title='bbox 1676 1699 1718 1748; x_wconf 88' lang='grc'>444</span> <span class='ocrx_word' id='word_1_239' title='bbox 1738 1697 1843 1762; x_wconf 88' lang='lat' dir='ltr'>partem</span> <span class='ocrx_word' id='word_1_240' title='bbox 1859 1709 1920 1750; x_wconf 88' lang='lat' dir='ltr'>eum</span> 
     </span>
     <span class='ocr_line' id='line_1_19' title="bbox 256 1759 1919 1834; baseline -0.001 -17"><span class='ocrx_word' id='word_1_241' title='bbox 256 1763 348 1832; x_wconf 74' lang='lat' dir='ltr'>Qubus</span> <span class='ocrx_word' id='word_1_242' title='bbox 371 1761 465 1816; x_wconf 87' lang='lat' dir='ltr'>diebus</span> <span class='ocrx_word' id='word_1_243' title='bbox 487 1761 590 1816; x_wconf 88' lang='grc'>4141444</span> <span class='ocrx_word' id='word_1_244' title='bbox 608 1763 914 1834; x_wconf 80' lang='lat' dir='ltr'>tnnateriapnblica‚</span> <span class='ocrx_word' id='word_1_245' title='bbox 938 1779 999 1818; x_wconf 87' lang='lat' dir='ltr'>cum</span> <span class='ocrx_word' id='word_1_246' title='bbox 1023 1763 1058 1816; x_wconf 89' lang='lat' dir='ltr'>ad</span> <span class='ocrx_word' id='word_1_247' title='bbox 1109 1769 1247 1834; x_wconf 87' lang='lat' dir='ltr'>praestare</span> <span class='ocrx_word' id='word_1_248' title='bbox 1268 1763 1376 1828; x_wconf 90' lang='lat' dir='ltr'>debere,</span> <span class='ocrx_word' id='word_1_249' title='bbox 1399 1767 1503 1832; x_wconf 89' lang='lat' dir='ltr'>partem</span> <span class='ocrx_word' id='word_1_250' title='bbox 1523 1761 1598 1828; x_wconf 90' lang='lat' dir='ltr'>illos,</span> <span class='ocrx_word' id='word_1_251' title='bbox 1621 1761 1667 1832; x_wconf 91' lang='lat' dir='ltr'>qui</span> <span class='ocrx_word' id='word_1_252' title='bbox 1684 1759 1809 1816; x_wconf 82' lang='lat' dir='ltr'>auferunt</span> <span class='ocrx_word' id='word_1_253' title='bbox 1825 1760 1861 1817; x_wconf 89' lang='lat' dir='ltr'>ab</span> <span class='ocrx_word' id='word_1_254' title='bbox 1879 1777 1919 1828; x_wconf 89' lang='lat' dir='ltr'>eo,</span> 
     </span>
     <span class='ocr_line' id='line_1_20' title="bbox 256 1829 1920 1904; baseline -0.001 -18"><span class='ocrx_word' id='word_1_255' title='bbox 256 1829 392 1904; x_wconf 79' lang='lat' dir='ltr'>pamndnm</span> <span class='ocrx_word' id='word_1_256' title='bbox 414 1829 565 1884; x_wconf 89' lang='lat' dir='ltr'>condicioni</span> <span class='ocrx_word' id='word_1_257' title='bbox 581 1831 732 1898; x_wconf 80' lang='lat' dir='ltr'>tessellae,</span> <span class='ocrx_word' id='word_1_258' title='bbox 755 1831 795 1886; x_wconf 91' lang='lat' dir='ltr'>ire</span> <span class='ocrx_word' id='word_1_259' title='bbox 817 1831 986 1900; x_wconf 88' lang='lat' dir='ltr'>prohibuerit</span> <span class='ocrx_word' id='word_1_260' title='bbox 1007 1845 1057 1884; x_wconf 89' lang='lat' dir='ltr'>uec</span> <span class='ocrx_word' id='word_1_261' title='bbox 1109 1831 1181 1900; x_wconf 88' lang='lat' dir='ltr'>quod</span> <span class='ocrx_word' id='word_1_262' title='bbox 1205 1831 1266 1900; x_wconf 90' lang='lat' dir='ltr'>plus</span> <span class='ocrx_word' id='word_1_263' title='bbox 1292 1831 1414 1886; x_wconf 84' lang='lat' dir='ltr'>relictum</span> <span class='ocrx_word' id='word_1_264' title='bbox 1442 1835 1495 1896; x_wconf 89' lang='lat' dir='ltr'>eet,</span> <span class='ocrx_word' id='word_1_265' title='bbox 1524 1845 1606 1900; x_wconf 90' lang='lat' dir='ltr'>quam</span> <span class='ocrx_word' id='word_1_266' title='bbox 1631 1845 1648 1882; x_wconf 89' lang='grc'>4</span> <span class='ocrx_word' id='word_1_267' title='bbox 1673 1829 1731 1898; x_wconf 90' lang='lat' dir='ltr'>lege</span> <span class='ocrx_word' id='word_1_268' title='bbox 1756 1829 1920 1884; x_wconf 85' lang='lat' dir='ltr'>conceditur.</span> 
     </span>
     <span class='ocr_line' id='line_1_21' title="bbox 256 1897 1920 1970; baseline 0 -16"><span class='ocrx_word' id='word_1_269' title='bbox 256 1915 298 1970; x_wconf 89' lang='lat' dir='ltr'>per</span> <span class='ocrx_word' id='word_1_270' title='bbox 311 1897 1058 1968; x_wconf 66' lang='grc'>44444444,444414444444444444144441444444</span> <span class='ocrx_word' id='word_1_271' title='bbox 1109 1905 1124 1954; x_wconf 83' lang='lat'><strong>3</strong></span> <span class='ocrx_word' id='word_1_272' title='bbox 1159 1899 1284 1956; x_wconf 88' lang='lat' dir='ltr'>Neratius</span> <span class='ocrx_word' id='word_1_273' title='bbox 1300 1899 1370 1956; x_wconf 88' lang='lat' dir='ltr'>libro</span> <span class='ocrx_word' id='word_1_274' title='bbox 1383 1897 1467 1968; x_wconf 90' lang='lat' dir='ltr'>primo</span> <span class='ocrx_word' id='word_1_275' title='bbox 1481 1913 1672 1968; x_wconf 86' lang='lat' dir='ltr'>responsorum</span> <span class='ocrx_word' id='word_1_276' title='bbox 1685 1897 1787 1964; x_wconf 88' lang='lat' dir='ltr'>scribit,</span> <span class='ocrx_word' id='word_1_277' title='bbox 1805 1913 1839 1954; x_wconf 88' lang='lat' dir='ltr'>ex</span> <span class='ocrx_word' id='word_1_278' title='bbox 1854 1897 1920 1954; x_wconf 90' lang='lat' dir='ltr'>dno·</span> 
     </span>
     <span class='ocr_line' id='line_1_22' title="bbox 256 1965 1921 2038; baseline 0.001 -18"><span class='ocrx_word' id='word_1_279' title='bbox 256 1973 424 2032; x_wconf 80' lang='grc'>4444444444,</span> <span class='ocrx_word' id='word_1_280' title='bbox 454 1967 484 2020; x_wconf 89' lang='grc'>41</span> <span class='ocrx_word' id='word_1_281' title='bbox 512 1965 570 2022; x_wconf 87' lang='grc'>4144</span> <span class='ocrx_word' id='word_1_282' title='bbox 595 1967 745 2022; x_wconf 88' lang='lat' dir='ltr'>condicioni</span> <span class='ocrx_word' id='word_1_283' title='bbox 767 1983 822 2022; x_wconf 89' lang='lat' dir='ltr'>non</span> <span class='ocrx_word' id='word_1_284' title='bbox 845 1969 1056 2036; x_wconf 89' lang='lat' dir='ltr'>imputabuntur.</span> <span class='ocrx_word' id='word_1_285' title='bbox 1109 1967 1159 2022; x_wconf 91' lang='lat' dir='ltr'>bus</span> <span class='ocrx_word' id='word_1_286' title='bbox 1178 1969 1281 2038; x_wconf 88' lang='lat' dir='ltr'>scriptis</span> <span class='ocrx_word' id='word_1_287' title='bbox 1300 1969 1441 2024; x_wconf 88' lang='lat' dir='ltr'>heredibus</span> <span class='ocrx_word' id='word_1_288' title='bbox 1458 1967 1482 2022; x_wconf 88' lang='lat' dir='ltr'>si</span> <span class='ocrx_word' id='word_1_289' title='bbox 1499 1983 1569 2022; x_wconf 90' lang='lat' dir='ltr'>unns</span> <span class='ocrx_word' id='word_1_290' title='bbox 1586 1971 1695 2036; x_wconf 88' lang='lat' dir='ltr'>rogatus</span> <span class='ocrx_word' id='word_1_291' title='bbox 1718 1965 1754 2020; x_wconf 91' lang='lat' dir='ltr'>sit</span> <span class='ocrx_word' id='word_1_292' title='bbox 1775 1965 1825 2020; x_wconf 90' lang='lat' dir='ltr'>tibi</span> <span class='ocrx_word' id='word_1_293' title='bbox 1844 1967 1921 2022; x_wconf 89' lang='lat' dir='ltr'>bere·</span> 
     </span>
     <span class='ocr_line' id='line_1_23' title="bbox 258 2033 1922 2104; baseline 0 -16"><span class='ocrx_word' id='word_1_294' title='bbox 258 2041 267 2088; x_wconf 90' lang='grc'>1</span> <span class='ocrx_word' id='word_1_295' title='bbox 299 2033 409 2100; x_wconf 72' lang='lat' dir='ltr'>Quidam</span> <span class='ocrx_word' id='word_1_296' title='bbox 430 2035 469 2088; x_wconf 89' lang='lat' dir='ltr'>ita</span> <span class='ocrx_word' id='word_1_297' title='bbox 491 2035 639 2104; x_wconf 80' lang='lat' dir='ltr'>legaverat:</span> <span class='ocrx_word' id='word_1_298' title='bbox 665 2037 697 2090; x_wconf 90' lang='lat' dir='ltr'>‘si</span> <span class='ocrx_word' id='word_1_299' title='bbox 716 2035 829 2090; x_wconf 90' lang='lat' dir='ltr'>Publius</span> <span class='ocrx_word' id='word_1_300' title='bbox 848 2035 987 2090; x_wconf 81' lang='lat' dir='ltr'>Cornelius</span> <span class='ocrx_word' id='word_1_301' title='bbox 1009 2035 1057 2086; x_wconf 90' lang='lat' dir='ltr'>im·</span> <span class='ocrx_word' id='word_1_302' title='bbox 1109 2035 1219 2088; x_wconf 87' lang='lat' dir='ltr'>ditatam</span> <span class='ocrx_word' id='word_1_303' title='bbox 1235 2037 1384 2102; x_wconf 81' lang='lat' dir='ltr'>restituere,</span> <span class='ocrx_word' id='word_1_304' title='bbox 1402 2041 1431 2090; x_wconf 90' lang='lat' dir='ltr'>tu</span> <span class='ocrx_word' id='word_1_305' title='bbox 1449 2035 1521 2090; x_wconf 91' lang='lat' dir='ltr'>Titio</span> <span class='ocrx_word' id='word_1_306' title='bbox 1539 2041 1640 2090; x_wconf 89' lang='lat' dir='ltr'>certam</span> <span class='ocrx_word' id='word_1_307' title='bbox 1656 2049 1787 2090; x_wconf 88' lang='lat' dir='ltr'>summam</span> <span class='ocrx_word' id='word_1_308' title='bbox 1802 2033 1877 2098; x_wconf 87' lang='lat' dir='ltr'>dare,</span> <span class='ocrx_word' id='word_1_309' title='bbox 1895 2039 1922 2088; x_wconf 91' lang='grc'>44</span> 
     </span>
     <span class='ocr_line' id='line_1_24' title="bbox 293 2101 1920 2172; baseline 0.001 -18"><span class='ocrx_word' id='word_1_310' title='bbox 293 2117 372 2168; x_wconf 85' lang='lat' dir='ltr'>mam,</span> <span class='ocrx_word' id='word_1_311' title='bbox 390 2117 470 2170; x_wconf 88' lang='lat' dir='ltr'>quam</span> <span class='ocrx_word' id='word_1_312' title='bbox 485 2103 514 2156; x_wconf 92' lang='grc'>14</span> <span class='ocrx_word' id='word_1_313' title='bbox 531 2101 643 2156; x_wconf 84' lang='lat' dir='ltr'>fundum</span> <span class='ocrx_word' id='word_1_314' title='bbox 661 2101 787 2157; x_wconf 84' lang='lat' dir='ltr'>Seianum</span> <span class='ocrx_word' id='word_1_315' title='bbox 802 2101 868 2168; x_wconf 82' lang='lat' dir='ltr'>ieci,</span> <span class='ocrx_word' id='word_1_316' title='bbox 890 2101 983 2156; x_wconf 88' lang='lat' dir='ltr'>heredi</span> <span class='ocrx_word' id='word_1_317' title='bbox 998 2117 1058 2156; x_wconf 90' lang='lat' dir='ltr'>mec</span> <span class='ocrx_word' id='word_1_318' title='bbox 1109 2101 1238 2168; x_wconf 86' lang='lat' dir='ltr'>beneficio</span> <span class='ocrx_word' id='word_1_319' title='bbox 1257 2105 1321 2172; x_wconf 88' lang='lat' dir='ltr'>legis</span> <span class='ocrx_word' id='word_1_320' title='bbox 1337 2103 1475 2158; x_wconf 84' lang='lat' dir='ltr'>Falcidiae</span> <span class='ocrx_word' id='word_1_321' title='bbox 1491 2103 1520 2158; x_wconf 91' lang='grc'>14</span> <span class='ocrx_word' id='word_1_322' title='bbox 1535 2101 1701 2158; x_wconf 89' lang='lat' dir='ltr'>restituendo</span> <span class='ocrx_word' id='word_1_323' title='bbox 1721 2101 1800 2158; x_wconf 84' lang='lat' dir='ltr'>heres</span> <span class='ocrx_word' id='word_1_324' title='bbox 1820 2107 1920 2166; x_wconf 82' lang='grc'>4444144,</span> 
     </span>
     <span class='ocr_line' id='line_1_25' title="bbox 257 2167 1920 2242; baseline 0 -18"><span class='ocrx_word' id='word_1_325' title='bbox 257 2167 370 2234; x_wconf 70' lang='grc' dir='ltr'>ι4414414,</span> <span class='ocrx_word' id='word_1_326' title='bbox 398 2175 455 2224; x_wconf 90' lang='lat' dir='ltr'>tum</span> <span class='ocrx_word' id='word_1_327' title='bbox 481 2170 559 2224; x_wconf 89' lang='lat' dir='ltr'>heres</span> <span class='ocrx_word' id='word_1_328' title='bbox 580 2179 654 2224; x_wconf 87' lang='lat' dir='ltr'>meos</span> <span class='ocrx_word' id='word_1_329' title='bbox 677 2169 775 2226; x_wconf 90' lang='lat' dir='ltr'>Publio</span> <span class='ocrx_word' id='word_1_330' title='bbox 800 2167 922 2224; x_wconf 75' lang='lat' dir='ltr'>Cornelio</span> <span class='ocrx_word' id='word_1_331' title='bbox 945 2167 1058 2222; x_wconf 82' lang='grc'>14444444</span> <span class='ocrx_word' id='word_1_332' title='bbox 1110 2173 1210 2238; x_wconf 88' lang='lat' dir='ltr'>quanto</span> <span class='ocrx_word' id='word_1_333' title='bbox 1227 2171 1314 2226; x_wconf 88' lang='lat' dir='ltr'>minus</span> <span class='ocrx_word' id='word_1_334' title='bbox 1332 2173 1382 2226; x_wconf 91' lang='lat' dir='ltr'>tibi</span> <span class='ocrx_word' id='word_1_335' title='bbox 1397 2169 1582 2242; x_wconf 86' lang='lat' dir='ltr'>praestiterit,</span> <span class='ocrx_word' id='word_1_336' title='bbox 1595 2175 1671 2226; x_wconf 89' lang='lat' dir='ltr'>tanto</span> <span class='ocrx_word' id='word_1_337' title='bbox 1692 2167 1781 2224; x_wconf 88' lang='grc'>441444</span> <span class='ocrx_word' id='word_1_338' title='bbox 1803 2173 1832 2224; x_wconf 86' lang='lat' dir='ltr'>te</span> <span class='ocrx_word' id='word_1_339' title='bbox 1849 2169 1920 2224; x_wconf 86' lang='lat' dir='ltr'>Titio</span> 
     </span>
     <span class='ocr_line' id='line_1_26' title="bbox 256 2235 1538 2308; baseline 0.003 -18"><span class='ocrx_word' id='word_1_340' title='bbox 256 2235 379 2290; x_wconf 79' lang='lat' dir='ltr'>‘Seianum</span> <span class='ocrx_word' id='word_1_341' title='bbox 392 2235 474 2292; x_wconf 88' lang='lat' dir='ltr'>dato’.</span> <span class='ocrx_word' id='word_1_342' title='bbox 502 2237 648 2292; x_wconf 78' lang='lat' dir='ltr'>Cascellius</span> <span class='ocrx_word' id='word_1_343' title='bbox 663 2239 753 2294; x_wconf 87' lang='lat' dir='ltr'>aiebat</span> <span class='ocrx_word' id='word_1_344' title='bbox 764 2239 844 2292; x_wconf 88' lang='grc'>441444</span> <span class='ocrx_word' id='word_1_345' title='bbox 854 2237 970 2306; x_wconf 87' lang='lat' dir='ltr'>pretium</span> <span class='ocrx_word' id='word_1_346' title='bbox 982 2235 1059 2290; x_wconf 83' lang='grc'>14441</span> <span class='ocrx_word' id='word_1_347' title='bbox 1109 2243 1248 2306; x_wconf 89' lang='lat' dir='ltr'>praestare</span> <span class='ocrx_word' id='word_1_348' title='bbox 1265 2255 1320 2294; x_wconf 88' lang='lat' dir='ltr'>non</span> <span class='ocrx_word' id='word_1_349' title='bbox 1336 2255 1395 2294; x_wconf 89' lang='lat' dir='ltr'>esse</span> <span class='ocrx_word' id='word_1_350' title='bbox 1411 2241 1538 2308; x_wconf 87' lang='lat' dir='ltr'>iniquum.</span> 
     </span>
     <span class='ocr_line' id='line_1_27' title="bbox 257 2303 1921 2374; baseline 0.001 -16"><span class='ocrx_word' id='word_1_351' title='bbox 257 2305 308 2358; x_wconf 89' lang='lat' dir='ltr'>deri</span> <span class='ocrx_word' id='word_1_352' title='bbox 329 2305 436 2370; x_wconf 90' lang='lat' dir='ltr'>debere,</span> <span class='ocrx_word' id='word_1_353' title='bbox 461 2305 555 2360; x_wconf 86' lang='lat' dir='ltr'>Ofilius</span> <span class='ocrx_word' id='word_1_354' title='bbox 577 2305 711 2372; x_wconf 89' lang='lat' dir='ltr'>impensae</span> <span class='ocrx_word' id='word_1_355' title='bbox 735 2305 816 2360; x_wconf 87' lang='lat' dir='ltr'>verbo</span> <span class='ocrx_word' id='word_1_356' title='bbox 840 2311 921 2374; x_wconf 89' lang='lat' dir='ltr'>negat</span> <span class='ocrx_word' id='word_1_357' title='bbox 942 2305 1059 2374; x_wconf 86' lang='lat' dir='ltr'>prelium</span> <span class='ocrx_word' id='word_1_358' title='bbox 1143 2305 1657 2362; x_wconf 74' lang='grc' dir='ltr'>4414444444444444Ρ14411444</span> <span class='ocrx_word' id='word_1_359' title='bbox 1685 2305 1736 2374; x_wconf 76' lang='lat' dir='ltr'>qui</span> <span class='ocrx_word' id='word_1_360' title='bbox 1749 2303 1842 2360; x_wconf 75' lang='lat' dir='ltr'>tuadi</span> <span class='ocrx_word' id='word_1_361' title='bbox 1857 2305 1921 2360; x_wconf 87' lang='lat' dir='ltr'>dare</span> 
     </span>
     <span class='ocr_line' id='line_1_28' title="bbox 256 2371 1922 2452; baseline 0.002 -28"><span class='ocrx_word' id='word_1_362' title='bbox 256 2371 401 2440; x_wconf 72' lang='grc'>4144114441,</span> <span class='ocrx_word' id='word_1_363' title='bbox 425 2371 536 2426; x_wconf 87' lang='grc'>444444</span> <span class='ocrx_word' id='word_1_364' title='bbox 554 2371 693 2426; x_wconf 85' lang='lat' dir='ltr'>dumtaxat</span> <span class='ocrx_word' id='word_1_365' title='bbox 710 2377 847 2452; x_wconf 82' lang='lat' dir='ltr'>sumptus,</span> <span class='ocrx_word' id='word_1_366' title='bbox 868 2389 933 2440; x_wconf 88' lang='lat' dir='ltr'>qnos</span> <span class='ocrx_word' id='word_1_367' title='bbox 951 2371 981 2424; x_wconf 93' lang='lat' dir='ltr'>in</span> <span class='ocrx_word' id='word_1_368' title='bbox 997 2387 1059 2426; x_wconf 88' lang='lat' dir='ltr'>eum</span> <span class='ocrx_word' id='word_1_369' title='bbox 1109 2373 1198 2428; x_wconf 90' lang='lat' dir='ltr'>iussus</span> <span class='ocrx_word' id='word_1_370' title='bbox 1222 2379 1277 2438; x_wconf 92' lang='lat' dir='ltr'>est,</span> <span class='ocrx_word' id='word_1_371' title='bbox 1301 2389 1376 2428; x_wconf 87' lang='lat' dir='ltr'>servo</span> <span class='ocrx_word' id='word_1_372' title='bbox 1397 2375 1485 2428; x_wconf 88' lang='lat' dir='ltr'>alieno</span> <span class='ocrx_word' id='word_1_373' title='bbox 1502 2375 1644 2428; x_wconf 76' lang='grc' dir='ltr'>1444144444τ</span> <span class='ocrx_word' id='word_1_374' title='bbox 1661 2389 1716 2428; x_wconf 87' lang='lat' dir='ltr'>uon</span> <span class='ocrx_word' id='word_1_375' title='bbox 1733 2373 1839 2428; x_wconf 88' lang='lat' dir='ltr'>domino</span> <span class='ocrx_word' id='word_1_376' title='bbox 1857 2371 1922 2426; x_wconf 87' lang='lat' dir='ltr'>dare</span> 
     </span>
     <span class='ocr_line' id='line_1_29' title="bbox 257 2439 1922 2508; baseline 0.001 -16"><span class='ocrx_word' id='word_1_377' title='bbox 257 2445 420 2508; x_wconf 88' lang='lat' dir='ltr'>posteaquam</span> <span class='ocrx_word' id='word_1_378' title='bbox 442 2445 546 2506; x_wconf 88' lang='lat' dir='ltr'>emptus</span> <span class='ocrx_word' id='word_1_379' title='bbox 571 2443 641 2494; x_wconf 90' lang='lat' dir='ltr'>esset</span> <span class='ocrx_word' id='word_1_380' title='bbox 662 2439 734 2494; x_wconf 86' lang='lat' dir='ltr'>iecit.</span> <span class='ocrx_word' id='word_1_381' title='bbox 770 2441 840 2494; x_wconf 88' lang='lat' dir='ltr'>1dem</span> <span class='ocrx_word' id='word_1_382' title='bbox 858 2439 942 2494; x_wconf 79' lang='lat' dir='ltr'>Cinna</span> <span class='ocrx_word' id='word_1_383' title='bbox 964 2439 1060 2494; x_wconf 87' lang='lat' dir='ltr'>scribit</span> <span class='ocrx_word' id='word_1_384' title='bbox 1109 2439 1196 2494; x_wconf 90' lang='lat' dir='ltr'>dehet.</span> <span class='ocrx_word' id='word_1_385' title='bbox 1231 2455 1292 2494; x_wconf 88' lang='lat' dir='ltr'>nam</span> <span class='ocrx_word' id='word_1_386' title='bbox 1323 2445 1350 2494; x_wconf 92' lang='grc'>44</span> <span class='ocrx_word' id='word_1_387' title='bbox 1377 2441 1401 2494; x_wconf 90' lang='grc'>41</span> <span class='ocrx_word' id='word_1_388' title='bbox 1426 2441 1478 2496; x_wconf 91' lang='grc'>4114</span> <span class='ocrx_word' id='word_1_389' title='bbox 1501 2441 1600 2496; x_wconf 88' lang='grc'>444444</span> <span class='ocrx_word' id='word_1_390' title='bbox 1622 2441 1744 2496; x_wconf 87' lang='lat' dir='ltr'>instituto</span> <span class='ocrx_word' id='word_1_391' title='bbox 1766 2441 1857 2496; x_wconf 87' lang='lat' dir='ltr'>iussus</span> <span class='ocrx_word' id='word_1_392' title='bbox 1880 2443 1922 2494; x_wconf 90' lang='lat' dir='ltr'>est</span> 
     </span>
     <span class='ocr_line' id='line_1_30' title="bbox 256 2505 1921 2578; baseline 0 -18"><span class='ocrx_word' id='word_1_393' title='bbox 256 2505 350 2560; x_wconf 86' lang='lat' dir='ltr'>adiecto</span> <span class='ocrx_word' id='word_1_394' title='bbox 374 2521 420 2572; x_wconf 91' lang='lat' dir='ltr'>eo,</span> <span class='ocrx_word' id='word_1_395' title='bbox 449 2507 521 2574; x_wconf 88' lang='lat' dir='ltr'>quod</span> <span class='ocrx_word' id='word_1_396' title='bbox 545 2523 600 2560; x_wconf 88' lang='lat' dir='ltr'>non</span> <span class='ocrx_word' id='word_1_397' title='bbox 625 2507 746 2560; x_wconf 87' lang='lat' dir='ltr'>deductis</span> <span class='ocrx_word' id='word_1_398' title='bbox 768 2507 903 2562; x_wconf 84' lang='lat' dir='ltr'>fructibus</span> <span class='ocrx_word' id='word_1_399' title='bbox 924 2509 1058 2578; x_wconf 77' lang='lat' dir='ltr'>impensa</span> <span class='ocrx_word' id='word_1_400' title='bbox 1109 2525 1185 2564; x_wconf 79' lang='lat' dir='ltr'>serso</span> <span class='ocrx_word' id='word_1_401' title='bbox 1203 2509 1268 2562; x_wconf 87' lang='lat' dir='ltr'>Titii</span> <span class='ocrx_word' id='word_1_402' title='bbox 1291 2507 1371 2572; x_wconf 88' lang='lat' dir='ltr'>dare,</span> <span class='ocrx_word' id='word_1_403' title='bbox 1393 2509 1445 2578; x_wconf 89' lang='lat' dir='ltr'>ipsi</span> <span class='ocrx_word' id='word_1_404' title='bbox 1467 2523 1543 2564; x_wconf 82' lang='lat' dir='ltr'>servo</span> <span class='ocrx_word' id='word_1_405' title='bbox 1568 2508 1660 2576; x_wconf 87' lang='lat' dir='ltr'>datur,</span> <span class='ocrx_word' id='word_1_406' title='bbox 1685 2509 1748 2578; x_wconf 88' lang='lat' dir='ltr'>qnia</span> <span class='ocrx_word' id='word_1_407' title='bbox 1769 2521 1840 2578; x_wconf 89' lang='lat' dir='ltr'>quae</span> <span class='ocrx_word' id='word_1_408' title='bbox 1856 2507 1921 2560; x_wconf 84' lang='lat' dir='ltr'>fecti</span> 
     </span>
     <span class='ocr_line' id='line_1_31' title="bbox 255 2573 1922 2646; baseline 0.001 -18"><span class='ocrx_word' id='word_1_409' title='bbox 255 2589 307 2628; x_wconf 90' lang='lat' dir='ltr'>rum</span> <span class='ocrx_word' id='word_1_410' title='bbox 322 2573 389 2628; x_wconf 89' lang='lat' dir='ltr'>ratio</span> <span class='ocrx_word' id='word_1_411' title='bbox 406 2573 502 2628; x_wconf 87' lang='lat' dir='ltr'>haberi</span> <span class='ocrx_word' id='word_1_412' title='bbox 517 2575 627 2628; x_wconf 88' lang='lat' dir='ltr'>debeat:</span> <span class='ocrx_word' id='word_1_413' title='bbox 651 2581 678 2630; x_wconf 90' lang='lat' dir='ltr'>et</span> <span class='ocrx_word' id='word_1_414' title='bbox 701 2575 753 2630; x_wconf 90' lang='lat' dir='ltr'>hoc</span> <span class='ocrx_word' id='word_1_415' title='bbox 773 2591 816 2628; x_wconf 89' lang='lat' dir='ltr'>ma</span> <span class='ocrx_word' id='word_1_416' title='bbox 836 2575 857 2630; x_wconf 93' lang='lat' dir='ltr'>&#39;s</span> <span class='ocrx_word' id='word_1_417' title='bbox 873 2591 965 2630; x_wconf 82' lang='lat' dir='ltr'>verum</span> <span class='ocrx_word' id='word_1_418' title='bbox 981 2581 1078 2644; x_wconf 61' lang='lat' dir='ltr'>puto„</span> <span class='ocrx_word' id='word_1_419' title='bbox 1109 2579 1180 2642; x_wconf 89' lang='lat' dir='ltr'>sunt,</span> <span class='ocrx_word' id='word_1_420' title='bbox 1198 2593 1252 2632; x_wconf 91' lang='grc'>444</span> <span class='ocrx_word' id='word_1_421' title='bbox 1268 2577 1621 2642; x_wconf 74' lang='grc'>4444444444144444444,</span> <span class='ocrx_word' id='word_1_422' title='bbox 1644 2575 1874 2646; x_wconf 86' lang='lat' dir='ltr'>quemadmodum,</span> <span class='ocrx_word' id='word_1_423' title='bbox 1898 2575 1922 2630; x_wconf 88' lang='lat' dir='ltr'>si</span> 
     </span>
     <span class='ocr_line' id='line_1_32' title="bbox 256 2641 1921 2712; baseline 0 -16"><span class='ocrx_word' id='word_1_424' title='bbox 256 2647 269 2696; x_wconf 84' lang='lat' dir='ltr'>t</span> <span class='ocrx_word' id='word_1_425' title='bbox 299 2641 408 2708; x_wconf 79' lang='lat' dir='ltr'>Quidam</span> <span class='ocrx_word' id='word_1_426' title='bbox 425 2641 497 2696; x_wconf 88' lang='lat' dir='ltr'>Titio</span> <span class='ocrx_word' id='word_1_427' title='bbox 515 2647 622 2698; x_wconf 87' lang='lat' dir='ltr'>centnm</span> <span class='ocrx_word' id='word_1_428' title='bbox 638 2643 784 2710; x_wconf 78' lang='lat' dir='ltr'>legaverat,</span> <span class='ocrx_word' id='word_1_429' title='bbox 827 2643 904 2698; x_wconf 90' lang='lat' dir='ltr'>eiude</span> <span class='ocrx_word' id='word_1_430' title='bbox 927 2643 999 2698; x_wconf 84' lang='lat' dir='ltr'>infra</span> <span class='ocrx_word' id='word_1_431' title='bbox 1020 2643 1059 2698; x_wconf 92' lang='lat' dir='ltr'>ita</span> <span class='ocrx_word' id='word_1_432' title='bbox 1109 2645 1173 2698; x_wconf 86' lang='lat' dir='ltr'>mihi</span> <span class='ocrx_word' id='word_1_433' title='bbox 1196 2649 1245 2698; x_wconf 90' lang='grc'>444</span> <span class='ocrx_word' id='word_1_434' title='bbox 1267 2659 1343 2698; x_wconf 86' lang='lat' dir='ltr'>servo</span> <span class='ocrx_word' id='word_1_435' title='bbox 1361 2643 1424 2698; x_wconf 84' lang='lat' dir='ltr'>Titii</span> <span class='ocrx_word' id='word_1_436' title='bbox 1445 2645 1588 2712; x_wconf 78' lang='lat' dir='ltr'>stipulante</span> <span class='ocrx_word' id='word_1_437' title='bbox 1608 2645 1670 2710; x_wconf 89' lang='lat' dir='ltr'>sim,</span> <span class='ocrx_word' id='word_1_438' title='bbox 1693 2659 1748 2698; x_wconf 88' lang='lat' dir='ltr'>non</span> <span class='ocrx_word' id='word_1_439' title='bbox 1764 2641 1849 2708; x_wconf 88' lang='lat' dir='ltr'>Titio,</span> <span class='ocrx_word' id='word_1_440' title='bbox 1873 2641 1921 2698; x_wconf 91' lang='lat' dir='ltr'>sed</span> 
     </span>
     <span class='ocr_line' id='line_1_33' title="bbox 256 2709 1921 2782; baseline 0 -18"><span class='ocrx_word' id='word_1_441' title='bbox 256 2709 370 2764; x_wconf 77' lang='grc'>14444444</span> <span class='ocrx_word' id='word_1_442' title='bbox 401 2713 477 2776; x_wconf 88' lang='lat' dir='ltr'>‘quas</span> <span class='ocrx_word' id='word_1_443' title='bbox 506 2709 635 2778; x_wconf 89' lang='lat' dir='ltr'>pecunias</span> <span class='ocrx_word' id='word_1_444' title='bbox 665 2711 760 2778; x_wconf 87' lang='lat' dir='ltr'>cuique</span> <span class='ocrx_word' id='word_1_445' title='bbox 782 2709 882 2776; x_wconf 84' lang='lat' dir='ltr'>legari,</span> <span class='ocrx_word' id='word_1_446' title='bbox 913 2727 957 2764; x_wconf 90' lang='lat' dir='ltr'>eas</span> <span class='ocrx_word' id='word_1_447' title='bbox 981 2711 1059 2766; x_wconf 88' lang='lat' dir='ltr'>heres</span> <span class='ocrx_word' id='word_1_448' title='bbox 1113 2719 1123 2766; x_wconf 93' lang='grc'>1</span> <span class='ocrx_word' id='word_1_449' title='bbox 1161 2729 1244 2778; x_wconf 88' lang='grc'>44444</span> <span class='ocrx_word' id='word_1_450' title='bbox 1261 2713 1317 2768; x_wconf 90' lang='lat' dir='ltr'>eius</span> <span class='ocrx_word' id='word_1_451' title='bbox 1340 2711 1398 2766; x_wconf 90' lang='lat' dir='ltr'>dari</span> <span class='ocrx_word' id='word_1_452' title='bbox 1418 2717 1520 2782; x_wconf 76' lang='lat' dir='ltr'>potest:</span> <span class='ocrx_word' id='word_1_453' title='bbox 1545 2719 1572 2768; x_wconf 92' lang='lat' dir='ltr'>et</span> <span class='ocrx_word' id='word_1_454' title='bbox 1593 2713 1660 2766; x_wconf 88' lang='lat' dir='ltr'>haec</span> <span class='ocrx_word' id='word_1_455' title='bbox 1681 2727 1743 2766; x_wconf 89' lang='grc'>4444</span> <span class='ocrx_word' id='word_1_456' title='bbox 1762 2715 1834 2766; x_wconf 87' lang='lat' dir='ltr'>sunt.</span> <span class='ocrx_word' id='word_1_457' title='bbox 1868 2709 1921 2764; x_wconf 84' lang='lat' dir='ltr'>Sed</span> 
     </span>
     <span class='ocr_line' id='line_1_34' title="bbox 257 2775 1920 2848; baseline 0.001 -18"><span class='ocrx_word' id='word_1_458' title='bbox 257 2781 344 2842; x_wconf 80' lang='grc'>44444,</span> <span class='ocrx_word' id='word_1_459' title='bbox 365 2775 389 2830; x_wconf 87' lang='grc'>41</span> <span class='ocrx_word' id='word_1_460' title='bbox 409 2781 494 2830; x_wconf 90' lang='lat' dir='ltr'>mater</span> <span class='ocrx_word' id='word_1_461' title='bbox 515 2793 575 2830; x_wconf 88' lang='grc'>4444</span> <span class='ocrx_word' id='word_1_462' title='bbox 597 2779 722 2842; x_wconf 89' lang='lat' dir='ltr'>moritur,</span> <span class='ocrx_word' id='word_1_463' title='bbox 745 2779 831 2832; x_wconf 84' lang='lat' dir='ltr'>dato&#39;:</span> <span class='ocrx_word' id='word_1_464' title='bbox 854 2783 959 2832; x_wconf 90' lang='lat' dir='ltr'>mortno</span> <span class='ocrx_word' id='word_1_465' title='bbox 981 2785 1059 2848; x_wconf 89' lang='lat' dir='ltr'>patre</span> <span class='ocrx_word' id='word_1_466' title='bbox 1110 2797 1170 2834; x_wconf 87' lang='lat' dir='ltr'>cum</span> <span class='ocrx_word' id='word_1_467' title='bbox 1191 2779 1284 2834; x_wconf 87' lang='lat' dir='ltr'>heredi</span> <span class='ocrx_word' id='word_1_468' title='bbox 1307 2781 1371 2834; x_wconf 89' lang='lat' dir='ltr'>dare</span> <span class='ocrx_word' id='word_1_469' title='bbox 1393 2779 1482 2836; x_wconf 90' lang='lat' dir='ltr'>iussus</span> <span class='ocrx_word' id='word_1_470' title='bbox 1505 2785 1560 2846; x_wconf 89' lang='lat' dir='ltr'>est,</span> <span class='ocrx_word' id='word_1_471' title='bbox 1583 2779 1733 2846; x_wconf 83' lang='lat' dir='ltr'>videamus,</span> <span class='ocrx_word' id='word_1_472' title='bbox 1756 2793 1791 2834; x_wconf 89' lang='lat' dir='ltr'>ne</span> <span class='ocrx_word' id='word_1_473' title='bbox 1813 2777 1920 2832; x_wconf 89' lang='lat' dir='ltr'>domino</span> 
     </span>
     <span class='ocr_line' id='line_1_35' title="bbox 255 2841 1919 2926; baseline 0.001 -30"><span class='ocrx_word' id='word_1_474' title='bbox 255 2843 357 2896; x_wconf 84' lang='grc'>14411144</span> <span class='ocrx_word' id='word_1_475' title='bbox 382 2845 468 2896; x_wconf 89' lang='lat' dir='ltr'>Titius</span> <span class='ocrx_word' id='word_1_476' title='bbox 489 2843 593 2898; x_wconf 85' lang='grc'>41444444</span> <span class='ocrx_word' id='word_1_477' title='bbox 616 2851 642 2900; x_wconf 91' lang='grc'>44</span> <span class='ocrx_word' id='word_1_478' title='bbox 663 2845 723 2898; x_wconf 81' lang='lat' dir='ltr'>viva</span> <span class='ocrx_word' id='word_1_479' title='bbox 744 2841 986 2926; x_wconf 46' lang='lat' dir='ltr'>rnatrenfaruilias3</span> <span class='ocrx_word' id='word_1_480' title='bbox 1012 2845 1057 2900; x_wconf 90' lang='lat' dir='ltr'>de·</span> <span class='ocrx_word' id='word_1_481' title='bbox 1110 2847 1225 2902; x_wconf 88' lang='grc'>4444444</span> <span class='ocrx_word' id='word_1_482' title='bbox 1249 2847 1298 2902; x_wconf 87' lang='lat' dir='ltr'>sit:</span> <span class='ocrx_word' id='word_1_483' title='bbox 1328 2853 1356 2902; x_wconf 91' lang='lat' dir='ltr'>et</span> <span class='ocrx_word' id='word_1_484' title='bbox 1381 2863 1546 2916; x_wconf 88' lang='lat' dir='ltr'>consequeus</span> <span class='ocrx_word' id='word_1_485' title='bbox 1571 2853 1613 2902; x_wconf 91' lang='lat' dir='ltr'>est</span> <span class='ocrx_word' id='word_1_486' title='bbox 1637 2847 1731 2902; x_wconf 89' lang='grc'>44414</span> <span class='ocrx_word' id='word_1_487' title='bbox 1752 2863 1830 2902; x_wconf 86' lang='lat' dir='ltr'>serso</span> <span class='ocrx_word' id='word_1_488' title='bbox 1853 2845 1919 2900; x_wconf 88' lang='grc'>4441.</span> 
     </span>
     <span class='ocr_line' id='line_1_36' title="bbox 256 2911 1920 2984; baseline 0.002 -20"><span class='ocrx_word' id='word_1_489' title='bbox 256 2917 370 2966; x_wconf 74' lang='lat' dir='ltr'>reserat.</span> <span class='ocrx_word' id='word_1_490' title='bbox 405 2917 513 2966; x_wconf 88' lang='lat' dir='ltr'>mortua</span> <span class='ocrx_word' id='word_1_491' title='bbox 534 2919 620 2968; x_wconf 88' lang='lat' dir='ltr'>matre</span> <span class='ocrx_word' id='word_1_492' title='bbox 635 2911 778 2968; x_wconf 89' lang='lat' dir='ltr'>heredibus</span> <span class='ocrx_word' id='word_1_493' title='bbox 797 2913 861 2966; x_wconf 84' lang='lat' dir='ltr'>Tntu</span> <span class='ocrx_word' id='word_1_494' title='bbox 878 2913 995 2980; x_wconf 91' lang='lat' dir='ltr'>legatum</span> <span class='ocrx_word' id='word_1_495' title='bbox 1013 2915 1058 2968; x_wconf 85' lang='lat' dir='ltr'>de·</span> <span class='ocrx_word' id='word_1_496' title='bbox 1109 2919 1125 2968; x_wconf 80' lang='lat'>2</span> <span class='ocrx_word' id='word_1_497' title='bbox 1160 2915 1239 2970; x_wconf 80' lang='lat' dir='ltr'>Certe</span> <span class='ocrx_word' id='word_1_498' title='bbox 1261 2915 1402 2970; x_wconf 88' lang='lat' dir='ltr'>statuliber</span> <span class='ocrx_word' id='word_1_499' title='bbox 1425 2915 1489 2984; x_wconf 89' lang='lat' dir='ltr'>quin</span> <span class='ocrx_word' id='word_1_500' title='bbox 1511 2915 1618 2970; x_wconf 90' lang='lat' dir='ltr'>domino</span> <span class='ocrx_word' id='word_1_501' title='bbox 1640 2915 1705 2968; x_wconf 88' lang='lat' dir='ltr'>dare</span> <span class='ocrx_word' id='word_1_502' title='bbox 1727 2913 1838 2980; x_wconf 88' lang='lat' dir='ltr'>debeat,</span> <span class='ocrx_word' id='word_1_503' title='bbox 1866 2929 1920 2968; x_wconf 88' lang='lat' dir='ltr'>non</span> 
     </span>
     <span class='ocr_line' id='line_1_37' title="bbox 256 2977 1920 3052; baseline 0 -18"><span class='ocrx_word' id='word_1_504' title='bbox 256 2977 306 3034; x_wconf 89' lang='lat' dir='ltr'>beri</span> <span class='ocrx_word' id='word_1_505' title='bbox 323 2977 414 3034; x_wconf 91' lang='lat' dir='ltr'>Ofilius</span> <span class='ocrx_word' id='word_1_506' title='bbox 431 2981 583 3046; x_wconf 89' lang='lat' dir='ltr'>respoudit,</span> <span class='ocrx_word' id='word_1_507' title='bbox 609 2981 734 3048; x_wconf 85' lang='lat' dir='ltr'>qnoniam</span> <span class='ocrx_word' id='word_1_508' title='bbox 755 2995 810 3034; x_wconf 92' lang='lat' dir='ltr'>non</span> <span class='ocrx_word' id='word_1_509' title='bbox 833 2979 882 3034; x_wconf 90' lang='lat' dir='ltr'>sub</span> <span class='ocrx_word' id='word_1_510' title='bbox 902 2981 1058 3034; x_wconf 87' lang='lat' dir='ltr'>condicione</span> <span class='ocrx_word' id='word_1_511' title='bbox 1109 2987 1124 3036; x_wconf 85' lang='lat'><strong>3</strong></span> <span class='ocrx_word' id='word_1_512' title='bbox 1160 2989 1202 3038; x_wconf 90' lang='grc'>444</span> <span class='ocrx_word' id='word_1_513' title='bbox 1218 2981 1337 3036; x_wconf 89' lang='lat' dir='ltr'>dubium.</span> <span class='ocrx_word' id='word_1_514' title='bbox 1373 2983 1473 3038; x_wconf 81' lang='lat' dir='ltr'>Contra</span> <span class='ocrx_word' id='word_1_515' title='bbox 1490 2981 1536 3052; x_wconf 90' lang='lat' dir='ltr'>qui</span> <span class='ocrx_word' id='word_1_516' title='bbox 1554 2981 1659 3036; x_wconf 91' lang='lat' dir='ltr'>domino</span> <span class='ocrx_word' id='word_1_517' title='bbox 1678 2981 1758 3036; x_wconf 90' lang='grc'>44444</span> <span class='ocrx_word' id='word_1_518' title='bbox 1775 2981 1920 3046; x_wconf 73' lang='grc'>41444444</span> 
     </span>
     <span class='ocr_line' id='line_1_38' title="bbox 256 3045 1920 3118; baseline 0.001 -18"><span class='ocrx_word' id='word_1_519' title='bbox 256 3051 318 3100; x_wconf 91' lang='lat' dir='ltr'>esset</span> <span class='ocrx_word' id='word_1_520' title='bbox 332 3045 462 3114; x_wconf 87' lang='lat' dir='ltr'>legatum,</span> <span class='ocrx_word' id='word_1_521' title='bbox 487 3047 534 3100; x_wconf 90' lang='lat' dir='ltr'>sed</span> <span class='ocrx_word' id='word_1_522' title='bbox 558 3053 619 3102; x_wconf 91' lang='lat' dir='ltr'>ante</span> <span class='ocrx_word' id='word_1_523' title='bbox 641 3049 757 3114; x_wconf 87' lang='lat' dir='ltr'>legatum</span> <span class='ocrx_word' id='word_1_524' title='bbox 779 3061 861 3116; x_wconf 89' lang='lat' dir='ltr'>pure,</span> <span class='ocrx_word' id='word_1_525' title='bbox 884 3047 979 3104; x_wconf 89' lang='lat' dir='ltr'>deinde</span> <span class='ocrx_word' id='word_1_526' title='bbox 1001 3047 1058 3102; x_wconf 90' lang='lat' dir='ltr'>dies</span> <span class='ocrx_word' id='word_1_527' title='bbox 1108 3049 1201 3118; x_wconf 89' lang='lat' dir='ltr'>implet</span> <span class='ocrx_word' id='word_1_528' title='bbox 1218 3049 1400 3104; x_wconf 86' lang='grc'>444414144444</span> <span class='ocrx_word' id='word_1_529' title='bbox 1417 3049 1506 3104; x_wconf 90' lang='lat' dir='ltr'>dando</span> <span class='ocrx_word' id='word_1_530' title='bbox 1520 3065 1598 3104; x_wconf 86' lang='grc'>44444</span> <span class='ocrx_word' id='word_1_531' title='bbox 1611 3049 1677 3114; x_wconf 86' lang='grc'>4144,</span> <span class='ocrx_word' id='word_1_532' title='bbox 1694 3049 1746 3102; x_wconf 88' lang='grc'>4141</span> <span class='ocrx_word' id='word_1_533' title='bbox 1760 3049 1785 3104; x_wconf 88' lang='grc'>41</span> <span class='ocrx_word' id='word_1_534' title='bbox 1798 3049 1920 3102; x_wconf 78' lang='lat' dir='ltr'>dommus</span> 
     </span>
     <span class='ocr_line' id='line_1_39' title="bbox 256 3113 1921 3184; baseline 0.002 -16"><span class='ocrx_word' id='word_1_535' title='bbox 256 3113 364 3170; x_wconf 84' lang='lat' dir='ltr'>solvendi</span> <span class='ocrx_word' id='word_1_536' title='bbox 390 3113 502 3168; x_wconf 88' lang='lat' dir='ltr'>adiecta.</span> <span class='ocrx_word' id='word_1_537' title='bbox 542 3115 694 3178; x_wconf 78' lang='lat' dir='ltr'>rideamne,</span> <span class='ocrx_word' id='word_1_538' title='bbox 719 3115 807 3184; x_wconf 90' lang='lat' dir='ltr'>iuquit</span> <span class='ocrx_word' id='word_1_539' title='bbox 833 3115 942 3180; x_wconf 88' lang='lat' dir='ltr'>Labeo,</span> <span class='ocrx_word' id='word_1_540' title='bbox 971 3131 1005 3168; x_wconf 92' lang='lat' dir='ltr'>ue</span> <span class='ocrx_word' id='word_1_541' title='bbox 1031 3115 1059 3168; x_wconf 90' lang='lat' dir='ltr'>id</span> <span class='ocrx_word' id='word_1_542' title='bbox 1110 3115 1287 3172; x_wconf 85' lang='lat' dir='ltr'>consenserit:</span> <span class='ocrx_word' id='word_1_543' title='bbox 1311 3133 1389 3172; x_wconf 88' lang='lat' dir='ltr'>nemo</span> <span class='ocrx_word' id='word_1_544' title='bbox 1414 3115 1534 3170; x_wconf 88' lang='lat' dir='ltr'>enimin</span> <span class='ocrx_word' id='word_1_545' title='bbox 1556 3115 1605 3170; x_wconf 87' lang='lat' dir='ltr'>lali</span> <span class='ocrx_word' id='word_1_546' title='bbox 1625 3133 1638 3172; x_wconf 93' lang='lat' dir='ltr'>s</span> <span class='ocrx_word' id='word_1_547' title='bbox 1658 3115 1715 3172; x_wconf 89' lang='grc'>4414</span> <span class='ocrx_word' id='word_1_548' title='bbox 1737 3115 1921 3172; x_wconf 88' lang='lat' dir='ltr'>condicionem</span> 
     </span>
     <span class='ocr_line' id='line_1_40' title="bbox 256 3133 1920 3262; baseline 0.004 -30"><span class='ocrx_word' id='word_1_549' title='bbox 256 3181 409 3246; x_wconf 86' lang='grc'>1444444414,</span> <span class='ocrx_word' id='word_1_550' title='bbox 434 3181 579 3250; x_wconf 88' lang='lat' dir='ltr'>qnianihil</span> <span class='ocrx_word' id='word_1_551' title='bbox 595 3181 712 3248; x_wconf 89' lang='lat' dir='ltr'>intersit,</span> <span class='ocrx_word' id='word_1_552' title='bbox 735 3187 826 3236; x_wconf 90' lang='lat' dir='ltr'>utrum</span> <span class='ocrx_word' id='word_1_553' title='bbox 847 3181 887 3236; x_wconf 90' lang='lat' dir='ltr'>ita</span> <span class='ocrx_word' id='word_1_554' title='bbox 909 3181 1057 3262; x_wconf 66' lang='lat' dir='ltr'>scribature</span> <span class='ocrx_word' id='word_1_555' title='bbox 1109 3189 1125 3238; x_wconf 91' lang='grc'>4</span> <span class='ocrx_word' id='word_1_556' title='bbox 1160 3185 1295 3238; x_wconf 88' lang='lat' dir='ltr'>nesciente</span> <span class='ocrx_word' id='word_1_557' title='bbox 1320 3199 1363 3238; x_wconf 90' lang='lat' dir='ltr'>me</span> <span class='ocrx_word' id='word_1_558' title='bbox 1388 3133 1812 3252; x_wconf 72' lang='grc'>441441444414444444444444.</span> <span class='ocrx_word' id='word_1_559' title='bbox 1855 3185 1920 3238; x_wconf 80' lang='grc'>0444</span> 
     </span>
     <span class='ocr_line' id='line_1_41' title="bbox 257 3249 1921 3318; baseline 0.001 -14"><span class='ocrx_word' id='word_1_560' title='bbox 257 3253 321 3318; x_wconf 78' lang='lat' dir='ltr'>‘quas</span> <span class='ocrx_word' id='word_1_561' title='bbox 342 3249 471 3316; x_wconf 87' lang='lat' dir='ltr'>pecunias</span> <span class='ocrx_word' id='word_1_562' title='bbox 495 3251 591 3316; x_wconf 88' lang='lat' dir='ltr'>coique</span> <span class='ocrx_word' id='word_1_563' title='bbox 614 3249 711 3316; x_wconf 86' lang='lat' dir='ltr'>legavi,</span> <span class='ocrx_word' id='word_1_564' title='bbox 740 3265 788 3304; x_wconf 89' lang='lat' dir='ltr'>eas</span> <span class='ocrx_word' id='word_1_565' title='bbox 812 3249 891 3304; x_wconf 89' lang='lat' dir='ltr'>heres</span> <span class='ocrx_word' id='word_1_566' title='bbox 917 3265 1005 3316; x_wconf 89' lang='lat' dir='ltr'>meus,</span> <span class='ocrx_word' id='word_1_567' title='bbox 1035 3265 1059 3304; x_wconf 91' lang='lat' dir='ltr'>s1</span> <span class='ocrx_word' id='word_1_568' title='bbox 1109 3251 1243 3306; x_wconf 89' lang='lat' dir='ltr'>hereditas</span> <span class='ocrx_word' id='word_1_569' title='bbox 1265 3265 1299 3304; x_wconf 85' lang='grc'>44</span> <span class='ocrx_word' id='word_1_570' title='bbox 1319 3251 1490 3306; x_wconf 81' lang='lat' dir='ltr'>Trebelliano</span> <span class='ocrx_word' id='word_1_571' title='bbox 1515 3255 1624 3306; x_wconf 89' lang='lat' dir='ltr'>senatus</span> <span class='ocrx_word' id='word_1_572' title='bbox 1648 3251 1770 3306; x_wconf 89' lang='lat' dir='ltr'>consulto</span> <span class='ocrx_word' id='word_1_573' title='bbox 1796 3253 1921 3306; x_wconf 87' lang='lat' dir='ltr'>restituta</span> 
     </span>
     <span class='ocr_line' id='line_1_42' title="bbox 256 3315 1921 3386; baseline 0.001 -16"><span class='ocrx_word' id='word_1_574' title='bbox 256 3319 339 3370; x_wconf 83' lang='lat' dir='ltr'>mater</span> <span class='ocrx_word' id='word_1_575' title='bbox 359 3331 419 3370; x_wconf 90' lang='lat' dir='ltr'>mea</span> <span class='ocrx_word' id='word_1_576' title='bbox 441 3317 568 3384; x_wconf 88' lang='lat' dir='ltr'>moritur,</span> <span class='ocrx_word' id='word_1_577' title='bbox 593 3317 663 3370; x_wconf 87' lang='lat' dir='ltr'>dato&#39;</span> <span class='ocrx_word' id='word_1_578' title='bbox 688 3333 724 3370; x_wconf 89' lang='lat' dir='ltr'>an</span> <span class='ocrx_word' id='word_1_579' title='bbox 742 3317 794 3370; x_wconf 89' lang='lat' dir='ltr'>ita:</span> <span class='ocrx_word' id='word_1_580' title='bbox 819 3315 880 3370; x_wconf 88' lang='lat' dir='ltr'>‘nisi</span> <span class='ocrx_word' id='word_1_581' title='bbox 896 3321 983 3370; x_wconf 88' lang='lat' dir='ltr'>mater</span> <span class='ocrx_word' id='word_1_582' title='bbox 998 3331 1059 3370; x_wconf 90' lang='grc'>4444</span> <span class='ocrx_word' id='word_1_583' title='bbox 1109 3323 1164 3382; x_wconf 88' lang='grc'>444,</span> <span class='ocrx_word' id='word_1_584' title='bbox 1187 3319 1279 3374; x_wconf 88' lang='grc'>444441</span> <span class='ocrx_word' id='word_1_585' title='bbox 1296 3319 1413 3372; x_wconf 88' lang='lat' dir='ltr'>dandum</span> <span class='ocrx_word' id='word_1_586' title='bbox 1430 3325 1485 3382; x_wconf 90' lang='lat' dir='ltr'>est,</span> <span class='ocrx_word' id='word_1_587' title='bbox 1508 3321 1539 3370; x_wconf 88' lang='grc'>44</span> <span class='ocrx_word' id='word_1_588' title='bbox 1555 3319 1697 3386; x_wconf 87' lang='lat' dir='ltr'>impleatur</span> <span class='ocrx_word' id='word_1_589' title='bbox 1714 3317 1848 3374; x_wconf 80' lang='lat' dir='ltr'>condicio:</span> <span class='ocrx_word' id='word_1_590' title='bbox 1871 3335 1921 3374; x_wconf 89' lang='lat' dir='ltr'>nec</span> 
     </span>
     <span class='ocr_line' id='line_1_43' title="bbox 256 3385 1972 3454; baseline 0.001 -16"><span class='ocrx_word' id='word_1_591' title='bbox 256 3385 378 3452; x_wconf 84' lang='grc'>44441444,</span> <span class='ocrx_word' id='word_1_592' title='bbox 401 3399 436 3440; x_wconf 91' lang='grc'>44</span> <span class='ocrx_word' id='word_1_593' title='bbox 458 3385 545 3440; x_wconf 85' lang='lat' dir='ltr'>dato’:</span> <span class='ocrx_word' id='word_1_594' title='bbox 569 3385 712 3454; x_wconf 83' lang='lat' dir='ltr'>uhubique</span> <span class='ocrx_word' id='word_1_595' title='bbox 734 3385 806 3438; x_wconf 88' lang='lat' dir='ltr'>enim</span> <span class='ocrx_word' id='word_1_596' title='bbox 827 3385 876 3438; x_wconf 88' lang='lat' dir='ltr'>snb</span> <span class='ocrx_word' id='word_1_597' title='bbox 902 3385 1059 3438; x_wconf 87' lang='grc'>4444141444</span> <span class='ocrx_word' id='word_1_598' title='bbox 1109 3391 1124 3440; x_wconf 81' lang='lat'>5</span> <span class='ocrx_word' id='word_1_599' title='bbox 1160 3387 1212 3440; x_wconf 91' lang='lat' dir='ltr'>hoc</span> <span class='ocrx_word' id='word_1_600' title='bbox 1227 3385 1422 3442; x_wconf 89' lang='lat' dir='ltr'>restituendum</span> <span class='ocrx_word' id='word_1_601' title='bbox 1439 3391 1480 3440; x_wconf 89' lang='lat' dir='ltr'>est</span> <span class='ocrx_word' id='word_1_602' title='bbox 1494 3401 1527 3440; x_wconf 83' lang='lat' dir='ltr'>ex</span> <span class='ocrx_word' id='word_1_603' title='bbox 1542 3399 1625 3440; x_wconf 88' lang='lat' dir='ltr'>causa</span> <span class='ocrx_word' id='word_1_604' title='bbox 1637 3385 1842 3442; x_wconf 85' lang='lat' dir='ltr'>fideicommissi</span> <span class='ocrx_word' id='word_1_605' title='bbox 1868 3385 1921 3442; x_wconf 82' lang='lat' dir='ltr'>Sed</span> <span class='ocrx_word' id='word_1_606' title='bbox 1970 3423 1972 3426; x_wconf 90' lang='lat'>-</span> 
     </span>
     <span class='ocr_line' id='line_1_44' title="bbox 255 3451 1920 3522; baseline 0.001 -14"><span class='ocrx_word' id='word_1_607' title='bbox 255 3453 291 3508; x_wconf 88' lang='grc'>441</span> <span class='ocrx_word' id='word_1_608' title='bbox 313 3451 402 3506; x_wconf 85' lang='lat' dir='ltr'>datum</span> <span class='ocrx_word' id='word_1_609' title='bbox 426 3453 468 3508; x_wconf 91' lang='grc'>441</span> <span class='ocrx_word' id='word_1_610' title='bbox 493 3453 645 3520; x_wconf 87' lang='lat' dir='ltr'>ademptum</span> <span class='ocrx_word' id='word_1_611' title='bbox 674 3467 732 3508; x_wconf 89' lang='lat' dir='ltr'>esse</span> <span class='ocrx_word' id='word_1_612' title='bbox 757 3451 882 3520; x_wconf 87' lang='lat' dir='ltr'>legatum.</span> <span class='ocrx_word' id='word_1_613' title='bbox 923 3453 1058 3508; x_wconf 88' lang='lat' dir='ltr'>Labeonis</span> <span class='ocrx_word' id='word_1_614' title='bbox 1109 3469 1171 3508; x_wconf 90' lang='lat' dir='ltr'>oum</span> <span class='ocrx_word' id='word_1_615' title='bbox 1188 3457 1341 3522; x_wconf 87' lang='lat' dir='ltr'>suspectam</span> <span class='ocrx_word' id='word_1_616' title='bbox 1358 3453 1467 3508; x_wconf 88' lang='grc'>4411444</span> <span class='ocrx_word' id='word_1_617' title='bbox 1484 3451 1615 3518; x_wconf 89' lang='lat' dir='ltr'>restitnit,</span> <span class='ocrx_word' id='word_1_618' title='bbox 1637 3453 1824 3520; x_wconf 87' lang='lat' dir='ltr'>dubitabatur,</span> <span class='ocrx_word' id='word_1_619' title='bbox 1844 3455 1920 3508; x_wconf 90' lang='lat' dir='ltr'>anei</span> 
     </span>
     <span class='ocr_line' id='line_1_45' title="bbox 256 3519 1921 3588; baseline 0.001 -14"><span class='ocrx_word' id='word_1_620' title='bbox 256 3525 268 3574; x_wconf 86' lang='lat' dir='ltr'>t</span> <span class='ocrx_word' id='word_1_621' title='bbox 297 3535 450 3588; x_wconf 89' lang='lat' dir='ltr'>responsum</span> <span class='ocrx_word' id='word_1_622' title='bbox 473 3521 568 3588; x_wconf 90' lang='lat' dir='ltr'>probo.</span> <span class='ocrx_word' id='word_1_623' title='bbox 607 3519 738 3574; x_wconf 88' lang='lat' dir='ltr'>Dominus</span> <span class='ocrx_word' id='word_1_624' title='bbox 760 3535 837 3574; x_wconf 87' lang='lat' dir='ltr'>servo</span> <span class='ocrx_word' id='word_1_625' title='bbox 860 3535 957 3574; x_wconf 89' lang='lat' dir='ltr'>aureos</span> <span class='ocrx_word' id='word_1_626' title='bbox 981 3521 1058 3588; x_wconf 83' lang='lat' dir='ltr'>qnin-</span> <span class='ocrx_word' id='word_1_627' title='bbox 1109 3521 1284 3576; x_wconf 82' lang='lat' dir='ltr'>auferendum</span> <span class='ocrx_word' id='word_1_628' title='bbox 1301 3521 1349 3576; x_wconf 86' lang='lat' dir='ltr'>sit:</span> <span class='ocrx_word' id='word_1_629' title='bbox 1368 3525 1396 3574; x_wconf 91' lang='lat' dir='ltr'>et</span> <span class='ocrx_word' id='word_1_630' title='bbox 1411 3519 1552 3588; x_wconf 76' lang='lat' dir='ltr'>benignius</span> <span class='ocrx_word' id='word_1_631' title='bbox 1569 3523 1611 3574; x_wconf 91' lang='lat' dir='ltr'>est</span> <span class='ocrx_word' id='word_1_632' title='bbox 1627 3525 1654 3574; x_wconf 92' lang='lat' dir='ltr'>et</span> <span class='ocrx_word' id='word_1_633' title='bbox 1670 3519 1764 3576; x_wconf 88' lang='grc'>14444</span> <span class='ocrx_word' id='word_1_634' title='bbox 1778 3521 1921 3576; x_wconf 88' lang='lat' dir='ltr'>casunihil</span> 
     </span>
     <span class='ocr_line' id='line_1_46' title="bbox 256 3585 1921 3656; baseline 0.002 -16"><span class='ocrx_word' id='word_1_635' title='bbox 256 3603 300 3656; x_wconf 89' lang='lat' dir='ltr'>que</span> <span class='ocrx_word' id='word_1_636' title='bbox 320 3589 393 3642; x_wconf 71' lang='lat' dir='ltr'>eiust</span> <span class='ocrx_word' id='word_1_637' title='bbox 416 3589 564 3654; x_wconf 78' lang='lat' dir='ltr'>legaverat:</span> <span class='ocrx_word' id='word_1_638' title='bbox 589 3589 675 3640; x_wconf 84' lang='lat' dir='ltr'>‘beree</span> <span class='ocrx_word' id='word_1_639' title='bbox 692 3601 768 3642; x_wconf 86' lang='lat' dir='ltr'>mens</span> <span class='ocrx_word' id='word_1_640' title='bbox 785 3585 878 3642; x_wconf 81' lang='lat' dir='ltr'>Sticho</span> <span class='ocrx_word' id='word_1_641' title='bbox 896 3601 972 3642; x_wconf 83' lang='lat' dir='ltr'>servo</span> <span class='ocrx_word' id='word_1_642' title='bbox 989 3603 1058 3656; x_wconf 88' lang='lat' dir='ltr'>meo,</span> <span class='ocrx_word' id='word_1_643' title='bbox 1110 3593 1126 3642; x_wconf 86' lang='grc'><strong>6</strong></span> <span class='ocrx_word' id='word_1_644' title='bbox 1160 3589 1186 3642; x_wconf 91' lang='grc'>41</span> <span class='ocrx_word' id='word_1_645' title='bbox 1205 3587 1313 3640; x_wconf 84' lang='lat' dir='ltr'>auferri.</span> <span class='ocrx_word' id='word_1_646' title='bbox 1347 3587 1377 3640; x_wconf 86' lang='lat' dir='ltr'>Si</span> <span class='ocrx_word' id='word_1_647' title='bbox 1394 3593 1484 3640; x_wconf 87' lang='lat' dir='ltr'>autern</span> <span class='ocrx_word' id='word_1_648' title='bbox 1499 3603 1542 3642; x_wconf 87' lang='grc'>444</span> <span class='ocrx_word' id='word_1_649' title='bbox 1558 3587 1656 3642; x_wconf 85' lang='lat' dir='ltr'>herede</span> <span class='ocrx_word' id='word_1_650' title='bbox 1672 3587 1795 3642; x_wconf 89' lang='lat' dir='ltr'>instituto</span> <span class='ocrx_word' id='word_1_651' title='bbox 1813 3595 1921 3644; x_wconf 89' lang='lat' dir='ltr'>contro-</span> 
     </span>
     <span class='ocr_line' id='line_1_47' title="bbox 256 3653 1921 3724; baseline 0 -14"><span class='ocrx_word' id='word_1_652' title='bbox 256 3661 333 3724; x_wconf 88' lang='lat' dir='ltr'>‘quem</span> <span class='ocrx_word' id='word_1_653' title='bbox 347 3659 507 3710; x_wconf 90' lang='lat' dir='ltr'>testamento</span> <span class='ocrx_word' id='word_1_654' title='bbox 524 3655 638 3710; x_wconf 89' lang='lat' dir='ltr'>liberum</span> <span class='ocrx_word' id='word_1_655' title='bbox 653 3669 712 3710; x_wconf 90' lang='lat' dir='ltr'>esse</span> <span class='ocrx_word' id='word_1_656' title='bbox 727 3655 802 3718; x_wconf 90' lang='lat' dir='ltr'>iussi,</span> <span class='ocrx_word' id='word_1_657' title='bbox 821 3669 917 3710; x_wconf 91' lang='lat' dir='ltr'>aureos</span> <span class='ocrx_word' id='word_1_658' title='bbox 950 3655 1057 3724; x_wconf 90' lang='lat' dir='ltr'>ninqne,</span> <span class='ocrx_word' id='word_1_659' title='bbox 1109 3655 1197 3710; x_wconf 86' lang='grc'>444414</span> <span class='ocrx_word' id='word_1_660' title='bbox 1213 3655 1277 3708; x_wconf 81' lang='lat' dir='ltr'>mili</span> <span class='ocrx_word' id='word_1_661' title='bbox 1292 3653 1340 3708; x_wconf 91' lang='lat' dir='ltr'>fiet</span> <span class='ocrx_word' id='word_1_662' title='bbox 1354 3653 1518 3722; x_wconf 90' lang='lat' dir='ltr'>hereditatis,</span> <span class='ocrx_word' id='word_1_663' title='bbox 1540 3655 1564 3710; x_wconf 92' lang='lat' dir='ltr'>si</span> <span class='ocrx_word' id='word_1_664' title='bbox 1581 3659 1657 3710; x_wconf 82' lang='lat' dir='ltr'>cavet</span> <span class='ocrx_word' id='word_1_665' title='bbox 1673 3655 1818 3724; x_wconf 86' lang='lat' dir='ltr'>legatarius</span> <span class='ocrx_word' id='word_1_666' title='bbox 1835 3657 1921 3712; x_wconf 88' lang='grc'>441444</span> 
     </span>
     <span class='ocr_line' id='line_1_48' title="bbox 256 3673 1921 3802; baseline 0.001 -24"><span class='ocrx_word' id='word_1_667' title='bbox 256 3727 323 3792; x_wconf 87' lang='lat' dir='ltr'>‘quos</span> <span class='ocrx_word' id='word_1_668' title='bbox 341 3721 370 3778; x_wconf 88' lang='grc'>14</span> <span class='ocrx_word' id='word_1_669' title='bbox 391 3721 490 3778; x_wconf 89' lang='lat' dir='ltr'>tabulis</span> <span class='ocrx_word' id='word_1_670' title='bbox 514 3721 612 3786; x_wconf 87' lang='lat' dir='ltr'>debeo,</span> <span class='ocrx_word' id='word_1_671' title='bbox 635 3721 716 3778; x_wconf 88' lang='lat' dir='ltr'>dato&#39;.</span> <span class='ocrx_word' id='word_1_672' title='bbox 752 3721 819 3774; x_wconf 91' lang='lat' dir='ltr'>nihil</span> <span class='ocrx_word' id='word_1_673' title='bbox 839 3739 918 3802; x_wconf 81' lang='lat' dir='ltr'>servo</span> <span class='ocrx_word' id='word_1_674' title='bbox 932 3673 1058 3790; x_wconf 63' lang='lat' dir='ltr'>iepram</span> <span class='ocrx_word' id='word_1_675' title='bbox 1108 3721 1256 3778; x_wconf 89' lang='lat' dir='ltr'>hereditate</span> <span class='ocrx_word' id='word_1_676' title='bbox 1272 3721 1348 3802; x_wconf 81' lang='lat' dir='ltr'>reddi</span> <span class='ocrx_word' id='word_1_677' title='bbox 1364 3721 1494 3790; x_wconf 84' lang='lat' dir='ltr'>legatum,</span> <span class='ocrx_word' id='word_1_678' title='bbox 1511 3727 1539 3778; x_wconf 88' lang='grc'>44</span> <span class='ocrx_word' id='word_1_679' title='bbox 1555 3721 1608 3792; x_wconf 89' lang='lat' dir='ltr'>ipsi</span> <span class='ocrx_word' id='word_1_680' title='bbox 1625 3721 1771 3802; x_wconf 79' lang='lat' dir='ltr'>cavendum</span> <span class='ocrx_word' id='word_1_681' title='bbox 1789 3727 1830 3778; x_wconf 88' lang='lat' dir='ltr'>est</span> <span class='ocrx_word' id='word_1_682' title='bbox 1846 3725 1921 3780; x_wconf 91' lang='lat' dir='ltr'>reddi</span> 
     </span>
     <span class='ocr_line' id='line_1_49' title="bbox 255 3789 1921 3860; baseline 0.001 -16"><span class='ocrx_word' id='word_1_683' title='bbox 255 3805 306 3846; x_wconf 87' lang='lat' dir='ltr'>esse</span> <span class='ocrx_word' id='word_1_684' title='bbox 322 3789 439 3844; x_wconf 82' lang='lat' dir='ltr'>Namusa</span> <span class='ocrx_word' id='word_1_685' title='bbox 455 3789 576 3846; x_wconf 82' lang='lat' dir='ltr'>Servium</span> <span class='ocrx_word' id='word_1_686' title='bbox 599 3789 771 3860; x_wconf 89' lang='lat' dir='ltr'>respondisse</span> <span class='ocrx_word' id='word_1_687' title='bbox 794 3791 900 3856; x_wconf 71' lang='lat' dir='ltr'>scribit,</span> <span class='ocrx_word' id='word_1_688' title='bbox 924 3791 987 3858; x_wconf 89' lang='lat' dir='ltr'>quia</span> <span class='ocrx_word' id='word_1_689' title='bbox 1010 3789 1057 3844; x_wconf 88' lang='lat' dir='ltr'>do·</span> <span class='ocrx_word' id='word_1_690' title='bbox 1102 3795 1124 3844; x_wconf 85' lang='lat' dir='ltr'>t</span> <span class='ocrx_word' id='word_1_691' title='bbox 1160 3791 1233 3860; x_wconf 90' lang='lat' dir='ltr'>qnod</span> <span class='ocrx_word' id='word_1_692' title='bbox 1250 3791 1331 3844; x_wconf 86' lang='grc'>44441.</span> <span class='ocrx_word' id='word_1_693' title='bbox 1366 3789 1419 3844; x_wconf 83' lang='lat' dir='ltr'>Sed</span> <span class='ocrx_word' id='word_1_694' title='bbox 1441 3789 1465 3844; x_wconf 90' lang='grc'>41</span> <span class='ocrx_word' id='word_1_695' title='bbox 1487 3789 1577 3844; x_wconf 88' lang='grc'>144444</span> <span class='ocrx_word' id='word_1_696' title='bbox 1600 3791 1637 3846; x_wconf 89' lang='grc'>414</span> <span class='ocrx_word' id='word_1_697' title='bbox 1658 3791 1723 3844; x_wconf 77' lang='lat' dir='ltr'>mihi</span> <span class='ocrx_word' id='word_1_698' title='bbox 1746 3791 1921 3846; x_wconf 86' lang='grc'>4444444444</span> 
     </span>
     <span class='ocr_line' id='line_1_50' title="bbox 254 3857 1975 3928; baseline 0.001 -16"><span class='ocrx_word' id='word_1_699' title='bbox 254 3859 423 3914; x_wconf 84' lang='grc'>4444444444</span> <span class='ocrx_word' id='word_1_700' title='bbox 441 3857 506 3910; x_wconf 88' lang='grc'>41411</span> <span class='ocrx_word' id='word_1_701' title='bbox 523 3857 783 3926; x_wconf 83' lang='lat' dir='ltr'>deherepotuisset:</span> <span class='ocrx_word' id='word_1_702' title='bbox 808 3873 856 3926; x_wconf 88' lang='lat' dir='ltr'>ego</span> <span class='ocrx_word' id='word_1_703' title='bbox 878 3863 944 3926; x_wconf 89' lang='lat' dir='ltr'>puto</span> <span class='ocrx_word' id='word_1_704' title='bbox 962 3873 1057 3912; x_wconf 90' lang='lat' dir='ltr'>secun-</span> <span class='ocrx_word' id='word_1_705' title='bbox 1109 3861 1137 3912; x_wconf 89' lang='lat' dir='ltr'>et</span> <span class='ocrx_word' id='word_1_706' title='bbox 1158 3859 1281 3928; x_wconf 86' lang='lat' dir='ltr'>accipere</span> <span class='ocrx_word' id='word_1_707' title='bbox 1301 3857 1475 3912; x_wconf 86' lang='lat' dir='ltr'>hereditatem</span> <span class='ocrx_word' id='word_1_708' title='bbox 1492 3873 1525 3912; x_wconf 86' lang='lat' dir='ltr'>ex</span> <span class='ocrx_word' id='word_1_709' title='bbox 1542 3865 1652 3914; x_wconf 89' lang='lat' dir='ltr'>senatus</span> <span class='ocrx_word' id='word_1_710' title='bbox 1670 3859 1806 3926; x_wconf 89' lang='lat' dir='ltr'>consulto,</span> <span class='ocrx_word' id='word_1_711' title='bbox 1829 3859 1920 3914; x_wconf 84' lang='grc'>444444</span> <span class='ocrx_word' id='word_1_712' title='bbox 1974 3921 1975 3924; x_wconf 11' lang='lat'>¹</span> 
     </span>
     <span class='ocr_line' id='line_1_51' title="bbox 256 3923 1921 3994; baseline 0.001 -14"><span class='ocrx_word' id='word_1_713' title='bbox 256 3925 309 3980; x_wconf 91' lang='lat' dir='ltr'>dum</span> <span class='ocrx_word' id='word_1_714' title='bbox 331 3931 444 3982; x_wconf 82' lang='grc'>44441444</span> <span class='ocrx_word' id='word_1_715' title='bbox 464 3925 602 3980; x_wconf 84' lang='grc'>4444444414</span> <span class='ocrx_word' id='word_1_716' title='bbox 625 3923 747 3980; x_wconf 89' lang='lat' dir='ltr'>naturale</span> <span class='ocrx_word' id='word_1_717' title='bbox 768 3925 853 3994; x_wconf 89' lang='lat' dir='ltr'>magis</span> <span class='ocrx_word' id='word_1_718' title='bbox 878 3939 958 3992; x_wconf 88' lang='lat' dir='ltr'>qnam</span> <span class='ocrx_word' id='word_1_719' title='bbox 982 3925 1059 3980; x_wconf 85' lang='grc'>414114</span> <span class='ocrx_word' id='word_1_720' title='bbox 1110 3931 1125 3978; x_wconf 84' lang='lat'><em>8</em></span> <span class='ocrx_word' id='word_1_721' title='bbox 1160 3925 1209 3980; x_wconf 90' lang='lat' dir='ltr'>tibi</span> <span class='ocrx_word' id='word_1_722' title='bbox 1236 3941 1270 3980; x_wconf 84' lang='lat' dir='ltr'>ex</span> <span class='ocrx_word' id='word_1_723' title='bbox 1297 3941 1380 3980; x_wconf 89' lang='lat' dir='ltr'>cansa</span> <span class='ocrx_word' id='word_1_724' title='bbox 1405 3925 1602 3980; x_wconf 89' lang='lat' dir='ltr'>fideicommissi</span> <span class='ocrx_word' id='word_1_725' title='bbox 1627 3941 1682 3980; x_wconf 90' lang='lat' dir='ltr'>non</span> <span class='ocrx_word' id='word_1_726' title='bbox 1707 3925 1857 3982; x_wconf 87' lang='lat' dir='ltr'>restituam.</span> <span class='ocrx_word' id='word_1_727' title='bbox 1892 3927 1921 3982; x_wconf 86' lang='lat' dir='ltr'>Si</span> 
     </span>
     <span class='ocr_line' id='line_1_52' title="bbox 256 3991 1921 4062; baseline 0 -14"><span class='ocrx_word' id='word_1_728' title='bbox 256 3999 269 4048; x_wconf 85' lang='lat' dir='ltr'>t</span> <span class='ocrx_word' id='word_1_729' title='bbox 298 3995 412 4048; x_wconf 87' lang='lat' dir='ltr'>debitum</span> <span class='ocrx_word' id='word_1_730' title='bbox 429 3993 604 4062; x_wconf 87' lang='lat' dir='ltr'>spectandum</span> <span class='ocrx_word' id='word_1_731' title='bbox 622 4009 688 4058; x_wconf 88' lang='lat' dir='ltr'>esse,</span> <span class='ocrx_word' id='word_1_732' title='bbox 707 3997 735 4048; x_wconf 89' lang='grc'>44</span> <span class='ocrx_word' id='word_1_733' title='bbox 752 4009 784 4048; x_wconf 90' lang='grc'>44</span> <span class='ocrx_word' id='word_1_734' title='bbox 797 3993 858 4048; x_wconf 90' lang='grc'>1444</span> <span class='ocrx_word' id='word_1_735' title='bbox 871 3993 979 4048; x_wconf 86' lang='lat' dir='ltr'>utimur.</span> <span class='ocrx_word' id='word_1_736' title='bbox 1007 3991 1059 4060; x_wconf 72' lang='lat' dir='ltr'>Qut</span> <span class='ocrx_word' id='word_1_737' title='bbox 1109 3993 1224 4048; x_wconf 87' lang='lat' dir='ltr'>duorum</span> <span class='ocrx_word' id='word_1_738' title='bbox 1241 4009 1316 4048; x_wconf 84' lang='grc'>44444</span> <span class='ocrx_word' id='word_1_739' title='bbox 1333 3991 1450 4062; x_wconf 85' lang='lat' dir='ltr'>legatum</span> <span class='ocrx_word' id='word_1_740' title='bbox 1466 3993 1503 4048; x_wconf 89' lang='lat' dir='ltr'>sit</span> <span class='ocrx_word' id='word_1_741' title='bbox 1519 3995 1570 4048; x_wconf 90' lang='lat' dir='ltr'>sub</span> <span class='ocrx_word' id='word_1_742' title='bbox 1588 3993 1744 4048; x_wconf 87' lang='grc'>4444141444</span> <span class='ocrx_word' id='word_1_743' title='bbox 1760 3993 1850 4060; x_wconf 87' lang='lat' dir='ltr'>dandi,</span> <span class='ocrx_word' id='word_1_744' title='bbox 1866 4009 1921 4050; x_wconf 90' lang='lat' dir='ltr'>non</span> 
     </span>
     <span class='ocr_line' id='line_1_53' title="bbox 255 4059 1920 4184; baseline 0 -66"><span class='ocrx_word' id='word_1_745' title='bbox 255 4063 360 4160; x_wconf 69' lang='lat' dir='ltr'>dotalem</span> <span class='ocrx_word' id='word_1_746' title='bbox 377 4061 489 4142; x_wconf 81' lang='lat' dir='ltr'>fundum</span> <span class='ocrx_word' id='word_1_747' title='bbox 505 4063 608 4116; x_wconf 89' lang='lat' dir='ltr'>nullum</span> <span class='ocrx_word' id='word_1_748' title='bbox 625 4061 759 4182; x_wconf 51' lang='grc' dir='ltr'>14414θῇ</span> <span class='ocrx_word' id='word_1_749' title='bbox 768 4059 831 4142; x_wconf 76' lang='lat' dir='ltr'>ital</span> <span class='ocrx_word' id='word_1_750' title='bbox 866 4061 1057 4182; x_wconf 48' lang='lat' dir='ltr'>agieratffimn·</span> <span class='ocrx_word' id='word_1_751' title='bbox 1108 4077 1188 4130; x_wconf 89' lang='lat' dir='ltr'>posse</span> <span class='ocrx_word' id='word_1_752' title='bbox 1205 4065 1361 4184; x_wconf 58' lang='lat' dir='ltr'>pirdpffldtaes</span> <span class='ocrx_word' id='word_1_753' title='bbox 1380 4061 1530 4144; x_wconf 72' lang='lat' dir='ltr'>condicioni</span> <span class='ocrx_word' id='word_1_754' title='bbox 1546 4063 1635 4132; x_wconf 90' lang='lat' dir='ltr'>pareri</span> <span class='ocrx_word' id='word_1_755' title='bbox 1649 4063 1757 4132; x_wconf 89' lang='lat' dir='ltr'>quidam</span> <span class='ocrx_word' id='word_1_756' title='bbox 1770 4063 1855 4130; x_wconf 83' lang='lat' dir='ltr'>aiunt,</span> <span class='ocrx_word' id='word_1_757' title='bbox 1873 4063 1920 4150; x_wconf 75' lang='lat' dir='ltr'>sed</span> 
     </span>
     <span class='ocr_line' id='line_1_54' title="bbox 255 4129 1921 4280; baseline 0 -28"><span class='ocrx_word' id='word_1_758' title='bbox 255 4129 719 4278; x_wconf 46' lang='lat' dir='ltr'>ilidiiiiibitiuiiaia</span> <span class='ocrx_word' id='word_1_759' title='bbox 732 4129 1058 4276; x_wconf 58' lang='lat' dir='ltr'>,iniustitiae</span> <span class='ocrx_word' id='word_1_760' title='bbox 1108 4135 1231 4278; x_wconf 52' lang='lat' dir='ltr'>ittet</span> <span class='ocrx_word' id='word_1_761' title='bbox 1245 4129 1921 4280; x_wconf 63' lang='lat' dir='ltr'>ttetttttttttbittattatei!</span> 
     </span>
     <span class='ocr_line' id='line_1_55' title="bbox 254 4263 1920 4336; baseline 0 -18"><span class='ocrx_word' id='word_1_762' title='bbox 254 4267 328 4320; x_wconf 89' lang='lat' dir='ltr'>nihilo</span> <span class='ocrx_word' id='word_1_763' title='bbox 347 4281 435 4320; x_wconf 90' lang='lat' dir='ltr'>mmus</span> <span class='ocrx_word' id='word_1_764' title='bbox 457 4263 574 4334; x_wconf 87' lang='lat' dir='ltr'>legatum</span> <span class='ocrx_word' id='word_1_765' title='bbox 596 4279 669 4330; x_wconf 89' lang='grc'>4444,</span> <span class='ocrx_word' id='word_1_766' title='bbox 694 4279 770 4332; x_wconf 87' lang='lat' dir='ltr'>qma,</span> <span class='ocrx_word' id='word_1_767' title='bbox 795 4279 857 4320; x_wconf 89' lang='lat' dir='ltr'>curn</span> <span class='ocrx_word' id='word_1_768' title='bbox 873 4263 973 4320; x_wconf 84' lang='lat' dir='ltr'>landus</span> <span class='ocrx_word' id='word_1_769' title='bbox 992 4265 1056 4318; x_wconf 83' lang='lat' dir='ltr'>cor·</span> <span class='ocrx_word' id='word_1_770' title='bbox 1109 4265 1172 4318; x_wconf 90' lang='lat' dir='ltr'>dum</span> <span class='ocrx_word' id='word_1_771' title='bbox 1189 4269 1232 4330; x_wconf 91' lang='grc'>444,</span> <span class='ocrx_word' id='word_1_772' title='bbox 1252 4265 1353 4320; x_wconf 84' lang='grc'>444444.</span> <span class='ocrx_word' id='word_1_773' title='bbox 1388 4271 1416 4320; x_wconf 91' lang='grc'>44</span> <span class='ocrx_word' id='word_1_774' title='bbox 1432 4271 1521 4336; x_wconf 89' lang='lat' dir='ltr'>potest</span> <span class='ocrx_word' id='word_1_775' title='bbox 1538 4265 1593 4320; x_wconf 88' lang='grc'>4444</span> <span class='ocrx_word' id='word_1_776' title='bbox 1612 4283 1661 4336; x_wconf 87' lang='lat' dir='ltr'>pro</span> <span class='ocrx_word' id='word_1_777' title='bbox 1678 4273 1755 4336; x_wconf 88' lang='lat' dir='ltr'>parte</span> <span class='ocrx_word' id='word_1_778' title='bbox 1772 4267 1920 4336; x_wconf 89' lang='lat' dir='ltr'>parendum</span> 
     </span>
     <span class='ocr_line' id='line_1_56' title="bbox 255 4333 1918 4398; baseline 0.001 -10"><span class='ocrx_word' id='word_1_779' title='bbox 255 4333 366 4396; x_wconf 87' lang='grc'>4444444</span> <span class='ocrx_word' id='word_1_780' title='bbox 391 4333 420 4386; x_wconf 91' lang='lat' dir='ltr'>in</span> <span class='ocrx_word' id='word_1_781' title='bbox 446 4349 536 4388; x_wconf 88' lang='lat' dir='ltr'>rernm</span> <span class='ocrx_word' id='word_1_782' title='bbox 562 4339 661 4388; x_wconf 88' lang='lat' dir='ltr'>natura</span> <span class='ocrx_word' id='word_1_783' title='bbox 688 4333 737 4398; x_wconf 90' lang='lat' dir='ltr'>sit,</span> <span class='ocrx_word' id='word_1_784' title='bbox 769 4333 960 4388; x_wconf 87' lang='lat' dir='ltr'>demonstratio</span> <span class='ocrx_word' id='word_1_785' title='bbox 988 4333 1058 4386; x_wconf 87' lang='lat' dir='ltr'>falsa</span> <span class='ocrx_word' id='word_1_786' title='bbox 1110 4337 1142 4386; x_wconf 87' lang='grc'>14</span> <span class='ocrx_word' id='word_1_787' title='bbox 1177 4333 1359 4388; x_wconf 73' lang='lat' dir='ltr'>assentantis</span> <span class='ocrx_word' id='word_1_788' title='bbox 1376 4333 1520 4390; x_wconf 83' lang='lat' dir='ltr'>testatoris.</span> <span class='ocrx_word' id='word_1_789' title='bbox 1557 4333 1710 4390; x_wconf 76' lang='grc'>14444444</span> <span class='ocrx_word' id='word_1_790' title='bbox 1745 4333 1918 4390; x_wconf 73' lang='grc'>11414444-</span> 
     </span>
     <span class='ocr_line' id='line_1_57' title="bbox 255 4399 1919 4470; baseline 0.002 -18"><span class='ocrx_word' id='word_1_791' title='bbox 255 4405 267 4452; x_wconf 84' lang='grc'>4</span> <span class='ocrx_word' id='word_1_792' title='bbox 298 4401 411 4470; x_wconf 87' lang='lat' dir='ltr'>legatum</span> <span class='ocrx_word' id='word_1_793' title='bbox 437 4417 491 4456; x_wconf 88' lang='lat' dir='ltr'>non</span> <span class='ocrx_word' id='word_1_794' title='bbox 514 4401 636 4470; x_wconf 89' lang='lat' dir='ltr'>peremit.</span> <span class='ocrx_word' id='word_1_795' title='bbox 676 4399 809 4456; x_wconf 87' lang='lat' dir='ltr'>Thermus</span> <span class='ocrx_word' id='word_1_796' title='bbox 835 4399 922 4456; x_wconf 89' lang='lat' dir='ltr'>minor</span> <span class='ocrx_word' id='word_1_797' title='bbox 944 4415 1058 4468; x_wconf 88' lang='lat' dir='ltr'>qnorum</span> <span class='ocrx_word' id='word_1_798' title='bbox 1107 4400 1217 4456; x_wconf 84' lang='lat' dir='ltr'>rudibus</span> <span class='ocrx_word' id='word_1_799' title='bbox 1233 4399 1347 4456; x_wconf 83' lang='lat' dir='ltr'>fundum</span> <span class='ocrx_word' id='word_1_800' title='bbox 1364 4401 1456 4470; x_wconf 79' lang='lat' dir='ltr'>legavi,</span> <span class='ocrx_word' id='word_1_801' title='bbox 1475 4403 1619 4456; x_wconf 89' lang='grc'>414444444</span> <span class='ocrx_word' id='word_1_802' title='bbox 1631 4401 1774 4458; x_wconf 87' lang='lat' dir='ltr'>heredibus</span> <span class='ocrx_word' id='word_1_803' title='bbox 1790 4401 1919 4456; x_wconf 80' lang='grc'>4441144444</span> 
     </span>
     <span class='ocr_line' id='line_1_58' title="bbox 255 4467 1920 4540; baseline 0 -18"><span class='ocrx_word' id='word_1_804' title='bbox 255 4469 375 4524; x_wconf 88' lang='lat' dir='ltr'>arbitratu</span> <span class='ocrx_word' id='word_1_805' title='bbox 402 4475 603 4524; x_wconf 87' lang='lat' dir='ltr'>monumentum</span> <span class='ocrx_word' id='word_1_806' title='bbox 629 4467 681 4522; x_wconf 91' lang='lat' dir='ltr'>sibi</span> <span class='ocrx_word' id='word_1_807' title='bbox 705 4467 765 4522; x_wconf 86' lang='lat' dir='ltr'>fieri</span> <span class='ocrx_word' id='word_1_808' title='bbox 794 4469 873 4524; x_wconf 82' lang='lat' dir='ltr'>vellet</span> <span class='ocrx_word' id='word_1_809' title='bbox 897 4473 1058 4522; x_wconf 87' lang='lat' dir='ltr'>testamento</span> <span class='ocrx_word' id='word_1_810' title='bbox 1109 4469 1223 4524; x_wconf 89' lang='lat' dir='ltr'>deducet</span> <span class='ocrx_word' id='word_1_811' title='bbox 1239 4485 1316 4526; x_wconf 86' lang='lat' dir='ltr'>suern</span> <span class='ocrx_word' id='word_1_812' title='bbox 1333 4475 1436 4540; x_wconf 84' lang='lat' dir='ltr'>partem</span> <span class='ocrx_word' id='word_1_813' title='bbox 1453 4471 1640 4526; x_wconf 87' lang='lat' dir='ltr'>hereditariam</span> <span class='ocrx_word' id='word_1_814' title='bbox 1658 4477 1685 4526; x_wconf 91' lang='lat' dir='ltr'>et</span> <span class='ocrx_word' id='word_1_815' title='bbox 1700 4471 1831 4540; x_wconf 89' lang='lat' dir='ltr'>reliquam</span> <span class='ocrx_word' id='word_1_816' title='bbox 1848 4483 1920 4524; x_wconf 89' lang='lat' dir='ltr'>sum·</span> 
     </span>
     <span class='ocr_line' id='line_1_59' title="bbox 254 4535 1920 4608; baseline 0 -18"><span class='ocrx_word' id='word_1_817' title='bbox 254 4537 396 4602; x_wconf 87' lang='lat' dir='ltr'>scribserat,</span> <span class='ocrx_word' id='word_1_818' title='bbox 413 4537 508 4594; x_wconf 83' lang='grc'>441444</span> <span class='ocrx_word' id='word_1_819' title='bbox 524 4537 564 4592; x_wconf 88' lang='grc'>144</span> <span class='ocrx_word' id='word_1_820' title='bbox 580 4537 729 4606; x_wconf 79' lang='lat' dir='ltr'>legaveratr</span> <span class='ocrx_word' id='word_1_821' title='bbox 753 4537 853 4592; x_wconf 89' lang='lat' dir='ltr'>‘Luciis</span> <span class='ocrx_word' id='word_1_822' title='bbox 870 4537 974 4592; x_wconf 84' lang='lat' dir='ltr'>Publiis</span> <span class='ocrx_word' id='word_1_823' title='bbox 991 4535 1056 4590; x_wconf 82' lang='lat' dir='ltr'>Gor·</span> <span class='ocrx_word' id='word_1_824' title='bbox 1108 4553 1179 4592; x_wconf 86' lang='lat' dir='ltr'>maru</span> <span class='ocrx_word' id='word_1_825' title='bbox 1190 4537 1332 4594; x_wconf 91' lang='lat' dir='ltr'>heredibus</span> <span class='ocrx_word' id='word_1_826' title='bbox 1343 4555 1393 4606; x_wconf 89' lang='lat' dir='ltr'>pro</span> <span class='ocrx_word' id='word_1_827' title='bbox 1409 4537 1533 4608; x_wconf 87' lang='lat' dir='ltr'>portione</span> <span class='ocrx_word' id='word_1_828' title='bbox 1547 4555 1639 4594; x_wconf 90' lang='lat' dir='ltr'>eorum</span> <span class='ocrx_word' id='word_1_829' title='bbox 1654 4537 1737 4594; x_wconf 91' lang='lat' dir='ltr'>dabit.</span> <span class='ocrx_word' id='word_1_830' title='bbox 1766 4537 1830 4592; x_wconf 90' lang='lat' dir='ltr'>atsi</span> <span class='ocrx_word' id='word_1_831' title='bbox 1841 4535 1920 4594; x_wconf 87' lang='lat' dir='ltr'>heres</span> 
     </span>
     <span class='ocr_line' id='line_1_60' title="bbox 254 4603 1919 4674; baseline 0.001 -16"><span class='ocrx_word' id='word_1_832' title='bbox 254 4605 348 4660; x_wconf 70' lang='lat' dir='ltr'>‘neliisl</span> <span class='ocrx_word' id='word_1_833' title='bbox 374 4605 408 4660; x_wconf 89' lang='lat' dir='ltr'>ad</span> <span class='ocrx_word' id='word_1_834' title='bbox 428 4608 628 4660; x_wconf 87' lang='lat' dir='ltr'>monumentum</span> <span class='ocrx_word' id='word_1_835' title='bbox 652 4621 741 4660; x_wconf 89' lang='lat' dir='ltr'>mcum</span> <span class='ocrx_word' id='word_1_836' title='bbox 766 4603 961 4660; x_wconf 86' lang='lat' dir='ltr'>aedificandum</span> <span class='ocrx_word' id='word_1_837' title='bbox 985 4603 1057 4658; x_wconf 90' lang='lat' dir='ltr'>mille</span> <span class='ocrx_word' id='word_1_838' title='bbox 1108 4621 1143 4660; x_wconf 85' lang='lat' dir='ltr'>ex</span> <span class='ocrx_word' id='word_1_839' title='bbox 1158 4611 1236 4674; x_wconf 88' lang='lat' dir='ltr'>parte</span> <span class='ocrx_word' id='word_1_840' title='bbox 1252 4605 1291 4660; x_wconf 90' lang='lat' dir='ltr'>ita</span> <span class='ocrx_word' id='word_1_841' title='bbox 1307 4607 1445 4662; x_wconf 86' lang='lat' dir='ltr'>institutus</span> <span class='ocrx_word' id='word_1_842' title='bbox 1463 4611 1547 4672; x_wconf 89' lang='lat' dir='ltr'>esset,</span> <span class='ocrx_word' id='word_1_843' title='bbox 1565 4606 1589 4662; x_wconf 91' lang='grc'>41</span> <span class='ocrx_word' id='word_1_844' title='bbox 1605 4605 1746 4662; x_wconf 82' lang='lat' dir='ltr'>heredibus</span> <span class='ocrx_word' id='word_1_845' title='bbox 1764 4605 1857 4658; x_wconf 88' lang='lat' dir='ltr'>decem</span> <span class='ocrx_word' id='word_1_846' title='bbox 1874 4603 1919 4660; x_wconf 89' lang='lat' dir='ltr'>de·</span> 
     </span>
     <span class='ocr_line' id='line_1_61' title="bbox 254 4669 1920 4756; baseline 0.002 -30"><span class='ocrx_word' id='word_1_847' title='bbox 254 4673 331 4732; x_wconf 88' lang='lat' dir='ltr'>‘heres</span> <span class='ocrx_word' id='word_1_848' title='bbox 352 4689 426 4728; x_wconf 86' lang='lat' dir='ltr'>meus</span> <span class='ocrx_word' id='word_1_849' title='bbox 447 4673 528 4728; x_wconf 89' lang='lat' dir='ltr'>dato’.</span> <span class='ocrx_word' id='word_1_850' title='bbox 565 4673 707 4726; x_wconf 87' lang='lat' dir='ltr'>Trebatius</span> <span class='ocrx_word' id='word_1_851' title='bbox 728 4673 867 4756; x_wconf 83' lang='lat' dir='ltr'>respondit</span> <span class='ocrx_word' id='word_1_852' title='bbox 906 4689 936 4728; x_wconf 90' lang='lat' dir='ltr'>ro</span> <span class='ocrx_word' id='word_1_853' title='bbox 958 4689 990 4728; x_wconf 89' lang='lat' dir='ltr'>eo</span> <span class='ocrx_word' id='word_1_854' title='bbox 1007 4673 1056 4726; x_wconf 91' lang='lat' dir='ltr'>ha·</span> <span class='ocrx_word' id='word_1_855' title='bbox 1109 4673 1203 4740; x_wconf 88' lang='lat' dir='ltr'>disset,</span> <span class='ocrx_word' id='word_1_856' title='bbox 1226 4691 1281 4730; x_wconf 89' lang='lat' dir='ltr'>non</span> <span class='ocrx_word' id='word_1_857' title='bbox 1304 4675 1382 4730; x_wconf 88' lang='lat' dir='ltr'>aliter</span> <span class='ocrx_word' id='word_1_858' title='bbox 1397 4681 1469 4730; x_wconf 91' lang='lat' dir='ltr'>esset</span> <span class='ocrx_word' id='word_1_859' title='bbox 1485 4675 1575 4740; x_wconf 86' lang='lat' dir='ltr'>heres,</span> <span class='ocrx_word' id='word_1_860' title='bbox 1599 4689 1678 4744; x_wconf 89' lang='lat' dir='ltr'>qnam</span> <span class='ocrx_word' id='word_1_861' title='bbox 1700 4671 1726 4732; x_wconf 89' lang='lat' dir='ltr'>si</span> <span class='ocrx_word' id='word_1_862' title='bbox 1746 4675 1805 4726; x_wconf 89' lang='lat' dir='ltr'>tota</span> <span class='ocrx_word' id='word_1_863' title='bbox 1827 4669 1920 4730; x_wconf 87' lang='lat' dir='ltr'>decem</span> 
     </span>
     <span class='ocr_line' id='line_1_62' title="bbox 255 4739 1920 4816; baseline -0.001 -22"><span class='ocrx_word' id='word_1_864' title='bbox 255 4741 360 4794; x_wconf 90' lang='lat' dir='ltr'>bendum</span> <span class='ocrx_word' id='word_1_865' title='bbox 377 4757 409 4796; x_wconf 89' lang='lat' dir='ltr'>ac</span> <span class='ocrx_word' id='word_1_866' title='bbox 427 4741 504 4796; x_wconf 89' lang='grc'>41144</span> <span class='ocrx_word' id='word_1_867' title='bbox 521 4741 639 4808; x_wconf 90' lang='lat' dir='ltr'>legatum</span> <span class='ocrx_word' id='word_1_868' title='bbox 657 4747 739 4806; x_wconf 85' lang='lat' dir='ltr'>esset,</span> <span class='ocrx_word' id='word_1_869' title='bbox 762 4759 787 4796; x_wconf 81' lang='lat' dir='ltr'>st</span> <span class='ocrx_word' id='word_1_870' title='bbox 808 4741 874 4796; x_wconf 90' lang='lat' dir='ltr'>satis</span> <span class='ocrx_word' id='word_1_871' title='bbox 893 4741 1011 4796; x_wconf 89' lang='lat' dir='ltr'>edissent</span> <span class='ocrx_word' id='word_1_872' title='bbox 1028 4755 1057 4794; x_wconf 91' lang='lat' dir='ltr'>se</span> <span class='ocrx_word' id='word_1_873' title='bbox 1109 4741 1284 4798; x_wconf 88' lang='lat' dir='ltr'>coheredibus</span> <span class='ocrx_word' id='word_1_874' title='bbox 1304 4741 1433 4808; x_wconf 88' lang='lat' dir='ltr'>dedisset,</span> <span class='ocrx_word' id='word_1_875' title='bbox 1454 4743 1518 4812; x_wconf 88' lang='lat' dir='ltr'>qnia</span> <span class='ocrx_word' id='word_1_876' title='bbox 1540 4759 1595 4796; x_wconf 89' lang='lat' dir='ltr'>non</span> <span class='ocrx_word' id='word_1_877' title='bbox 1616 4747 1677 4794; x_wconf 90' lang='lat' dir='ltr'>ante</span> <span class='ocrx_word' id='word_1_878' title='bbox 1694 4739 1729 4792; x_wconf 90' lang='lat' dir='ltr'>ad</span> <span class='ocrx_word' id='word_1_879' title='bbox 1744 4739 1920 4816; x_wconf 81' lang='lat' dir='ltr'>hereditatem</span> 
     </span>
     <span class='ocr_line' id='line_1_63' title="bbox 254 4807 1920 4880; baseline 0.004 -22"><span class='ocrx_word' id='word_1_880' title='bbox 254 4807 288 4860; x_wconf 90' lang='lat' dir='ltr'>ite</span> <span class='ocrx_word' id='word_1_881' title='bbox 301 4807 328 4862; x_wconf 92' lang='grc'>14</span> <span class='ocrx_word' id='word_1_882' title='bbox 344 4813 543 4864; x_wconf 87' lang='lat' dir='ltr'>monumentum</span> <span class='ocrx_word' id='word_1_883' title='bbox 560 4823 594 4862; x_wconf 86' lang='lat' dir='ltr'>ex</span> <span class='ocrx_word' id='word_1_884' title='bbox 611 4823 643 4862; x_wconf 92' lang='lat' dir='ltr'>ea</span> <span class='ocrx_word' id='word_1_885' title='bbox 664 4807 779 4876; x_wconf 88' lang='lat' dir='ltr'>pecunia</span> <span class='ocrx_word' id='word_1_886' title='bbox 800 4807 930 4864; x_wconf 84' lang='grc'>14444444.</span> <span class='ocrx_word' id='word_1_887' title='bbox 965 4807 1057 4862; x_wconf 88' lang='lat' dir='ltr'>Labeo</span> <span class='ocrx_word' id='word_1_888' title='bbox 1108 4807 1302 4876; x_wconf 84' lang='lat' dir='ltr'>admitteretur,</span> <span class='ocrx_word' id='word_1_889' title='bbox 1316 4825 1395 4880; x_wconf 90' lang='lat' dir='ltr'>quam</span> <span class='ocrx_word' id='word_1_890' title='bbox 1409 4811 1433 4866; x_wconf 90' lang='lat' dir='ltr'>si</span> <span class='ocrx_word' id='word_1_891' title='bbox 1447 4825 1551 4866; x_wconf 89' lang='lat' dir='ltr'>omnem</span> <span class='ocrx_word' id='word_1_892' title='bbox 1565 4823 1695 4864; x_wconf 88' lang='lat' dir='ltr'>summam</span> <span class='ocrx_word' id='word_1_893' title='bbox 1708 4807 1833 4862; x_wconf 89' lang='lat' dir='ltr'>dedisset.</span> <span class='ocrx_word' id='word_1_894' title='bbox 1857 4823 1920 4864; x_wconf 89' lang='lat' dir='ltr'>nam</span> 
     </span>
     <span class='ocr_line' id='line_1_64' title="bbox 254 4873 1920 4946; baseline 0.004 -20"><span class='ocrx_word' id='word_1_895' title='bbox 254 4873 366 4930; x_wconf 80' lang='lat' dir='ltr'>&#39;trebatii</span> <span class='ocrx_word' id='word_1_896' title='bbox 382 4879 540 4932; x_wconf 86' lang='lat' dir='ltr'>sententiam</span> <span class='ocrx_word' id='word_1_897' title='bbox 556 4875 662 4946; x_wconf 89' lang='lat' dir='ltr'>probat,</span> <span class='ocrx_word' id='word_1_898' title='bbox 680 4875 743 4944; x_wconf 92' lang='lat' dir='ltr'>qnia</span> <span class='ocrx_word' id='word_1_899' title='bbox 759 4877 827 4932; x_wconf 91' lang='lat' dir='ltr'>baec</span> <span class='ocrx_word' id='word_1_900' title='bbox 844 4891 919 4930; x_wconf 89' lang='lat' dir='ltr'>mens</span> <span class='ocrx_word' id='word_1_901' title='bbox 933 4877 1058 4932; x_wconf 82' lang='grc'>44444444</span> <span class='ocrx_word' id='word_1_902' title='bbox 1109 4893 1170 4932; x_wconf 89' lang='lat' dir='ltr'>cnm</span> <span class='ocrx_word' id='word_1_903' title='bbox 1187 4883 1215 4934; x_wconf 89' lang='lat' dir='ltr'>et</span> <span class='ocrx_word' id='word_1_904' title='bbox 1230 4895 1323 4936; x_wconf 78' lang='lat' dir='ltr'>servus</span> <span class='ocrx_word' id='word_1_905' title='bbox 1340 4883 1500 4936; x_wconf 87' lang='lat' dir='ltr'>testamento</span> <span class='ocrx_word' id='word_1_906' title='bbox 1515 4877 1584 4932; x_wconf 89' lang='lat' dir='ltr'>liber</span> <span class='ocrx_word' id='word_1_907' title='bbox 1601 4879 1629 4930; x_wconf 91' lang='grc'>44</span> <span class='ocrx_word' id='word_1_908' title='bbox 1645 4879 1773 4944; x_wconf 84' lang='lat' dir='ltr'>exparte</span> <span class='ocrx_word' id='word_1_909' title='bbox 1789 4875 1920 4932; x_wconf 72' lang='lat' dir='ltr'>haesita</span> 
     </span>
     <span class='ocr_line' id='line_1_65' title="bbox 254 4939 1921 5020; baseline 0.002 -24"><span class='ocrx_word' id='word_1_910' title='bbox 254 4939 346 5020; x_wconf 71' lang='grc'>1414444,</span> <span class='ocrx_word' id='word_1_911' title='bbox 365 4951 394 5000; x_wconf 89' lang='grc'>44</span> <span class='ocrx_word' id='word_1_912' title='bbox 410 4961 444 5002; x_wconf 89' lang='lat' dir='ltr'>ca</span> <span class='ocrx_word' id='word_1_913' title='bbox 454 4945 570 5014; x_wconf 89' lang='lat' dir='ltr'>pecunia</span> <span class='ocrx_word' id='word_1_914' title='bbox 583 4943 612 4996; x_wconf 90' lang='lat' dir='ltr'>iu</span> <span class='ocrx_word' id='word_1_915' title='bbox 625 4949 825 4998; x_wconf 88' lang='lat' dir='ltr'>monumentum</span> <span class='ocrx_word' id='word_1_916' title='bbox 841 4951 1056 5000; x_wconf 88' lang='lat' dir='ltr'>consumeretur:</span> <span class='ocrx_word' id='word_1_917' title='bbox 1107 4947 1224 5016; x_wconf 86' lang='lat' dir='ltr'>scriptus</span> <span class='ocrx_word' id='word_1_918' title='bbox 1234 4947 1497 5014; x_wconf 87' lang='lat' dir='ltr'>esset,aiheredibus</span> <span class='ocrx_word' id='word_1_919' title='bbox 1506 4945 1597 5000; x_wconf 85' lang='lat' dir='ltr'>decem</span> <span class='ocrx_word' id='word_1_920' title='bbox 1604 4941 1728 5012; x_wconf 85' lang='lat' dir='ltr'>dedisset,</span> <span class='ocrx_word' id='word_1_921' title='bbox 1738 4943 1859 5000; x_wconf 87' lang='lat' dir='ltr'>constitit</span> <span class='ocrx_word' id='word_1_922' title='bbox 1866 4961 1921 5002; x_wconf 89' lang='lat' dir='ltr'>non</span> 
     </span>
     <span class='ocr_line' id='line_1_66' title="bbox 253 5009 1921 5094; baseline 0.004 -31"><span class='ocrx_word' id='word_1_923' title='bbox 253 5009 316 5066; x_wconf 85' lang='grc'>44444</span> <span class='ocrx_word' id='word_1_924' title='bbox 332 5017 358 5066; x_wconf 90' lang='grc'>44</span> <span class='ocrx_word' id='word_1_925' title='bbox 374 5029 422 5082; x_wconf 90' lang='lat' dir='ltr'>ego</span> <span class='ocrx_word' id='word_1_926' title='bbox 440 5019 468 5068; x_wconf 91' lang='lat' dir='ltr'>et</span> <span class='ocrx_word' id='word_1_927' title='bbox 483 5011 616 5068; x_wconf 88' lang='lat' dir='ltr'>Proculus</span> <span class='ocrx_word' id='word_1_928' title='bbox 632 5013 787 5092; x_wconf 85' lang='lat' dir='ltr'>probamus.</span> <span class='ocrx_word' id='word_1_929' title='bbox 1108 5015 1186 5072; x_wconf 89' lang='lat' dir='ltr'>aliter</span> <span class='ocrx_word' id='word_1_930' title='bbox 1199 5033 1260 5070; x_wconf 89' lang='lat' dir='ltr'>eum</span> <span class='ocrx_word' id='word_1_931' title='bbox 1273 5017 1386 5072; x_wconf 89' lang='lat' dir='ltr'>liberum</span> <span class='ocrx_word' id='word_1_932' title='bbox 1399 5013 1575 5082; x_wconf 88' lang='lat' dir='ltr'>heredemque</span> <span class='ocrx_word' id='word_1_933' title='bbox 1589 5011 1717 5078; x_wconf 80' lang='grc'>1444444444,</span> <span class='ocrx_word' id='word_1_934' title='bbox 1736 5027 1815 5094; x_wconf 82' lang='lat' dir='ltr'>quam</span> <span class='ocrx_word' id='word_1_935' title='bbox 1827 5011 1851 5068; x_wconf 91' lang='lat' dir='ltr'>si</span> <span class='ocrx_word' id='word_1_936' title='bbox 1862 5017 1921 5068; x_wconf 89' lang='lat' dir='ltr'>tota</span> 
     </span>
     <span class='ocr_line' id='line_1_67' title="bbox 284 5077 1919 5154; baseline 0.002 -20"><span class='ocrx_word' id='word_1_937' title='bbox 284 5077 319 5134; x_wconf 89' lang='grc'>41</span> <span class='ocrx_word' id='word_1_938' title='bbox 344 5081 489 5136; x_wconf 73' lang='lat' dir='ltr'>Uarianae</span> <span class='ocrx_word' id='word_1_939' title='bbox 506 5083 576 5136; x_wconf 86' lang='lat' dir='ltr'>libro</span> <span class='ocrx_word' id='word_1_940' title='bbox 599 5081 735 5152; x_wconf 78' lang='lat' dir='ltr'>trepest&#39;mo</span> <span class='ocrx_word' id='word_1_941' title='bbox 757 5083 856 5152; x_wconf 84' lang='lat' dir='ltr'>quarto</span> <span class='ocrx_word' id='word_1_942' title='bbox 881 5079 920 5136; x_wconf 84' lang='lat' dir='ltr'>ud</span> <span class='ocrx_word' id='word_1_943' title='bbox 941 5083 1056 5138; x_wconf 83' lang='lat' dir='ltr'>edictum</span> <span class='ocrx_word' id='word_1_944' title='bbox 1108 5083 1200 5140; x_wconf 87' lang='lat' dir='ltr'>decem</span> <span class='ocrx_word' id='word_1_945' title='bbox 1211 5083 1387 5154; x_wconf 88' lang='lat' dir='ltr'>coheredibus</span> <span class='ocrx_word' id='word_1_946' title='bbox 1397 5081 1520 5136; x_wconf 87' lang='lat' dir='ltr'>dedisset.</span> <span class='ocrx_word' id='word_1_947' title='bbox 1538 5079 1670 5134; x_wconf 78' lang='lat' dir='ltr'>Paucos.-</span> <span class='ocrx_word' id='word_1_948' title='bbox 1681 5081 1802 5138; x_wconf 88' lang='lat' dir='ltr'>hoc1ure</span> <span class='ocrx_word' id='word_1_949' title='bbox 1811 5081 1919 5138; x_wconf 90' lang='lat' dir='ltr'>utimur.</span> 
     </span>
     <span class='ocr_line' id='line_1_68' title="bbox 254 5143 1920 5212; baseline 0.004 -12"><span class='ocrx_word' id='word_1_950' title='bbox 254 5143 347 5212; x_wconf 85' lang='lat' dir='ltr'>Legata</span> <span class='ocrx_word' id='word_1_951' title='bbox 369 5151 418 5204; x_wconf 89' lang='lat' dir='ltr'>snb</span> <span class='ocrx_word' id='word_1_952' title='bbox 440 5149 597 5204; x_wconf 87' lang='lat' dir='ltr'>condicione</span> <span class='ocrx_word' id='word_1_953' title='bbox 617 5149 711 5204; x_wconf 85' lang='grc'>4411444</span> <span class='ocrx_word' id='word_1_954' title='bbox 728 5163 783 5202; x_wconf 87' lang='grc'>444</span> <span class='ocrx_word' id='word_1_955' title='bbox 801 5149 905 5212; x_wconf 89' lang='lat' dir='ltr'>statim,</span> <span class='ocrx_word' id='word_1_956' title='bbox 930 5149 978 5206; x_wconf 92' lang='lat' dir='ltr'>sed</span> <span class='ocrx_word' id='word_1_957' title='bbox 996 5167 1058 5206; x_wconf 89' lang='lat' dir='ltr'>cnm</span> <span class='ocrx_word' id='word_1_958' title='bbox 1142 5149 1182 5212; x_wconf 82' lang='grc'>45</span> <span class='ocrx_word' id='word_1_959' title='bbox 1201 5151 1281 5208; x_wconf 80' lang='lat' dir='ltr'>loen</span> <span class='ocrx_word' id='word_1_960' title='bbox 1292 5151 1361 5206; x_wconf 81' lang='lat' dir='ltr'>libro</span> <span class='ocrx_word' id='word_1_961' title='bbox 1375 5155 1452 5206; x_wconf 82' lang='lat' dir='ltr'>sercto</span> <span class='ocrx_word' id='word_1_962' title='bbox 1466 5149 1567 5204; x_wconf 77' lang='lat' dir='ltr'>decim</span> <span class='ocrx_word' id='word_1_963' title='bbox 1580 5147 1619 5202; x_wconf 85' lang='lat' dir='ltr'>od</span> <span class='ocrx_word' id='word_1_964' title='bbox 1629 5149 1769 5206; x_wconf 82' lang='lat' dir='ltr'>Plautiam</span> <span class='ocrx_word' id='word_1_965' title='bbox 1798 5149 1920 5206; x_wconf 88' lang='lat' dir='ltr'>Iulianos</span> 
     </span>
     <span class='ocr_line' id='line_1_69' title="bbox 254 5211 1920 5288; baseline 0.006 -24"><span class='ocrx_word' id='word_1_966' title='bbox 254 5215 367 5270; x_wconf 92' lang='lat' dir='ltr'>condicio</span> <span class='ocrx_word' id='word_1_967' title='bbox 387 5215 519 5272; x_wconf 80' lang='lat' dir='ltr'>exstiterit</span> <span class='ocrx_word' id='word_1_968' title='bbox 540 5215 630 5272; x_wconf 89' lang='lat' dir='ltr'>deberi</span> <span class='ocrx_word' id='word_1_969' title='bbox 650 5215 795 5286; x_wconf 89' lang='lat' dir='ltr'>incipiunt,</span> <span class='ocrx_word' id='word_1_970' title='bbox 818 5211 932 5286; x_wconf 88' lang='lat' dir='ltr'>ideoque</span> <span class='ocrx_word' id='word_1_971' title='bbox 952 5219 1058 5274; x_wconf 86' lang='lat' dir='ltr'>interim</span> <span class='ocrx_word' id='word_1_972' title='bbox 1108 5221 1154 5286; x_wconf 89' lang='grc'>414,</span> <span class='ocrx_word' id='word_1_973' title='bbox 1172 5221 1196 5274; x_wconf 91' lang='grc'>41</span> <span class='ocrx_word' id='word_1_974' title='bbox 1212 5219 1305 5274; x_wconf 89' lang='lat' dir='ltr'>heredi</span> <span class='ocrx_word' id='word_1_975' title='bbox 1321 5215 1479 5284; x_wconf 85' lang='lat' dir='ltr'>legatarius,</span> <span class='ocrx_word' id='word_1_976' title='bbox 1502 5215 1546 5270; x_wconf 90' lang='lat' dir='ltr'>cui</span> <span class='ocrx_word' id='word_1_977' title='bbox 1562 5215 1614 5272; x_wconf 86' lang='lat' dir='ltr'>sub</span> <span class='ocrx_word' id='word_1_978' title='bbox 1631 5217 1787 5274; x_wconf 88' lang='lat' dir='ltr'>condicione</span> <span class='ocrx_word' id='word_1_979' title='bbox 1802 5217 1920 5288; x_wconf 83' lang='lat' dir='ltr'>legatum</span> 
     </span>
     <span class='ocr_line' id='line_1_70' title="bbox 254 5275 1921 5368; baseline 0.005 -36"><span class='ocrx_word' id='word_1_980' title='bbox 254 5275 291 5332; x_wconf 82' lang='lat' dir='ltr'>del</span> <span class='ocrx_word' id='word_1_981' title='bbox 322 5283 361 5336; x_wconf 86' lang='lat' dir='ltr'>ari</span> <span class='ocrx_word' id='word_1_982' title='bbox 377 5299 431 5338; x_wconf 88' lang='lat' dir='ltr'>non</span> <span class='ocrx_word' id='word_1_983' title='bbox 446 5289 600 5352; x_wconf 81' lang='lat' dir='ltr'>potuerunt.</span> <span class='ocrx_word' id='word_1_984' title='bbox 1108 5293 1167 5344; x_wconf 86' lang='lat' dir='ltr'>erat</span> <span class='ocrx_word' id='word_1_985' title='bbox 1189 5287 1222 5342; x_wconf 88' lang='lat' dir='ltr'>‘si</span> <span class='ocrx_word' id='word_1_986' title='bbox 1244 5285 1336 5340; x_wconf 86' lang='lat' dir='ltr'>heredi</span> <span class='ocrx_word' id='word_1_987' title='bbox 1358 5285 1449 5338; x_wconf 83' lang='lat' dir='ltr'>decem</span> <span class='ocrx_word' id='word_1_988' title='bbox 1472 5281 1591 5352; x_wconf 84' lang='lat' dir='ltr'>dederit&#39;,</span> <span class='ocrx_word' id='word_1_989' title='bbox 1614 5285 1654 5354; x_wconf 88' lang='lat' dir='ltr'>id,</span> <span class='ocrx_word' id='word_1_990' title='bbox 1676 5287 1749 5368; x_wconf 83' lang='lat' dir='ltr'>quod</span> <span class='ocrx_word' id='word_1_991' title='bbox 1768 5287 1794 5342; x_wconf 84' lang='grc'>41</span> <span class='ocrx_word' id='word_1_992' title='bbox 1811 5287 1921 5342; x_wconf 82' lang='lat' dir='ltr'>deberet</span> 
     </span>
     <span class='ocr_line' id='line_1_71' title="bbox 284 5347 1921 5426; baseline 0.004 -22"><span class='ocrx_word' id='word_1_993' title='bbox 284 5347 301 5404; x_wconf 92' lang='lat'>4</span> <span class='ocrx_word' id='word_1_994' title='bbox 341 5353 510 5406; x_wconf 74' lang='lat' dir='ltr'>Anrroanos</span> <span class='ocrx_word' id='word_1_995' title='bbox 528 5353 598 5410; x_wconf 86' lang='lat' dir='ltr'>libro</span> <span class='ocrx_word' id='word_1_996' title='bbox 621 5353 740 5410; x_wconf 85' lang='lat' dir='ltr'>secondo</span> <span class='ocrx_word' id='word_1_997' title='bbox 761 5353 948 5422; x_wconf 82' lang='lat' dir='ltr'>quaestionem</span> <span class='ocrx_word' id='word_1_998' title='bbox 986 5353 1057 5410; x_wconf 85' lang='lat' dir='ltr'>Filio</span> <span class='ocrx_word' id='word_1_999' title='bbox 1108 5357 1195 5422; x_wconf 91' lang='lat' dir='ltr'>heres,</span> <span class='ocrx_word' id='word_1_1000' title='bbox 1212 5359 1324 5422; x_wconf 90' lang='lat' dir='ltr'>accepto</span> <span class='ocrx_word' id='word_1_1001' title='bbox 1341 5351 1455 5418; x_wconf 89' lang='lat' dir='ltr'>tulisset,</span> <span class='ocrx_word' id='word_1_1002' title='bbox 1475 5369 1530 5408; x_wconf 90' lang='lat' dir='ltr'>non</span> <span class='ocrx_word' id='word_1_1003' title='bbox 1547 5353 1653 5426; x_wconf 79' lang='lat' dir='ltr'>quidem</span> <span class='ocrx_word' id='word_1_1004' title='bbox 1670 5355 1754 5412; x_wconf 87' lang='grc'>444441</span> <span class='ocrx_word' id='word_1_1005' title='bbox 1771 5353 1921 5410; x_wconf 86' lang='grc'>4444141441</span> 
     </span>
     <span class='ocr_line' id='line_1_72' title="bbox 254 5413 1920 5494; baseline 0.004 -23"><span class='ocrx_word' id='word_1_1006' title='bbox 254 5413 359 5492; x_wconf 73' lang='lat' dir='ltr'>tamna</span> <span class='ocrx_word' id='word_1_1007' title='bbox 379 5419 497 5488; x_wconf 78' lang='lat' dir='ltr'>legamus</span> <span class='ocrx_word' id='word_1_1008' title='bbox 519 5425 561 5474; x_wconf 90' lang='lat' dir='ltr'>est</span> <span class='ocrx_word' id='word_1_1009' title='bbox 581 5421 632 5476; x_wconf 90' lang='lat' dir='ltr'>sub</span> <span class='ocrx_word' id='word_1_1010' title='bbox 654 5419 706 5476; x_wconf 90' lang='lat' dir='ltr'>hac</span> <span class='ocrx_word' id='word_1_1011' title='bbox 729 5419 887 5478; x_wconf 88' lang='lat' dir='ltr'>condicione</span> <span class='ocrx_word' id='word_1_1012' title='bbox 909 5421 942 5476; x_wconf 88' lang='lat' dir='ltr'>‘si</span> <span class='ocrx_word' id='word_1_1013' title='bbox 962 5421 992 5476; x_wconf 89' lang='grc'>14</span> <span class='ocrx_word' id='word_1_1014' title='bbox 1028 5437 1057 5478; x_wconf 88' lang='lat'>0-</span> <span class='ocrx_word' id='word_1_1015' title='bbox 1108 5423 1242 5494; x_wconf 88' lang='lat' dir='ltr'>paruisse,</span> <span class='ocrx_word' id='word_1_1016' title='bbox 1259 5421 1338 5490; x_wconf 89' lang='lat' dir='ltr'>qnasi</span> <span class='ocrx_word' id='word_1_1017' title='bbox 1354 5419 1470 5480; x_wconf 78' lang='lat' dir='ltr'>dederit:</span> <span class='ocrx_word' id='word_1_1018' title='bbox 1494 5421 1541 5478; x_wconf 92' lang='lat' dir='ltr'>sed</span> <span class='ocrx_word' id='word_1_1019' title='bbox 1558 5423 1635 5494; x_wconf 87' lang='lat' dir='ltr'>quasi</span> <span class='ocrx_word' id='word_1_1020' title='bbox 1651 5439 1701 5494; x_wconf 89' lang='lat' dir='ltr'>per</span> <span class='ocrx_word' id='word_1_1021' title='bbox 1716 5423 1842 5480; x_wconf 88' lang='lat' dir='ltr'>heredem</span> <span class='ocrx_word' id='word_1_1022' title='bbox 1857 5427 1920 5488; x_wconf 85' lang='lat' dir='ltr'>stet,</span> 
     </span>
     <span class='ocr_line' id='line_1_73' title="bbox 254 5439 1920 5568; baseline 0.01 -34"><span class='ocrx_word' id='word_1_1023' title='bbox 254 5485 351 5562; x_wconf 76' lang='grc'>’4444444</span> <span class='ocrx_word' id='word_1_1024' title='bbox 366 5485 450 5554; x_wconf 89' lang='lat' dir='ltr'>patris</span> <span class='ocrx_word' id='word_1_1025' title='bbox 467 5487 631 5542; x_wconf 79' lang='lat' dir='ltr'>mansisset’e</span> <span class='ocrx_word' id='word_1_1026' title='bbox 650 5489 734 5556; x_wconf 88' lang='lat' dir='ltr'>magis</span> <span class='ocrx_word' id='word_1_1027' title='bbox 750 5489 825 5558; x_wconf 90' lang='lat' dir='ltr'>patri</span> <span class='ocrx_word' id='word_1_1028' title='bbox 839 5489 957 5558; x_wconf 86' lang='lat' dir='ltr'>legatum</span> <span class='ocrx_word' id='word_1_1029' title='bbox 974 5439 1059 5546; x_wconf 71' lang='grc'>41444441</span> <span class='ocrx_word' id='word_1_1030' title='bbox 1109 5507 1161 5560; x_wconf 90' lang='lat' dir='ltr'>quo</span> <span class='ocrx_word' id='word_1_1031' title='bbox 1184 5489 1271 5542; x_wconf 89' lang='lat' dir='ltr'>minus</span> <span class='ocrx_word' id='word_1_1032' title='bbox 1293 5493 1401 5568; x_wconf 82' lang='lat' dir='ltr'>pareat,</span> <span class='ocrx_word' id='word_1_1033' title='bbox 1424 5505 1505 5560; x_wconf 87' lang='lat' dir='ltr'>posse</span> <span class='ocrx_word' id='word_1_1034' title='bbox 1520 5497 1612 5564; x_wconf 87' lang='lat' dir='ltr'>petere</span> <span class='ocrx_word' id='word_1_1035' title='bbox 1627 5491 1757 5564; x_wconf 82' lang='lat' dir='ltr'>legatum,</span> <span class='ocrx_word' id='word_1_1036' title='bbox 1778 5491 1857 5562; x_wconf 82' lang='lat' dir='ltr'>qnasi</span> <span class='ocrx_word' id='word_1_1037' title='bbox 1873 5505 1920 5548; x_wconf 80' lang='lat' dir='ltr'>cx·</span> 
     </span>
     <span class='ocr_line' id='line_1_74' title="bbox 254 5555 1352 5628; baseline 0.01 -24"><span class='ocrx_word' id='word_1_1038' title='bbox 254 5557 288 5604; x_wconf 81' lang='lat' dir='ltr'>art</span> <span class='ocrx_word' id='word_1_1039' title='bbox 303 5559 329 5608; x_wconf 89' lang='lat' dir='ltr'>et</span> <span class='ocrx_word' id='word_1_1040' title='bbox 344 5559 446 5624; x_wconf 88' lang='lat' dir='ltr'>patrem</span> <span class='ocrx_word' id='word_1_1041' title='bbox 461 5571 513 5610; x_wconf 89' lang='lat' dir='ltr'>suo</span> <span class='ocrx_word' id='word_1_1042' title='bbox 530 5557 636 5610; x_wconf 89' lang='lat' dir='ltr'>nomine</span> <span class='ocrx_word' id='word_1_1043' title='bbox 652 5555 769 5626; x_wconf 86' lang='lat' dir='ltr'>legatum</span> <span class='ocrx_word' id='word_1_1044' title='bbox 780 5561 882 5628; x_wconf 88' lang='lat' dir='ltr'>petere.</span> <span class='ocrx_word' id='word_1_1045' title='bbox 907 5557 978 5612; x_wconf 89' lang='lat' dir='ltr'>idem</span> <span class='ocrx_word' id='word_1_1046' title='bbox 990 5557 1065 5622; x_wconf 51' lang='lat' dir='ltr'>turn,</span> <span class='ocrx_word' id='word_1_1047' title='bbox 1108 5557 1205 5614; x_wconf 84' lang='lat' dir='ltr'>stiterit</span> <span class='ocrx_word' id='word_1_1048' title='bbox 1220 5555 1352 5614; x_wconf 78' lang='lat' dir='ltr'>condicio.</span> 
     </span>
    </p>
   </div>
   <div class='ocr_carea' id='block_1_3' title="bbox 254 5709 1919 5860">
    <p class='ocr_par' dir='ltr' id='par_1_3' title="bbox 254 5697 1919 5860">
     <span class='ocr_line' id='line_1_75' title="bbox 254 5709 1919 5798; baseline 0.007 -24"><span class='ocrx_word' id='word_1_1049' title='bbox 254 5709 537 5786; x_wconf 72' lang='grc'>(1,)4441444441744444</span> <span class='ocrx_word' id='word_1_1050' title='bbox 645 5727 678 5790; x_wconf 78' lang='grc'>(4)</span> <span class='ocrx_word' id='word_1_1051' title='bbox 695 5727 729 5776; x_wconf 87' lang='grc'>44</span> <span class='ocrx_word' id='word_1_1052' title='bbox 741 5743 822 5792; x_wconf 88' lang='lat' dir='ltr'>genus</span> <span class='ocrx_word' id='word_1_1053' title='bbox 836 5741 997 5794; x_wconf 86' lang='lat' dir='ltr'>personarum</span> <span class='ocrx_word' id='word_1_1054' title='bbox 1012 5725 1056 5778; x_wconf 81' lang='lat' dir='ltr'>dei</span> <span class='ocrx_word' id='word_1_1055' title='bbox 1109 5727 1141 5790; x_wconf 82' lang='grc'>(4)</span> <span class='ocrx_word' id='word_1_1056' title='bbox 1158 5725 1240 5778; x_wconf 89' lang='lat' dir='ltr'>Lucio</span> <span class='ocrx_word' id='word_1_1057' title='bbox 1255 5725 1348 5782; x_wconf 86' lang='lat' dir='ltr'>Publio</span> <span class='ocrx_word' id='word_1_1058' title='bbox 1362 5731 1487 5786; x_wconf 80' lang='grc'>1144441114</span> <span class='ocrx_word' id='word_1_1059' title='bbox 1499 5753 1547 5788; x_wconf 78' lang='grc'>444.</span> <span class='ocrx_word' id='word_1_1060' title='bbox 1676 5731 1711 5796; x_wconf 83' lang='lat' dir='ltr'>(t)</span> <span class='ocrx_word' id='word_1_1061' title='bbox 1727 5731 1919 5798; x_wconf 78' lang='lat' dir='ltr'>propcrtcccr.</span> 
     </span>
     <span class='ocr_line' id='line_1_76' title="bbox 254 5791 1282 5860; baseline 0.007 -18"><span class='ocrx_word' id='word_1_1062' title='bbox 254 5791 283 5850; x_wconf 79' lang='lat' dir='ltr'>(st</span> <span class='ocrx_word' id='word_1_1063' title='bbox 299 5791 402 5842; x_wconf 84' lang='grc'>1444411144</span> <span class='ocrx_word' id='word_1_1064' title='bbox 415 5795 460 5846; x_wconf 78' lang='lat' dir='ltr'>dei</span> <span class='ocrx_word' id='word_1_1065' title='bbox 577 5797 611 5858; x_wconf 82' lang='lat' dir='ltr'>tt)</span> <span class='ocrx_word' id='word_1_1066' title='bbox 627 5793 690 5860; x_wconf 86' lang='lat' dir='ltr'>siue]</span> <span class='ocrx_word' id='word_1_1067' title='bbox 703 5795 739 5844; x_wconf 89' lang='lat' dir='ltr'>sio</span> <span class='ocrx_word' id='word_1_1068' title='bbox 754 5797 804 5860; x_wconf 59' lang='lat' dir='ltr'>ps,</span> <span class='ocrx_word' id='word_1_1069' title='bbox 821 5793 927 5848; x_wconf 83' lang='grc'>44414414</span> <span class='ocrx_word' id='word_1_1070' title='bbox 940 5795 1056 5848; x_wconf 77' lang='grc'>4144444.</span> <span class='ocrx_word' id='word_1_1071' title='bbox 1107 5795 1282 5860; x_wconf 75' lang='grc'>(4144444144.</span> 
     </span>
    </p>
   </div>
   <div class='ocr_carea' id='block_1_4' title="bbox 0 0 2188 6258">
    <p class='ocr_par' dir='ltr' id='par_1_4' title="bbox 0 0 2188 6258">
     <span class='ocr_line' id='line_1_77' title="bbox 0 0 2188 6258; baseline 0 0"><span class='ocrx_word' id='word_1_1072' title='bbox 0 0 2188 6258; x_wconf 95' lang='lat' dir='ltr'> </span> 
     </span>
    </p>
   </div>
  </div>
 </body>
</html>
