4366 6258
1028 349 1090 432 aar
1536 303 1537 306 Ὺ
1641 339 1817 414 xxxxvr
1841 343 1907 416 as

239 573 287 616 uuo
311 569 345 610 ex
368 549 573 606 fideiussoribus
599 561 679 618 agere
707 547 780 604 volo:
811 545 861 612 ιιι,
893 543 965 616 quod
995 559 1044 612 pro
1097 547 1188 596 actum
1205 541 1293 598 minor
1309 539 1386 596 ιιιιι
1403 541 1491 592 ratum
1508 531 1641 592 habuerit.
1676 535 1705 614 et
1724 529 1848 612 ideoita
1865 549 1908 588 ca-

240 631 310 700 partc
326 621 384 676 eius
400 619 444 684 fit,
469 619 573 674 solvere
593 617 659 670 mihi
681 619 793 684 paratus
815 619 868 670 est:
893 629 948 668 non
966 611 1046 666 dehet
1096 607 1209 664 vandum
1232 609 1282 664 erit
1304 607 1482 680 praecedente
1504 603 1645 660 mandato:
1671 601 1703 656 ἰι
1724 599 1771 652 rlle
1793 615 1820 654 m
1841 607 1909 656 mte-

238 385 345 440 aaran
365 383 435 432 Risit
455 375 582 432 sinnam

240 691 297 750 nihi
318 691 347 742 in
369 703 430 742 eum
454 685 512 740 dari
537 685 673 738 iudicium.
716 683 900 750 nequeenim
930 695 1044 748 aequum
1099 677 1340 744 ‘grumrestitutus
1358 675 1566 732 fueritheresve
1585 673 1641 726 eius
1659 667 1761 750 antlia,
1780 667 1910 748 adquam

1097 749 1138 798 ‘ea
1155 761 1206 814 ras,
1226 763 1280 814 qna
1297 745 1330 800 da
1346 745 1441 814 agitur,
1460 743 1611 812 pertinebit,
1630 743 1723 812 quantu
1740 751 1772 792 ea
1789 753 1834 820 res
1847 743 1905 806 ιιι,

1097 815 1208 868 ‘tantam
1230 813 1371 884 pecuniam
1394 813 1469 868 dari’.
1511 811 1637 866 mandato
1662 825 1724 864 vero
1749 823 1804 862 non
1826 811 1909 862 mter-

1096 883 1218 936 veniente
1246 883 1398 950 vulgaribus
1426 881 1513 936 verbis
1544 879 1578 934 de
1605 885 1665 934 rato
1693 877 1816 934 habendo
1841 877 1911 932 haec

1097 965 1204 1018 quoque
1225 949 1383 1018 prudentius
1405 949 1475 1006 inter
1497 949 1694 1006 consentientes
1720 949 1908 1004 adstruentur:

1097 1019 1215 1088 alioquin
1237 1017 1260 1072 si
1283 1033 1338 1072 non
1361 1019 1500 1076 conveniat
1522 1033 1572 1074 nec
1596 1019 1713 1074 creditor
1734 1019 1822 1074 minus
1845 1033 1908 1072 con-

1099 1093 1110 1140 1
1148 1087 1260 1154 sentiat,
1288 1087 1421 1144 actionem
1443 1088 1520 1145 ιιιιι9
1546 1087 1690 1172 oportebit.
1724 1089 1822 1146 Falsus
1845 1105 1909 1160 pro-

1098 1161 1206 1212 curator
1228 1153 1260 1210 de
1282 1159 1341 1210 rato
1362 1155 1485 1214 hahendo
1510 1165 1581 1214 cavrt
1598 1163 1679 1228 atque
1696 1159 1734 1214 ita
1752 1159 1911 1216 dominusa

1098 1225 1230 1282 sententia
1255 1223 1350 1282 iudicis
1374 1231 1550 1296 procuratore
1573 1227 1642 1284 victo
1664 1231 1832 1298 provocavit:
1862 1227 1915 1286 sti-.
1962 1297 1963 1300 Ἴ

1097 1295 1241 1366 palationis
1265 1291 1395 1350 defecisse
1418 1295 1601 1352 condicionem
1624 1299 1765 1366 apparuit,
1791 1315 1851 1354 cum
1876 1297 1911 1354 ad

1097 1365 1226 1420 auxilium
1251 1379 1389 1418 commune
1412 1371 1555 1434 superatus
1581 1367 1752 1436 confugisset.
1792 1369 1863 1438 quod
1888 1369 1911 1422 si

1098 1433 1233 1504 dominus,
1259 1431 1304 1500 qui
1321 1437 1409 1486 ratum
1426 1449 1479 1488 non
1496 1435 1605 1504 habuit,
1626 1437 1768 1504 pecuniam
1785 1439 1910 1506 exegerit,

1097 1501 1236 1572 stipulatio
1264 1501 1297 1582 de
1325 1507 1383 1556 rato
1413 1501 1592 1558 committetur
1619 1505 1647 1558 in
1672 1521 1731 1560 eam
1759 1507 1909 1576 pecuniam,

1097 1587 1177 1642 quam
1206 1571 1328 1626 ιοιιιιιι
1356 1571 1473 1642 accepit,
1506 1573 1625 1642 quamvis
1652 1573 1721 1630 nihil
1750 1581 1911 1644 procurator

1097 1657 1162 1696 acce
1181 1641 1241 1696 erit.

1132 1659 1320 1766 liciatum
1335 1707 1404 1762 libro
1418 1709 1611 1764 tertiodecimo
1625 1713 1812 1780 quaestionum
1844 1711 1910 1766 Pro·

1100 1783 1209 1834 curator
1227 1777 1420 1846 quinquaginta
1433 1777 1514 1844 petit:
1533 1777 1556 1832 si
1570 1777 1691 1834 dominus
1706 1784 1812 1834 centum
1826 1785 1908 1850 petat,

1097 1847 1260 1902 tenebuntur
1280 1843 1464 1912 fideiussores,
1494 1845 1539 1914 qui
1563 1847 1595 1900 de
1619 1847 1809 1904 ratihabitione
1833 1863 1909 1902 ouve-

1097 1919 1168 1980 runt,
1186 1915 1214 1968 in
1230 1915 1422 1984 quinquaginta
1437 1919 1464 1968 et
1477 1915 1571 1984 quanti
1584 1915 1704 1970 interfuit
1718 1915 1818 1970 differri
1833 1915 1909 1984 quin·

1098 1983 1226 2052 quaginta
1244 1983 1384 2038 actionem.

1133 2049 1151 2108 5
1169 2051 1248 2104 Ises!
1264 2051 1332 2106 libro
1350 2051 1444 2120 quinio
1462 2065 1652 2122 responsorum
1687 2051 1839 2119 Respondit
1855 2067 1910 2106 non

1097 2123 1203 2174 tantum
1225 2119 1312 2174 verbis
1336 2125 1424 2172 ratum
1441 2117 1533 2172 haberi
1550 2133 1644 2188 posse,
1670 2119 1717 2172 ιιι
1735 2119 1815 2172 etiam
1832 2125 1909 2174 actu:

1098 2185 1211 2254 denique
1232 2187 1255 2242 si
1277 2203 1336 2242 eam
1358 2187 1444 2252 litem,
1467 2201 1546 2254 quam
1568 2191 1729 2254 procurator
1748 2187 1909 2252 inchoasset,

1099 2255 1221 2308 dominus
1244 2255 1421 2322 comprobans
1444 2257 1662 2322 persequeretur,
1686 2269 1741 2308 non
1760 2269 1819 2308 esse
1838 2269 1909 2306 com-

1097 2323 1206 2376 missam
1223 2321 1431 2392 stipulationem.

1133 2385 1152 2446 6
1170 2389 1428 2444 Hnenoosrvraucs
1448 2389 1515 2442 libro
1528 2389 1620 2458 primo
1643 2387 1710 2440 iuris
1733 2401 1747 2440 e
1769 2387 1909 2440 itomanam

1101 2457 1202 2510 Tutore
1225 2461 1350 2524 suspecto
1373 2457 1509 2524 postulato
1532 2455 1655 2508 defensor
1679 2453 1701 2506 si
1718 2469 1750 2506 ve
1763 2453 1783 2504 't
1799 2467 1909 2522 respon-

1099 2525 1175 2590 dere,
1194 2525 1344 2578 cautionem
1362 2527 1449 2580 ratam
1466 2539 1521 2578 rem
1539 2521 1674 2578 dominum
1691 2521 1846 2574 habiturum
1865 2535 1908 2574 ca-

1097 2607 1160 2646 vere
1178 2593 1374 2660 compellendus
1394 2599 1442 2646 est.

1134 2657 1152 2714 7
1176 2659 1295 2714 Pinnos
1321 2661 1389 2716 libro
1413 2659 1491 2712 tertio
1518 2657 1710 2710 sententiarum
1751 2655 1779 2710 si
1801 2655 1837 2722 is,
1868 2655 1911 2708 oui

1098 2727 1230 2794 ignoranti
1253 2727 1338 2794 petita
1361 2732 1402 2782 ιιι
1424 2727 1554 2780 bonorum
1577 2723 1727 2792 possessio,
1758 2723 1909 2790 decesserit,

1098 2795 1175 2848 heres
1193 2795 1335 2914 etiustintra
1350 2799 1470 2862 tempora
1484 2791 1620 2862 petitionis
1635 2797 1722 2844 ratam
1739 2807 1797 2846 eam
1811 2791 1911 2844 habere

1097 2877 1152 2914 non
1190 2875 1266 2914 ces.

1133 2875 1351 2986 speraremus
1372 2929 1439 2982 libro
1481 2929 1557 2982 uinta
1580 2927 1682 2982 decimo
1706 2925 1909 2998 stipulationum

1098 2995 1264 3050 Procurator
1286 2997 1321 3050 ad
1345 2943 1522 3050 exhibendum
1546 2995 1599 3062 egit
1622 3001 1650 3050 et
1673 2995 1840 3050 adversarius
1862 2995 1910 3048 ah-

1098 3065 1275 3126 salutasset,
1299 3063 1362 3130 quia
1385 3079 1440 3116 non
1455 3061 1624 3130 possidebat:
1649 3067 1679 3116 at
1688 3065 1708 3096 ¹⁰
1727 3079 1787 3118 cnm
1804 3079 1908 3130 posses-

1098 3131 1200 3184 sionem
1217 3129 1335 3184 eiusdem
1352 3129 1391 3184 rei
1407 3135 1521 3184 nanctus
1541 3135 1622 3194 esset,
1647 3129 1701 3198 agit
1724 3145 1784 3184 cum
1806 3145 1838 3184 eo
1862 3131 1909 3184 do·

1097 3199 1184 3252 minus
1203 3197 1237 3250 ad
1256 3197 1439 3250 exhibendum,
1475 3197 1589 3252 Sabinus
1611 3197 1648 3250 ait
1665 3197 1835 3252 fideiussores
1854 3213 1909 3250 non

1097 3265 1190 3330 teneri,
1209 3265 1334 3332 quoniam
1351 3265 1418 3318 haec
1435 3263 1488 3316 alia
1505 3279 1548 3316 res
1566 3265 1614 3318 sit:
1632 3279 1694 3318 nam
1708 3271 1734 3318 et
1750 3265 1773 3318 si
1790 3265 1910 3318 dominus

1098 3331 1208 3400 egisset,
1234 3347 1310 3396 mox,
1340 3331 1462 3386 absoluto
1488 3331 1638 3386 adversario
1663 3331 1725 3400 qnia
1748 3347 1802 3386 non
1823 3331 1908 3400 possi-

1100 3401 1186 3464 deret,
1205 3415 1238 3454 ex
1255 3399 1358 3466 integro
1376 3403 1477 3468 ageret,
1496 3415 1551 3454 non
1569 3399 1735 3454 obstaturam
1752 3399 1792 3454 rei
1807 3399 1908 3454 iudica·

1101 3475 1112 3520 l
1150 3473 1194 3520 tae
1211 3467 1401 3534 exceptionem.
1433 3465 1461 3520 Si
1478 3473 1638 3536 procurator
1655 3483 1671 3522 a
1691 3469 1810 3522 debitore
1826 3483 1908 3538 pecu·

1099 3535 1170 3588 niam
1199 3535 1314 3604 exegerit
1343 3539 1369 3588 et
1395 3535 1563 3590 satisdederit
1586 3535 1720 3590 dominum
1743 3541 1830 3590 ratam
1853 3551 1909 3590 rem

1098 3605 1236 3668 hahere¹¹,
1265 3617 1327 3656 mox
1356 3601 1478 3658 dominus
1502 3603 1535 3658 de
1556 3603 1647 3658 eadem
1670 3603 1785 3672 pecunia
1808 3603 1910 3672 agitet

1098 3671 1173 3726 litem
1194 3671 1323 3736 amiserit,
1347 3671 1473 3726 committi
1496 3671 1530 3726 sti
1550 3673 1707 3728 clationem:
1737 3679 1776 3738 et,
1800 3673 1823 3726 ιι
1845 3689 1908 3742 pro-

1100 3743 1207 3794 curator
1230 3739 1342 3794 eandem
1364 3739 1503 3808 pecuniam
1525 3689 1630 3796 dommo
1655 3739 1711 3796 sine
1742 3739 1830 3796 iudice
1856 3741 1908 3796 sol-

1099 3807 1179 3872 verit,
1208 3805 1400 3862 condicturum.
1442 3807 1488 3862 sed
1514 3823 1574 3862 cum
1598 3807 1702 3864 debitor
1724 3823 1757 3862 ex
1780 3809 1909 3878 stipulatu

1100 3889 1178 3942 agere
1196 3875 1326 3942 coeperit,
1344 3877 1435 3944 potest
1451 3875 1503 3930 dici
1520 3875 1668 3940 dominum,
1687 3877 1710 3932 si
1728 3875 1908 3932 defensionem

1099 3943 1282 4012 procuratoris
1307 3943 1447 4012 suscipiat,
1471 3961 1526 4000 nou
1548 3943 1677 4000 inutiliter
1700 3943 1754 4000 doli
1776 3943 1840 3998 mali
1863 3959 1908 3998 ex-

1100 4011 1223 4082 ceptione
1239 4009 1370 4066 adversus
1388 4011 1533 4068 debitorem
1551 4013 1597 4078 uti,
1615 4011 1677 4082 quia
1694 4013 1816 4066 naturale
1834 4011 1906 4066 debi-

1100 4085 1114 4134 2
1151 4085 1206 4132 tum
1223 4085 1320 4134 manet.
1351 4079 1379 4132 Si
1396 4079 1454 4150 quis
1472 4099 1489 4136 a
1506 4087 1680 4150 procuratore
1697 4087 1782 4136 status
1801 4085 1908 4136 contro·

1100 4147 1212 4204 versiam
1229 4147 1354 4216 patimur,
1374 4149 1438 4204 satis
1455 4151 1578 4218 accipere
1595 4149 1673 4206 dohet
1690 4165 1707 4204 a
1723 4153 1907 4218 procuratore,

1100 4231 1134 4270 ιι
1151 4217 1258 4286 impune
1276 4217 1383 4286 saepius
1400 4235 1449 4288 pro
1466 4233 1515 4274 suo
1533 4223 1606 4274 statu
1623 4219 1808 4274 conveniretur
1826 4223 1865 4284 et,
1884 4217 1908 4272 si

1100 4285 1222 4340 dominus
1245 4285 1434 4354 venientesque
1462 4289 1496 4342 ab
1525 4303 1557 4342 eo
1582 4301 1711 4358 personae
1739 4291 1827 4340 ratum
1853 4301 1908 4340 non

1099 4353 1266 4420 habuerunt,
1290 4355 1361 4424 quod
1384 4361 1544 4424 procurator
1566 4369 1626 4412 eum
1645 4355 1674 4408 in
1691 4353 1844 4408 servitutem
1860 4369 1907 4422 pe-

1100 4423 1172 4476 tierit
1187 4423 1227 4478 vel
1242 4421 1368 4478 adversus
1382 4431 1582 4492 procuratorem
1597 4439 1629 4478 ex
1646 4423 1771 4478 servitute
1785 4423 1812 4476 iu
1827 4421 1907 4476 liher-

1100 4495 1182 4546 tatem
1199 4491 1299 4560 petitus
1316 4489 1405 4556 fuerit,
1424 4493 1515 4560 quanti
1533 4507 1565 4546 ea
1581 4507 1624 4546 res
1643 4495 1690 4556 ιιι,
1709 4489 1733 4546 ιι
1747 4495 1906 4558 praestetur,

1101 4559 1203 4614 scihcet
1226 4575 1286 4612 cum
1312 4559 1344 4614 ιι
1373 4559 1495 4614 libertate
1520 4561 1577 4614 eius
1605 4559 1790 4624 construite,
1816 4557 1908 4612 idest

1100 4627 1194 4696 quanti
1209 4627 1361 4682 interfuerit
1377 4627 1433 4684 eius
1451 4627 1484 4682 de
1501 4633 1574 4684 statu
1592 4641 1639 4682 suo
1658 4641 1751 4682 rursus
1767 4641 1821 4682 uon
1835 4627 1906 4696 peri-

1102 4695 1188 4750 chtari
1209 4701 1236 4750 et
1258 4699 1368 4764 propter
1388 4695 1535 4764 impendia,
1564 4709 1632 4762 quae
1657 4695 1685 4748 ιι
1707 4693 1781 4748 litem
1798 4693 1906 4750 ἰιιιιιι

1101 4763 1149 4818 ιιι
1160 4763 1251 4818 Labeo
1270 4769 1371 4818 certam
1385 4779 1513 4818 summam
1528 4759 1800 4830 comprehendendam
1816 4763 1905 4818 ιιιιιι-

1101 4831 1199 4898 mahat,
1218 4831 1280 4900 quia
1298 4831 1445 4886 aestimatio
1462 4831 1593 4884 libertatis
1615 4829 1649 4884 ad
1666 4829 1797 4884 infinitum
1814 4837 1905 4886 exten·

1102 4899 1216 4954 deretur.
1244 4915 1277 4954 ex
1294 4915 1345 4968 quo
1364 4905 1452 4954 autem
1467 4897 1588 4952 dominus
1604 4903 1691 4954 ratum
1706 4915 1760 4954 non
1773 4899 1905 4966 habuerit,

1102 4967 1230 5022 committi
1251 4969 1354 5022 videtur
1376 4965 1524 5034 stipulatio,
1549 4965 1667 5020 sednon
1684 4971 1746 5022 ante
1763 4981 1797 5022 cx
1813 4983 1846 5024 aa
1862 4969 1907 5038 agi

1100 5035 1212 5104 poterit,
1230 5051 1310 5104 quam
1328 5035 1360 5090 de
1377 5035 1500 5088 libertate
1514 5033 1661 5086 iudicatum
1676 5033 1770 5100 fuerit,
1789 5037 1865 5104 quia,
1883 5039 1907 5092 si

1100 5119 1193 5158 servus
1211 5103 1246 5158 ιιι
1262 5101 1402 5168 iudicatus,
1420 5101 1519 5156 inutilis
1537 5099 1568 5154 fit
1584 5101 1727 5180 stipulatio,
1746 5119 1806 5158 cum
1824 5109 1857 5170 ιι,
1880 5107 1906 5160 ιι

1101 5185 1155 5238 qua
1172 5169 1207 5224 ιιι
1223 5171 1302 5236 actio,
1321 5185 1379 5224 earn
1396 5169 1501 5224 domino
1520 5167 1668 5290 adguisnse
1684 5169 1853 5240 intellegitur.

1136 5233 1155 5294 9
1183 5235 1327 5292 Uarrones
1351 5237 1419 5290 libro
1442 5251 1512 5290 nono
1537 5253 1554 5290 a
1595 5235 1740 5290 ιιιιιιιιι18
1782 5239 1866 5294 Actor
1889 5255 1905 5294 a

1100 5309 1190 5358 tutore
1210 5305 1290 5360 datus
1317 5303 1466 5358 omnimodo
1493 5307 1582 5358 cavet:
1612 5309 1687 5362 actor
1715 5305 1827 5362 ιιιιιιιιι
1855 5323 1905 5362 uec

1100 5371 1159 5440 ipse
1177 5377 1265 5438 cavet,
1287 5387 1338 5426 nec
1361 5371 1485 5440 magister
1508 5371 1699 5440 universitatis,
1724 5389 1774 5432 nec
1797 5379 1906 5428 curator

1100 5437 1179 5492 bonis
1196 5455 1329 5494 consensu
1346 5437 1507 5494 eremorum
1523 5439 1611 5494 datus.

241 767 276 816 est
293 763 339 812 aut
355 753 452 808 iudicio
466 751 593 820 destringi
611 757 658 806 sut
676 751 711 804 ad
722 749 907 804 ιιιιιιιιιοιιιι
922 749 1046 816 compelli

241 843 306 890 eum,
337 823 383 892 qui
411 821 468 874 sine
494 819 582 874 iudice
603 819 668 872 dare
694 823 806 886 paratus
830 823 884 882 est,
914 831 967 886 quo
990 831 1046 868 non

241 893 347 962 amplius
371 885 538 944 adversarius
563 885 619 940 eius
642 901 691 956 per
710 885 826 940 iudicem
848 887 882 940 ab
900 899 933 940 eo
952 899 1045 938 conse·

242 967 345 1018 tuturus
362 961 411 1012 est.

273 1025 307 1086 17
338 1025 510 1082 inauratas
540 1021 609 1078 libro
641 1027 720 1078 sento
752 1021 957 1094 sturnitationem
1002 1019 1047 1072 Ex

241 1093 354 1154 clausula
377 1107 407 1146 re
422 1091 554 1160 iudicata,
573 1091 634 1146 dolo
653 1090 737 1158 malo,
756 1091 790 1144 ob
808 1107 864 1146 rem
881 1105 937 1144 non
954 1087 1045 1144 defen·

242 1181 292 1224 sam
312 1165 341 1216 ιι
363 1159 493 1216 solidum²
521 1159 695 1214 committitur
717 1159 870 1228 stipulatio:
899 1173 954 1212 non
977 1157 1047 1212 enim

241 1231 366 1288 ridebitur
389 1227 499 1282 defensa
521 1243 564 1282 res
587 1227 651 1283 boni
668 1227 717 1282 viri
734 1227 880 1292 arbitratu,
905 1241 975 1294 quae
992 1241 1047 1282 non

241 1295 393 1356 insolidum
410 1297 520 1350 defensa
537 1297 580 1352 sit.

274 1363 309 1424 18
329 1365 409 1420 Inna
423 1365 490 1420 libro
508 1381 537 1418 se
558 1365 621 1418 timo
635 1363 864 1434 ιιιίιιιιιιίιιιιι3
892 1363 941 1418 Vir
958 1363 1046 1420 bonus

242 1451 290 1490 non
306 1433 453 1486 arbitratur
468 1381 635 1486 indeiiusam
653 1447 711 1486 esse
728 1447 797 1498 rem,
815 1433 849 1486 de
866 1447 919 1502 qua
936 1439 1046 1502 praetor

241 1501 361 1558 iudicium
378 1501 499 1570 accipere
515 1515 569 1554 non
587 1507 672 1570 cogat.

274 1565 309 1626 19
338 1567 418 1624 Inna
448 1569 515 1624 libro
544 1585 616 1624 nono
644 1569 849 1640 stipedationam
894 1569 1046 1626 Novissima

243 1635 357 1692 clausula
379 1635 526 1692 iudicatum
542 1637 610 1692 solvi
628 1639 806 1708 stipulationis
831 1639 930 1696 ‘dolum
947 1641 1046 1696 malum

243 1707 339 1762 ‘abesse
356 1705 492 1762 afuturum
511 1721 546 1760 ue
560 1705 627 1762 esse'
646 1713 672 1762 ιι
686 1705 846 1764 infuturum
862 1717 915 1764 tem
935 1725 967 1764 us
985 1725 1045 1780 per-

242 1789 346 1852 maneus
368 1773 471 1854 factum
494 1723 670 1830 demonstrat.
705 1777 796 1846 itaque
818 1783 846 1834 ιι
868 1779 890 1834 ιι
911 1729 982 1834 Forte
1000 1779 1046 1834 de·

243 1847 346 1896 cessent
366 1859 401 1908 rs,
429 1861 474 1912 qur
498 1843 560 1900 dolo
588 1843 695 1912 facerit,
719 1847 853 1902 tenebitur
875 1849 954 1900 heres
972 1847 1044 1900 eius:

242 1909 345 1964 verbum
368 1909 437 1966 enim
455 1909 654 1982 ‘afuturumque
671 1915 737 1970 esse’
761 1915 945 1984 plenissimum
962 1921 1003 1970 est
1020 1921 1047 1968 et

242 1977 273 2032 ad
290 1993 366 2032 omne
383 1985 488 2050 tempus
505 1981 629 2046 refertur,
647 1987 690 2048 ιι,
707 1981 731 2038 ιι
748 1981 837 2052 aliquo
854 1989 975 2052 tempore
992 1999 1047 2038 non

243 2045 334 2124 cluent
350 2047 441 2114 dolus,
468 2051 594 2116 quoniam
610 2065 701 2104 verum
719 2051 823 2104 sitnon
841 2049 954 2116 afuisse,
974 2067 1046 2104 com-

245 2119 254 2166 1
287 2119 407 2170 minatur
429 2115 497 2170 haec
518 2119 648 2172 clausula.
684 2119 712 2170 Si
735 2124 823 2172 autem
845 2119 980 2172 adiectum
998 2119 1044 2174 sit:

243 2183 271 2236 ‘si
286 2181 381 2236 huius⁴
398 2183 437 2238 rei
454 2185 531 2238 dolus
549 2185 635 2238 malus
653 2201 706 2240 non
724 2187 823 2252 aberit,
843 2185 936 2254 quanti
953 2201 985 2240 ea
1002 2201 1046 2240 res

243 2253 294 2316 ‘est
312 2249 371 2304 dari
389 2251 540 2320 spondesl',
559 2257 585 2306 et
603 2253 638 2308 ob
656 2253 776 2308 extranei
794 2253 884 2308 dolum
900 2255 1048 2322 promissor

243 2323 256 2374 l
287 2333 373 2386 poena
393 2319 535 2374 tenebitur.
566 2319 629 2374 Dcli
645 2325 734 2374 autem
751 2321 813 2374 mali
830 2321 963 2386 clausula,
978 2323 1048 2374 sicut

242 2383 355 2452 reliquae
377 2387 574 2456 stipulationes,
599 2387 629 2440 ia
652 2389 748 2454 quihus
770 2393 875 2456 tempus
893 2389 1047 2442 nominatim

244 2453 369 2506 adiectum
382 2469 437 2506 non
449 2459 498 2522 est,
513 2455 549 2508 ad
560 2453 718 2524 principium
731 2455 909 2524 stipulationis
922 2455 1045 2510 refertur.

274 2517 312 2578 20
334 2521 486 2576 Scaevoia
518 2521 585 2578 libro
608 2523 752 2578 uiceresimo
780 2523 945 2592 clipeatorum
981 2523 1048 2578 Oura

244 2587 310 2658 apud
328 2587 512 2658 Sempronium
528 2589 642 2644 iudicem
660 2589 753 2646 datum
773 2605 835 2644 reus
853 2589 1047 2656 defenderetur,

244 2659 274 2712 sti
291 2657 408 2712 ulatione
427 2663 534 2712 cautum
553 2663 604 2722 est,
628 2663 671 2724 ut,
690 2659 762 2728 quod
779 2659 950 2726 Sempronius
967 2659 1047 2712 iudex

243 2673 396 2806 iudicasset,
421 2731 618 2794 praestaretur:
645 2741 662 2780 a
689 2725 765 2780 ouius
792 2725 924 2780 sententia
949 2727 1047 2806 petitor

244 2793 383 2862 appellavit
405 2799 445 2860 et,
474 2809 533 2848 cum
557 2793 629 2862 apud
658 2797 851 2862 competentem
873 2793 1047 2862 appellationi

243 2863 351 2916 iudicem
371 2875 414 2914 res
433 2865 567 2928 ageretur,
593 2859 732 2916 defensore
749 2861 924 2914 condemnato
942 2861 1045 2930 quaesi-

243 2935 294 2984 tum
321 2932 374 2992 est,
401 2945 437 2982 an
462 2929 598 2998 stipulatio
625 2929 765 2982 commissa
789 2935 870 2982 esset.
910 2927 1048 2996 respondit

244 2997 384 3052 secundum
402 3013 434 3050 ea
450 3011 519 3064 quae
531 3001 745 3064 proponerentur
757 3011 811 3050 non
830 3011 888 3050 esse
902 2995 960 3050 iure
976 3011 1046 3050 corn-

244 3067 353 3120 missam.
382 3061 536 3118 Ocinarus:
553 3065 613 3118 ideo
628 3063 799 3132 stipulatione
814 3063 942 3118 adicitur:
962 3061 1047 3130 ‘quive

245 3133 277 3188 in
293 3133 348 3188 eius
366 3133 453 3186 locum
470 3133 630 3186 substitutus
649 3133 715 3184 erit'.

275 3199 311 3256 21
331 3199 411 3254 loen
425 3199 492 3254 libro
509 3199 645 3268 singulari
657 3199 842 3268 quaestionum
853 3197 963 3268 publice
978 3201 1047 3250 trae·

245 3273 357 3322 tatarum
392 3265 420 3318 st
437 3281 505 3320 unus
524 3281 557 3320 ex
578 3265 779 3320 fideiussoribus
798 3265 831 3316 ob
854 3279 910 3316 rem
929 3281 984 3318 non
1001 3265 1045 3316 ιι-

245 3337 340 3390 fensam
358 3339 503 3388 conventus
520 3335 567 3400 sit,
592 3331 686 3386 deinde
708 3337 803 3400 postea
819 3347 861 3384 res
880 3331 1046 3396 defendatur,

245 3405 309 3458 alter
322 3403 507 3456 fideiussorum
523 3403 557 3456 oh
572 3417 627 3454 rem
641 3401 784 3454 indicatam
800 3397 934 3454 conveniri
948 3403 1045 3466 potest.

245 3477 269 3526 et
284 3473 308 3526 si
323 3487 386 3526 rous
407 3469 578 3538 promittendi
596 3469 699 3522 duobus
722 3467 865 3522 heredibus
884 3467 984 3520 refictis
1001 3467 1046 3520 de·

245 3541 363 3604 cesserit,
386 3539 526 3592 ulterram
543 3553 597 3592 non
616 3535 753 3604 defendat,
776 3535 844 3588 alter
862 3533 1000 3588 defendat:
1025 3535 1047 3590 is

245 3609 286 3676 qui
314 3623 367 3662 uon
391 3603 516 3658 defendat
539 3605 573 3658 ob
595 3619 651 3658 rem
677 3619 731 3658 non
754 3601 890 3658 defensam
914 3603 1049 3658 conveniri

245 3681 336 3754 potest,
353 3673 399 3728 ille
417 3673 461 3742 qui
479 3673 605 3726 defendat
623 3673 656 3726 oh
674 3687 729 3724 rem
746 3671 905 3736 iudicatam,
924 3671 1048 3738 quoniam

244 3761 269 3796 vn
289 3743 369 3798 unius
396 3741 564 3808 eiusdemque
590 3755 704 3810 persona
731 3757 786 3794 non
809 3755 892 3820 posse
920 3739 1049 3792 committi

245 3811 290 3866 has
308 3811 375 3864 duas
393 3809 525 3862 clausulas
545 3809 662 3862 creditur
680 3813 705 3862 et
722 3823 771 3862 nos
790 3807 919 3862 ιιιιιιιιιι5
945 3823 1049 3874 semper

245 3877 393 3946 praevalere
419 3877 467 3930 rei·
484 3877 618 3930 iudicatae
648 3877 796 3930 clausulam
825 3889 936 3944 eamque
964 3877 1047 3932 solam

246 3945 378 4000 committi.

593 4153 666 4214 VIII
675 4151 695 4214 ι
807 4201 809 4206 .

246 4251 358 4304 aaran
380 4253 453 4304 ιιιι
474 4253 607 4304 mannan
629 4253 675 4304 ιι
698 4255 744 4304 ιι
767 4253 1048 4306 alemannicus.

280 4351 292 4406 1
315 4351 496 4408 Pammenes
511 4351 578 4408 libro
596 4353 738 4408 vicensimo
752 4359 845 4410 octauo
863 4355 1049 4426 quaestionum

248 4417 309 4474 Cum
326 4419 386 4486 quis
407 4421 440 4474 de
462 4425 521 4476 rato
546 4423 731 4492 stipularetur:
758 4423 877 4492 quamvis
900 4441 953 4478 non
971 4421 1048 4488 idem,

247 4487 291 4540 ιιι
308 4487 375 4540 alius
392 4501 409 4540 a
427 4489 532 4544 domino
556 4491 752 4556 conveniretur,
777 4491 821 4560 qui
846 4491 980 4546 conveniri
996 4507 1050 4546 non

246 4561 345 4622 posset,
370 4555 392 4610 si
414 4561 502 4610 ratum
525 4559 676 4624 habuisset,
701 4561 830 4614 committi
851 4559 1050 4630 stipulationem

247 4623 359 4690 placuit,
382 4623 462 4678 veluti
485 4625 524 4678 si⁷
548 4643 608 4680 cum
629 4625 770 4682 fideiussor
793 4633 840 4682 aut
863 4629 931 4684 alter
948 4645 981 4684 ex
998 4627 1049 4684 reis

247 4691 420 4758 promittendi,
439 4693 484 4762 qui
501 4693 589 4748 socius
608 4699 655 4762 est,
674 4697 837 4750 contenitur.

279 4755 297 4814 2
318 4759 399 4812 Ιιιι
419 4759 486 4812 libro
509 4759 649 4816 rendacium
667 4779 856 4832 responsorum
890 4763 922 4816 In
940 4765 1049 4834 stipula-

247 4825 316 4880 tione
334 4827 366 4882 de
383 4831 442 4882 rato
459 4827 582 4882 habendo
605 4843 659 4882 non
681 4835 723 4884 cst
740 4831 910 4900 cogitandum
932 4831 971 4886 rei
987 4849 1049 4900 pro·

248 4895 365 4948 mittendi
382 4895 423 4948 vel
439 4895 584 4974 stipulandi
602 4897 799 4966 compendium,
824 4899 870 4952 sed
889 4899 951 4966 quid
968 4899 1050 4954 inter-

248 4957 324 5080 saepit
350 4963 406 5084 ιιιῗ
437 4979 483 5032 qur
509 4961 652 5032 stipulatus
681 4969 722 5018 est
747 4969 835 5020 ratum
857 4967 951 5020 haberi
980 4967 1050 5036 quod

247 5043 288 5094 ges
302 5047 348 5086 um
365 5047 413 5086 ιι.

280 5091 298 5154 3
316 5097 395 5152 Ione
410 5099 477 5152 libro
493 5097 648 5152 duodecimo
662 5113 852 5170 responsorum
884 5101 951 5154 Oum
965 5101 1051 5156 minor

248 5163 337 5230 viginti
359 5165 475 5236 quinque
499 5165 575 5220 annis
600 5167 715 5222 creditor
737 5167 877 5234 pecuniam
900 5167 1050 5236 reciperare

248 5233 336 5302 vellat,
359 5233 531 5302 interpositus
554 5239 713 5314 procurator
735 5233 849 5288 debitori
872 5235 905 5290 de
925 5239 984 5290 rato
1001 5235 1050 5290 ha·

248 5297 331 5356 hendo
350 5301 433 5356 cavit:
452 5303 619 5356 restitutione
635 5303 664 5356 in
679 5303 811 5368 integrum
828 5299 891 5356 data
908 5317 993 5370 neque
1010 5303 1050 5356 in-

248 5365 328 5424 debiti
351 5369 563 5426 condictionem⁸
587 5387 672 5440 neque
698 5369 895 5438 stipulationem
923 5371 1051 5424 committi

250 5439 395 5512 constabat.
435 5437 557 5508 idemque
578 5439 708 5506 ιιιιιιιι,
738 5437 762 5492 si
783 5435 846 5492 falsi
867 5439 1051 5506 procuratoris

250 5613 278 5674 lt}
295 5611 316 5660 is
331 5611 379 5662 del.
389 5611 425 5662 F*
496 5611 528 5674 (ι)
547 5625 576 5660 ex
589 5605 701 5658 clausula
713 5605 744 5658 ob
757 5623 809 5656 rem
821 5621 873 5656 non
887 5605 1011 5656 defensam
1023 5621 1050 5656 re

250 5691 299 5728 non
307 5679 406 5728 defensa
413 5677 441 5728 in
449 5677 556 5728 solidum
567 5695 612 5728 scr.
688 5677 720 5740 (3)
737 5675 928 5740 stipulationum
938 5675 1051 5726 Luhittm

251 5749 280 5810 (i)
298 5747 357 5798 huie
367 5765 412 5798 scr.
482 5749 513 5810 (t)
533 5745 663 5796 didicimus
671 5755 718 5794 nan
728 5745 756 5794 ιιι
770 5743 852 5794 Wntcn

283 5819 316 5880 (t)
334 5817 463 5882 Pap.1...s.
473 5825 507 5874 ιιι
522 5815 735 5872 Ede-testeum
749 5813 909 5872 Schts-..253
923 5811 1051 5860 iacti·-

1101 5605 1166 5656 Bas.
1177 5607 1202 5668 9,
1210 5617 1232 5660 11
1299 5611 1331 5672 (l)
1348 5609 1438 5660 sisscr.
1505 5611 1539 5670 (8)
1557 5609 1746 5672 compaternitas.
1812 5603 1846 5660 (⁹)
1863 5603 1904 5650 ὅθ·

1102 5671 1242 5734 negariser.
1295 5677 1339 5738 ιιι)
1358 5679 1383 5726 ιι
1392 5677 1437 5728 del.
1448 5677 1501 5728 aad.
1546 5677 1595 5738 ¹(lt)
1612 5671 1734 5724 haberiF
1786 5671 1828 5726 (¹²)
1847 5681 1905 5716 001¹·

1101 5737 1245 5790 stitueritF
1309 5749 1351 5806 ιιι)
1369 5743 1489 5810 praetoris
1499 5743 1556 5794 add.
1566 5741 1593 5790 F
1596 5737 1607 5770 ²

1673 5881 1707 5928 ab
