4366 6258
278 333 460 424 XXXXit
707 303 708 306 Ἴ
1047 343 1134 422 *ott
1358 401 1359 404 ,
1557 351 1560 354 ''
1684 367 1749 414 rso
1772 365 1923 416 ιιιιιοιι
1967 435 1968 452 ζ

279 539 384 606 negotia
401 535 498 590 domini
514 551 607 604 ςιιιιιι
623 535 767 604 ignorantis
784 535 877 590 emerit
911 541 1001 616 ruptor
1015 551 1077 590 ean·
1127 551 1162 590 ex
1176 535 1263 658 prima
1280 549 1362 590 causa
1377 533 1522 612 possidere,
1541 529 1587 600 qui
1602 531 1722 612 precene
1740 535 1797 612 vult
1812 531 1923 586 baberet
1967 513 1968 582 Ῐ

285 613 312 658 tu
347 603 405 658 dem
422 603 569 658 utilitatem:
596 603 624 658 Si
641 619 732 658 servas
748 609 812 658 tuus
828 619 878 672 pec
909 603 957 658 'arr
973 603 1078 658 nomine
1130 607 1142 656 t
1176 603 1258 656 ‘ier
1274 603 1364 656 decem
1381 617 1474 664 servis,
1499 615 1565 670 quos
1582 615 1696 664 ememm,
1720 601 1821 668 aliquos
1838 605 1923 668 puter:

279 677 351 726 emat
362 685 423 736 rem,
442 685 521 740 quam
532 671 582 724 scit
596 669 716 736 aberam,
734 673 797 726 licet
809 677 840 724 tu
854 671 957 738 ignora
966 671 1079 724 ahenam
1128 671 1229 724 alienos
1247 673 1274 724 ιι
1289 669 1336 738 qui
1352 669 1407 724 sint
1424 667 1518 734 sciam,
1534 667 1651 736 reliquos
1668 667 1836 736 metopium:
1859 669 1923 736 quod

283 745 308 790 tt
347 753 419 802 esse,
442 743 529 792 tamen
546 753 597 790 usu
614 753 667 792 non
684 739 782 806 capies.
818 737 909 792 Celsus
926 739 1032 802 scribit,
1055 737 1080 790 si
1129 739 1298 806 dignorem,
1316 735 1362 806 qui
1379 737 1433 790 sint
1450 735 1541 800 alieni,
1559 735 1688 790 nemmem
1704 751 1851 802 usucapere
1866 751 1923 802 pos·

279 819 371 860 servus
385 819 459 856 mens
473 803 601 872 peculiari
609 805 714 860 nomine
728 805 864 874 apiscatur
878 805 1078 872 possessionem,
1122 809 1145 856 2
1180 821 1246 858 snm.
1280 805 1347 858 Post
1368 809 1480 856 mortem
1508 805 1579 868 eius,
1609 803 1655 870 qni
1675 803 1807 856 hominem
1829 803 1924 870 emerit,

280 871 308 924 id
324 871 403 924 etiam
419 871 582 940 ignorantem
599 887 641 926 me
657 887 814 940 usucapere:
836 871 906 938 quod
923 871 946 926 si
962 889 1016 926 non
1031 887 1078 940 pe·
1129 871 1234 938 expleto
1262 875 1395 940 temporo,
1426 869 1496 938 quod
1517 869 1645 924 defuisset
1671 871 1706 924 ad
1733 869 1924 938 usucapionem,

281 937 375 992 culiari
392 937 510 1002 ιοιιιίιιι,
533 953 587 992 nou
610 939 661 992 nisi
679 939 804 994 scientem
821 953 875 992 mc:
899 943 925 990 et
941 939 964 992 si
987 939 1079 992 vitiose
1131 937 1248 1006 quamvis
1274 953 1334 992 eum
1363 937 1495 992 hominem
1523 939 1600 992 heres
1631 937 1764 1006 possidere
1790 953 1845 990 non
1870 953 1925 992 coe-

281 1005 397 1072 coeperit
410 1003 553 1072 possidere,
571 1021 656 1060 meam
669 1005 790 1060 vidosam
808 1005 1098 1076 essepossessiooem
1129 1005 1225 1072 pisset,
1252 1003 1298 1058 liet
1319 1009 1409 1058 ιιιιιι
1432 1005 1502 1058 cius:
1529 1005 1630 1060 sedita
1646 1005 1710 1070 hoc,
1733 1005 1756 1060 si
1778 1019 1853 1058 nemo
1869 1019 1925 1060 ‘eum

285 1075 314 1126 12
347 1071 507 1138 Pomponius
530 1087 634 1152 quoque
651 1073 679 1126 in
695 1073 751 1134 his,
775 1087 844 1138 quae
860 1073 965 1126 nomine
982 1071 1080 1126 domini
1128 1073 1298 1140 possedisset.

282 1137 477 1206 possideantur,
501 1139 600 1192 domim
622 1141 709 1208 potius
734 1153 813 1206 quam
834 1139 903 1192 servi
918 1141 1080 1192 voluntatem
1164 1135 1342 1192 Montanus
1362 1139 1431 1192 libro
1454 1139 1678 1210 quadrupemst'mo
1702 1143 1799 1210 quarto
1817 1139 1925 1208 dipesto-
1967 1149 1968 1190 ι

281 1205 453 1272 spectandam
465 1207 514 1258 ait:
533 1207 605 1274 quod
618 1207 642 1260 si
655 1205 790 1274 peculiari,
807 1209 872 1258 tunc
886 1211 998 1258 mentem
1011 1205 1082 1260 servi
1129 1221 1189 1258 rum
1215 1205 1266 1272 Qui
1282 1205 1397 1258 hindam
1410 1221 1459 1274 pro
1478 1211 1595 1274 emptore
1612 1207 1771 1274 possidebat,
1790 1211 1925 1274 antequam

282 1271 466 1340 quaerendam.
506 1279 532 1326 et
555 1273 578 1326 si
600 1289 690 1326 servus
713 1273 783 1324 mala
805 1271 857 1324 fide
876 1271 1012 1350 possideat
1035 1287 1079 1326 ea·
1131 1273 1258 1324 diutinam
1274 1273 1468 1340 possessionem
1490 1273 1625 1340 impleret,
1643 1273 1767 1328 decessit:
1787 1273 1868 1336 servi,
1886 1277 1926 1352 qui

282 1341 349 1406 qne¹
368 1337 486 1392 dominus
503 1345 616 1394 nanctus
635 1339 682 1402 sit,
698 1343 730 1390 ut
746 1353 795 1392 sno
812 1353 918 1392 nomine
935 1339 1079 1404 possideat,
1130 1339 1158 1392 in
1182 1339 1376 1406 possessionem
1397 1339 1484 1392 relicti
1504 1339 1623 1404 merant,
1649 1339 1827 1396 discesserunt
1851 1339 1926 1392 reho-

282 1405 404 1472 adempto
419 1411 486 1472 puta
501 1405 612 1474 peculio,
632 1405 771 1460 dicendum
784 1411 832 1468 est,
849 1411 880 1458 ut
890 1405 984 1458 eadem
998 1421 1081 1460 causa
1132 1405 1251 1472 quendae
1268 1405 1325 1458 eins
1341 1407 1440 1474 gratia:
1459 1407 1607 1472 quaesitum
1623 1411 1676 1470 est,
1694 1423 1729 1460 an
1745 1405 1827 1460 nihilo
1845 1407 1925 1464 minus

282 1471 318 1526 sit
332 1473 506 1540 possessionis
524 1479 551 1528 et
566 1473 625 1528 ideo
643 1471 771 1538 usucapio
794 1471 819 1526 ei
840 1487 895 1526 non
914 1473 996 1540 magis
1018 1487 1080 1540 pro·
1130 1471 1221 1526 heredi
1242 1477 1346 1540 tempus
1363 1471 1458 1540 longae
1479 1473 1654 1540 possessionis
1670 1473 1813 1540 procedere
1835 1479 1925 1540 potest.

287 1543 317 1590 13
352 1539 436 1592 cedat.
471 1539 499 1592 Si
516 1555 606 1594 servus
623 1539 694 1594 bona
711 1537 765 1590 fide
781 1539 873 1592 emerit
907 1537 1016 1592 eenhari
1032 1555 1080 1592 no·
1131 1539 1284 1606 respondit⁸
1311 1537 1391 1592 etiam
1417 1539 1612 1610 discedentibus
1638 1541 1719 1594 servis
1748 1541 1800 1594 hoc
1828 1545 1926 1608 tempus

284 1605 365 1672 mine,
389 1621 437 1672 ego
454 1607 499 1660 ubi
515 1609 627 1674 primum
644 1605 754 1672 cognovi
771 1603 853 1660 sciam
870 1555 995 1668 alenam,
1017 1621 1080 1672 pro·
1134 1611 1146 1658 t
1181 1603 1272 1658 heredi
1292 1605 1443 1672 procedere.
1484 1605 1650 1660 Si'fundum
1673 1605 1857 1660 Cornelianum
1883 1623 1926 1674 pro

283 1687 417 1726 cessuram
451 1673 639 1742 usucapionem
671 1671 762 1726 Celsus
795 1671 844 1726 ait:
879 1671 981 1726 initium
1013 1673 1082 1726 enim
1132 1679 1250 1740 emptore
1271 1671 1350 1740 longa
1370 1671 1539 1740 possessione
1562 1673 1665 1742 capiam
1682 1679 1710 1726 et
1725 1679 1827 1740 partem
1845 1687 1878 1726 en
1893 1675 1927 1726 vi-

282 1741 456 1808 possessionis
478 1741 534 1794 sine
555 1739 618 1792 vitio
639 1737 735 1794 fuisse:
764 1739 811 1794 sed
839 1737 861 1792 si
889 1741 937 1792 co²
962 1745 1083 1808 tempore
1132 1741 1185 1794 cini
1205 1737 1288 1794 fundo
1313 1739 1485 1804 madidam,
1511 1743 1602 1792 utrum
1623 1751 1687 1794 eam
1704 1757 1809 1810 quoque
1831 1747 1927 1808 partem

282 1823 334 1874 quo
352 1807 426 1870 emit,
449 1821 607 1876 quamquam
627 1805 656 1858 id
677 1807 816 1860 bonafide
833 1805 928 1874 faciat,
952 1823 999 1874 ego
1017 1807 1080 1860 ahe·
1131 1807 1232 1876 reliquo
1249 1813 1368 1874 tempore
1384 1823 1434 1874 pro
1451 1823 1492 1860 ern
1511 1813 1569 1860 tore
1587 1807 1690 1876 capiam
1707 1823 1741 1860 an
1757 1807 1860 1876 integro
1877 1813 1926 1862 ιιι-

284 1879 315 1926 tt
348 1889 411 1928 nam
426 1891 480 1928 rem
493 1889 551 1928 esse
568 1873 658 1938 sciam,
676 1891 727 1926 usu
744 1889 786 1928 me
802 1891 857 1928 non
874 1879 1019 1942 capturum.
1046 1873 1083 1926 Et
1131 1879 1189 1928 tuto
1216 1873 1352 1942 tempore?
1391 1823 1527 1942 responili:
1560 1881 1664 1942 partes,
1694 1891 1761 1942 quae
1790 1873 1928 1942 emptionis

281 1941 305 1996 si
322 1941 393 2008 quod
413 1957 467 1994 non
482 1939 554 1994 bona
569 1939 623 1996 fide
644 1955 735 1994 servus
752 1957 826 1996 meus
845 1941 948 2004 emerit,
971 1941 999 1994 in
1016 1955 1081 2008 pac·
1127 1939 1209 1996 fundi
1220 1939 1380 2006 adiciuntur,
1394 1941 1528 2008 propriam
1542 1957 1575 1996 ac
1590 1945 1741 2008 separatam
1754 1941 1927 1996 condolerent

281 2007 379 2062 donem
401 2007 530 2062 libertatis
552 2007 616 2060 mihi
638 2005 751 2074 dederit,
779 2025 834 2062 non
855 2007 915 2062 ideo
936 2023 978 2062 me
999 2007 1083 2076 magis
1132 2009 1242 2074 habent,
1266 2013 1293 2062 et
1310 2007 1370 2062 ideo
1386 2009 1580 2074 possessionem
1597 2023 1702 2078 quoque
1719 2023 1809 2062 aarum
1826 2023 1926 2076 separa-

281 2081 484 2154 usucapturum:
509 2077 605 2130 durare
627 2077 696 2130 enirn
736 2077 828 2130 rimam
846 2091 954 2132 causam
975 2091 1082 2146 posses·
1132 2075 1180 2128 tim
1196 2075 1317 2130 ιιιιιιίιιι
1334 2081 1455 2144 oportere
1470 2081 1497 2128 et
1513 2075 1620 2144 longam
1636 2077 1830 2196 possessionem
1844 2091 1928 2134 earnm

286 2149 314 2196 tt
347 2143 429 2198 sionis
445 2141 515 2196 idem
531 2143 624 2198 Celsus
641 2143 686 2198 ait.
716 2093 750 2198 gi
767 2161 784 2198 a
800 2143 901 2214 pupillo
920 2161 1006 2198 emero
1026 2143 1083 2198 sine
1133 2147 1148 2196 2
1181 2143 1282 2212 integro
1312 2149 1413 2208 statuto
1440 2147 1492 2196 tem
1512 2159 1558 2198 ore
1583 2143 1696 2212 imperi.
1737 2143 1833 2198 Servus
1860 2159 1928 2200 meus

281 2211 376 2266 tutoris
395 2211 564 2276 auctoritate,
583 2227 660 2278 quem
677 2213 804 2280 puberem
822 2227 880 2266 esse
897 2217 999 2280 putem,
1017 2211 1085 2272 dici,
1135 2209 1206 2266 Titio
1223 2211 1368 2278 mandavit,
1392 2215 1422 2264 ut
1439 2161 1550 2264 fundum
1574 2209 1727 2280 eiemeret,
1749 2209 1825 2278 eique
1841 2225 1927 2266 mauu-

281 2293 339 2332 mus
352 2279 540 2348 usucapionem
558 2279 640 2348 sequi,
659 2291 688 2332 nt
704 2279 749 2334 hic
766 2281 826 2350 plus
845 2281 879 2334 sit
894 2281 922 2332 in
939 2295 968 2332 re
986 2281 1083 2346 qnam³
1133 2279 1213 2332 misso
1221 2279 1242 2312 ¹⁰
1259 2279 1345 2332 Titius
1362 2279 1557 2348 possessionem
1572 2277 1695 2332 tradidit:
1721 2279 1869 2346 quaesitum
1885 2285 1929 2344 ιιι,
1964 2273 1968 2352 l

280 2351 309 2400 in
325 2347 528 2402 existimatione:
553 2345 624 2414 quod
641 2347 664 2400 si
680 2347 750 2402 scias
768 2347 898 2416 pupillum
915 2363 986 2412 esse,
1004 2353 1083 2414 putes
1133 2363 1168 2400 an
1184 2347 1263 2414 longa
1279 2347 1447 2416 possessione
1465 2352 1578 2414 caperet.
1614 2345 1776 2414 responditi,
1800 2345 1823 2400 si
1845 2361 1929 2402 servos

280 2423 369 2470 tamen
385 2413 491 2482 pupillis
508 2413 589 2468 licere
605 2431 648 2468 rea
666 2429 729 2468 suas
746 2413 804 2470 sinc
820 2413 1083 2470 tutorisanctoritate
1133 2429 1208 2470 meus
1223 2413 1388 2468 mandaverit
1404 2413 1482 2480 Titio,
1501 2419 1531 2468 ut
1547 2413 1659 2468 fundum
1676 2419 1781 2478 emeret,
1799 2419 1826 2468 et
1842 2429 1929 2466 mann·
1965 2419 1967 2458 ἑ

280 2481 477 2546 administrare,
495 2497 549 2536 non
566 2481 655 2548 capies
672 2497 736 2546 usn,
759 2481 822 2550 quia
844 2481 911 2534 iuris
927 2497 1001 2536 error
1016 2479 1083 2534 nulli
1132 2481 1214 2536 misso
1239 2479 1264 2534 ci
1285 2481 1371 2536 Titius
1391 2479 1512 2536 ,fundum
1530 2481 1686 2548 tradiderit,
1716 2497 1776 2536 cum
1797 2485 1929 2548 putaret=¹¹
1963 2483 1966 2552 ιζ

283 2553 314 2602 tt
351 2547 468 2616 prodest.
502 2547 530 2602 Si
548 2563 564 2602 a
580 2547 693 2614 furioso,
711 2563 789 2616 quem
806 2553 897 2618 putem
914 2563 994 2602 sanae
1010 2563 1083 2602 men·
1133 2549 1266 2616 peculium
1283 2549 1308 2602 ei
1325 2563 1480 2602 concessum
1497 2565 1556 2604 esse
1571 2549 1614 2602 vel
1631 2549 1710 2602 etiam
1725 2563 1785 2602 cum
1800 2549 1930 2616 ignoraret
1964 2555 1966 2578 ι

280 2617 329 2680 tis,
347 2629 447 2680 emero,
470 2615 590 2668 constitit
612 2617 777 2684 ιιιιιιιιιιιι4
800 2617 921 2670 utilitatis
943 2631 1025 2670 causa
1040 2631 1083 2668 me
1152 2615 1263 2670 eonium
1276 2629 1431 2670 concessum
1448 2631 1502 2668 non
1520 2631 1586 2680 esse,
1604 2617 1685 2668 nihilo
1699 2617 1815 2668 ιιιίιιιιι12
1832 2631 1930 2670 servum

280 2699 372 2754 posse,
395 2683 512 2752 quamvis
534 2683 609 2736 nulla
626 2690 696 2737 esset
714 2683 810 2752 emptio
829 2691 855 2738 et
872 2683 930 2738 ideo
948 2699 1033 2752 neque
1051 2683 1084 2738 de
1153 2683 1236 2736 'uina
1251 2683 1420 2752 possessione
1439 2699 1546 2752 capere,
1570 2683 1633 2752 quia
1650 2689 1698 2738 aut
1714 2683 1765 2738 scit
1782 2699 1872 2738 servus
1889 2699 1930 2752 pe·
1964 2689 1966 2704 ‘

281 2751 409 2808 evictione
423 2751 492 2806 actio
509 2751 630 2806 nascitur
645 2751 709 2806 mihi
726 2767 776 2806 nec
784 2751 940 2806 Publiciana
958 2751 1084 2820 competit
1133 2749 1233 2806 culium
1253 2751 1304 2806 sibi
1326 2767 1482 2806 concessum
1505 2763 1558 2806 non
1580 2767 1638 2806 esse
1661 2755 1708 2806 aut
1724 2751 1792 2806 scire
1814 2751 1930 2806 debetet
1966 2799 1967 2802 ,

283 2825 312 2872 tv
346 2835 396 2874 neo
419 2819 537 2872 accessio
560 2819 743 2890 possessionis.
779 2819 808 2874 Si
829 2835 888 2874 eam
910 2827 980 2884 rem,
1004 2835 1083 2890 quam
1132 2835 1182 2940 per
1199 2821 1250 2874 hoc
1267 2817 1359 2874 similis
1378 2825 1419 2874 est
1436 2819 1472 2882 ei,
1497 2819 1589 2888 quise
1607 2821 1763 2874 creditorem
1780 2835 1839 2874 esse
1856 2819 1929 2874 simn-

281 2905 330 2956 pro
347 2893 464 2956 emptore
481 2887 671 2956 usucapiebas,
695 2887 789 2942 scienti
810 2887 875 2940 mihi
896 2887 1008 2942 alienam
1025 2903 1083 2942 esse
1142 2893 1178 2942 at.
1206 2887 1277 2956 quod
1294 2887 1318 2942 si
1334 2887 1425 2942 scierit
1442 2887 1526 2940 Titius
1543 2887 1677 2956 pecuhum
1693 2887 1854 2942 manumisso
1873 2903 1926 2940 con·

282 2959 312 3008 18
346 2953 507 3022 vendideris,
525 2955 699 3022 nuncapium
716 2971 776 3008 usu.
801 2955 891 3008 Etiam
908 2955 999 3010 heredi
1016 2955 1082 3010 ulte-
1134 2971 1237 3010 cessum
1260 2971 1314 3010 non
1339 2969 1411 3020 esse,
1439 2955 1539 3010 donaro
1564 2953 1655 3024 potius
1683 2971 1761 3022 quam
1790 2953 1931 3010 indebitum

279 3023 344 3078 riori
370 3021 488 3076 defuncti
517 3023 651 3090 possessio
677 3021 808 3092 proderit,
839 3023 957 3092 quamvis
981 3023 1083 3078 medius
1133 3025 1149 3076 3
1182 3021 1294 3076 fundum
1319 3021 1421 3076 solvere
1440 3021 1631 3088 intellegendus
1655 3027 1704 3078 est.
1739 3023 1769 3076 Si
1791 3027 1864 3076 tutor
1880 3037 1931 3076 rem

282 3097 313 3144 19
346 3091 423 3144 heres
439 3091 633 3158 possessionem
650 3091 707 3144 eins
722 3097 836 3144 nanctus
853 3107 906 3144 non
923 3091 965 3144 sit.
992 3091 1021 3146 Si
1037 3089 1083 3144 de·
1133 3091 1228 3160 pupilli
1245 3091 1407 3160 subripuerit
1424 3097 1450 3144 et
1466 3089 1626 3154 vendiderit,
1649 3091 1779 3158 usucapio
1801 3105 1856 3146 non
1873 3105 1931 3144 con-

279 3157 388 3214 iunctus
405 3157 476 3214 bona
493 3157 546 3212 lide
563 3157 681 3224 emerit⁵,
698 3157 872 3226 usucapiatur
890 3175 945 3226 res,
964 3159 1082 3226 quamvis
1132 3157 1222 3226 tingit,
1247 3157 1404 3226 priusquam
1425 3173 1469 3214 res
1490 3157 1519 3212 iu
1539 3163 1699 3226 potestatem
1721 3157 1816 3226 pupilli
1832 3157 1931 3212 redeat:

279 3225 356 3280 heres
380 3227 431 3280 scit
451 3225 564 3280 alienam
586 3241 651 3280 csse.
692 3227 744 3282 hoc
767 3233 795 3280 ιι
816 3227 845 3280 in
867 3227 997 3280 bonorum
1018 3243 1080 3306 pos·
1133 3241 1194 3280 nam:
1220 3231 1293 3280 tutor
1314 3227 1343 3280 in
1363 3241 1393 3280 re
1413 3225 1509 3296 pupilli
1530 3235 1594 3280 tunc
1617 3225 1716 3280 domini
1737 3226 1797 3280 loco
1814 3225 1931 3288 habetur,

280 3309 384 3350 sessore
397 3299 424 3348 ιι
438 3295 468 3348 in
483 3293 738 3362 fideicommissariis,
757 3295 852 3364 quibus
868 3311 902 3348 ex
915 3295 1082 3350 Trebelliano
1133 3309 1193 3348 cum
1209 3295 1320 3348 tuoelam
1337 3293 1516 3360 administrat,
1534 3309 1588 3348 non
1606 3309 1666 3348 cnm
1682 3293 1813 3364 pupillum
1831 3295 1930 3362 spoliat

279 3361 429 3418 restituitur
444 3361 584 3428 hereditas,
603 3361 750 3430 ceterisque
765 3361 906 3430 praetoriis
921 3363 1083 3418 successori·
1133 3367 1149 3414 t
1184 3361 1234 3430 Qui
1250 3363 1323 3416 bona
1339 3361 1392 3416 lide
1409 3361 1524 3416 alienum
1539 3361 1652 3414 fundum
1668 3361 1732 3416 emit
1748 3367 1776 3416 et
1790 3363 1931 3430 possessio·

280 3433 312 3484 20
346 3429 396 3484 bus
415 3429 581 3484 observatum
599 3435 646 3484 est.
677 3429 800 3498 Emptori
816 3435 921 3498 tempus
938 3429 1081 3484 venditoris
1133 3445 1191 3484 nem
1210 3429 1265 3484 eius
1283 3429 1385 3494 amisit,
1409 3429 1503 3484 deinde
1520 3445 1551 3484 eo
1568 3433 1687 3498 tempore
1711 3427 1931 3498 reprehendisset,

280 3501 311 3550 at
347 3497 381 3550 ad
393 3497 583 3566 usucapionem
600 3497 729 3566 procedit.
755 3497 784 3550 Si
798 3513 853 3550 rem
868 3497 1082 3552 alienamemero
1133 3513 1185 3566 qno
1209 3497 1260 3552 scit
1279 3511 1336 3550 rem
1357 3497 1471 3556 adernam
1494 3511 1564 3564 esse,
1592 3513 1646 3552 non
1671 3497 1758 3564 capiet
1775 3499 1853 3564 longo
1870 3501 1931 3550 tem·

279 3569 318 3628 et,
345 3579 405 3618 cnm
425 3579 613 3646 usucaperem,
641 3563 753 3618 eandem
779 3579 835 3618 rem
857 3565 978 3618 dominus
1001 3579 1019 3618 a
1041 3581 1083 3618 me
1131 3581 1211 3634 pore,
1235 3565 1297 3634 quia
1318 3565 1424 3618 initium
1445 3565 1576 3620 secundae
1598 3565 1773 3634 possessionis
1796 3565 1859 3618 vitio
1884 3577 1932 3618 non

280 3631 400 3700 petierit,
425 3649 480 3686 non
504 3631 670 3712 interpellari
699 3631 889 3700 usucapionem
917 3647 1003 3686 meam
1028 3631 1083 3688 litis
1133 3631 1245 3696 carebit,
1268 3647 1317 3686 nec
1340 3631 1431 3688 similis
1441 3633 1461 3666 ¹³
1485 3637 1527 3688 est
1543 3633 1579 3698 ei,
1610 3631 1655 3700 qui
1672 3631 1811 3700 emptionis
1834 3631 1932 3700 quidem
1966 3647 1967 3650 ¹

281 3699 480 3754 contestatione.
506 3699 554 3754 sed
566 3715 590 3754 s:
603 3699 658 3752 litis
673 3697 882 3754 aestimationem
899 3697 1010 3754 sufferre
1026 3715 1082 3754 ma·
1131 3703 1251 3768 temporo
1265 3705 1345 3768 putat
1361 3699 1474 3754 fundum
1490 3699 1627 3754 vendentis
1646 3715 1717 3764 esse,
1740 3699 1788 3754 sed
1805 3715 1866 3754 cum
1882 3705 1932 3752 tra-

280 3767 388 3830 lucidus,
413 3767 450 3820 ait
465 3767 585 3820 Iulianus
603 3781 711 3822 causam
734 3765 909 3832 possessionis
929 3767 1028 3820 mutari
1049 3767 1082 3832 ei,
1133 3765 1218 3832 ditur,
1245 3769 1297 3822 scit
1317 3767 1432 3820 ahenum
1455 3783 1527 3822 esse:
1558 3783 1619 3820 cum
1640 3767 1711 3822 enlm
1739 3769 1822 3820 semel
1841 3767 1933 3820 amissa

297 3833 326 3888 ui
345 3833 399 3888 litis
422 3835 630 3888 aestimationem
653 3835 801 3900 sustulerit,
824 3835 893 3888 idem
911 3851 945 3888 ue
965 3849 1037 3900 esse,
1060 3835 1083 3888 si
1133 3833 1214 3888 inerit
1235 3835 1383 3902 possessio,
1409 3835 1512 3888 initium
1535 3851 1629 3892 rursus
1653 3835 1816 3904 reciperatae
1831 3849 1932 3904 posses·

280 3851 420 3956 donnum
442 3901 477 3968 ei,
503 3901 549 3970 qui
570 3919 627 3958 rem
644 3901 751 3956 emisset
773 3917 790 3956 a
812 3919 867 3958 non
890 3851 1008 3968 domino,
1034 3901 1082 3956 do·
1133 3901 1215 3958 sionis
1236 3901 1352 3970 spectari
1380 3907 1493 3970 oportet.
1529 3919 1611 3970 quare
1634 3901 1657 3956 si
1682 3917 1713 3958 eo
1739 3907 1857 3970 tempore
1878 3901 1932 3956 red-

280 3973 384 4024 nasset:
402 3985 486 4038 eaque
503 3969 634 4026 sententia
651 3985 714 4024 vcra
731 3973 780 4024 est.
1133 3969 1256 4024 hiheatur
1272 3969 1365 4036 homo,
1390 3985 1443 4036 quo
1460 3975 1564 4038 emptor
1580 3969 1633 4026 scit
1650 3969 1764 4024 alienum
1782 3985 1851 4034 ιιιι,
1874 3985 1932 4024 usu-

254 4075 258 4080 ·
314 4033 332 4096 3
356 4037 499 4094 Uarianos
520 4039 588 4092 libro
611 4039 827 4118 septuupensimo
849 4039 942 4106 quinto
960 4037 997 4092 ad
1013 4037 1083 4092 edic·
1133 4037 1210 4108 capio
1228 4051 1282 4090 non
1301 4037 1442 4104 contingit,
1460 4037 1577 4106 quamvis
1596 4043 1738 4106 antequam
1754 4037 1892 4102 venderet,
1908 4037 1932 4090 in

280 4111 335 4160 tum
368 4103 436 4158 Litis
453 4105 602 4160 aestimatio
620 4105 712 4160 srmihs
730 4109 772 4158 est
788 4119 829 4158 em
848 4105 922 4158 tioni.
1133 4119 1165 4158 ιι
1183 4119 1263 4160 causa
1280 4103 1368 4170 fuerit,
1386 4111 1417 4158 ut
1433 4109 1601 4174 usucaperet.
1626 4105 1697 4158 idem
1713 4105 1778 4158 iuris
1795 4111 1837 4158 ιιι
1852 4105 1881 4158 in
1898 4119 1933 4168 ec,

314 4171 516 4228 41nv0tmvcs
536 4173 605 4228 titre
627 4171 744 4228 semotio
769 4189 806 4226 erc
852 4173 936 4228 laurio
969 4171 1084 4240 Emptos
1133 4171 1178 4240 qui
1201 4171 1233 4226 da
1250 4171 1333 4226 fundo
1352 4171 1470 4226 deiectus
1493 4173 1688 4240 possessionem
1705 4189 1752 4240 per
1769 4171 1933 4226 interdictum

279 4239 356 4294 fundi
377 4245 480 4306 partem
502 4239 559 4294 eins
581 4239 693 4294 aiebam
716 4253 777 4294 esse
802 4243 872 4294 noni
901 4239 1082 4308 ignoraverat:
1133 4243 1148 4294 t
1183 4239 1352 4308 reciperavit,
1377 4239 1464 4294 sciens
1481 4241 1534 4294 iam
1551 4241 1667 4294 alienun:
1684 4255 1749 4294 esse.
1785 4239 1836 4308 Qui
1852 4239 1932 4294 sciens

279 4323 436 4376 responsum
457 4313 498 4360 cst
515 4307 582 4360 nihil
599 4323 658 4362 enm
681 4323 714 4362 ex
731 4321 763 4360 eo
781 4307 863 4360 fundo
881 4309 959 4374 longa
976 4323 1082 4376 posses·
1133 4307 1197 4360 emit
1217 4309 1251 4360 ab
1273 4323 1318 4372 ιο,
1349 4323 1428 4376 quem
1454 4313 1563 4376 praetor
1583 4313 1614 4362 ut
1636 4313 1790 4378 suspectum
1815 4307 1934 4362 heroden

279 4375 353 4430 sione
370 4381 518 4444 capturum.
554 4375 626 4442 quod
645 4375 684 4430 ita
707 4391 801 4428 verum
819 4389 877 4430 esse
895 4375 1028 4438 existimo,
1048 4375 1082 4442 si,
1134 4379 1150 4430 ι
1186 4375 1341 4430 deminuere
1358 4375 1456 4438 vetuit,
1471 4429 1472 4432 ,
1486 4393 1539 4430 usu
1561 4387 1615 4430 non
1643 4375 1737 4444 capiet.
1777 4375 1934 4428 Procurator

279 4459 347 4512 quae
368 4457 432 4510 pars
455 4441 541 4496 aliena
557 4449 628 4498 esset
644 4443 672 4498 in
690 4459 722 4498 eo
739 4441 837 4508 fundo,
856 4449 958 4512 emptor
975 4443 1083 4510 ignora·
1133 4447 1196 4498 tuus
1214 4441 1237 4498 si
1253 4441 1379 4506 mudum,
1405 4459 1484 4522 quem
1501 4449 1608 4498 centum
1629 4441 1717 4498 aureis
1733 4443 1846 4498 vendere
1862 4449 1933 4510 potc-
1965 4445 1966 4448 ’

278 4515 364 4566 verat:
409 4509 462 4564 uod
485 4507 508 4564 si
531 4517 632 4564 cenum
653 4513 741 4564 locum
764 4509 940 4574 areschot,
966 4509 1082 4576 rehqua's
1132 4515 1189 4574 rat,
1213 4509 1344 4564 addixerit
1364 4509 1474 4578 triginta
1496 4511 1585 4564 aurem
1611 4509 1640 4564 in
1663 4511 1715 4564 hoc
1738 4511 1836 4574 solum,
1860 4515 1890 4562 ct
1911 4515 1934 4562 ιι

277 4583 368 4648 partes
391 4527 477 4644 qonga
502 4577 669 4644 possessione
698 4579 759 4646 capi
791 4591 870 4646 posse
898 4593 952 4632 non
980 4575 1082 4630 dubito.
1133 4575 1231 4630 damno
1253 4577 1392 4642 adficeret,
1420 4579 1558 4644 ignorante
1584 4583 1715 4646 emptore,
1745 4577 1862 4630 dubitari
1886 4591 1934 4630 nou

282 4651 292 4698 1
328 4645 401 4698 Idem
416 4645 483 4698 iuris
500 4649 553 4708 est,
575 4643 600 4698 si
615 4645 653 4712 is,
676 4645 722 4714 qui
739 4651 826 4698 totum
843 4643 953 4698 fundum
970 4645 1082 4708 emebat,
1134 4649 1253 4712 oportet,
1274 4645 1338 4712 quin
1361 4651 1465 4712 emptor
1481 4645 1559 4712 longo
1576 4649 1697 4714 tempore
1714 4659 1745 4698 ca
1764 4645 1816 4698 iat:
1834 4659 1896 4696 nam
1912 4645 1934 4696 et
1966 4695 1967 4698 ,

278 4729 327 4784 pro
344 4711 456 4768 indiviso
477 4717 580 4780 partem
597 4711 713 4780 aliquam
729 4711 843 4768 adenem
861 4727 918 4766 esse
936 4711 999 4774 scit:
1023 4727 1083 4766 eam
1134 4729 1195 4766 cum
1211 4711 1297 4766 sciens
1322 4711 1381 4780 quis
1398 4711 1514 4766 edanum
1531 4711 1644 4766 fundum
1664 4711 1741 4766 vendi
1761 4711 1781 4764 ‘t
1796 4711 1934 4780 ignoranti

278 4781 347 4834 enim
365 4779 502 4834 dummxat
524 4795 579 4834 non
596 4781 697 4848 capiet,
719 4787 868 4834 ceterarum
890 4781 1007 4848 partium
1028 4795 1083 4834 non
1133 4795 1188 4834 non
1204 4779 1417 4848 ιιιιιιιιιιιιιιιι114
1434 4779 1518 4848 longa
1530 4781 1673 4850 possessio.
1710 4781 1781 4848 qnod
1798 4783 1821 4834 si
1838 4789 1934 4848 emptor

277 4849 435 4914 impedietur
451 4847 531 4916 longa
545 4849 714 4970 ,possessione
732 4849 818 4918 capio.
1134 4863 1194 4902 cum
1209 4853 1386 4914 procuratore
1403 4847 1510 4902 collusit
1527 4853 1554 4902 et
1571 4849 1767 4970 enmdfracmio
1785 4847 1934 4922 canapini

312 4913 534 4972 5Moousrrvos
564 4915 616 4968 ‘hro
634 4915 735 4970 decimo
747 4915 947 4986 pandectarum
973 4915 1002 4968 si
1018 4929 1082 4982 rem,
1133 4931 1186 4982 quo
1208 4915 1286 4970 vilius
1307 4921 1485 4980 mercaretur,
1507 4931 1562 4968 non
1582 4915 1610 4968 in
1657 4921 1749 4984 egetur
1771 4915 1857 4970 bonae
1880 4915 1935 4968 tte:

278 4999 358 5052 quam
375 4983 425 5038 tihi
440 4981 589 5050 pigneravi‚
613 4983 771 5050 subripucro
797 4997 908 5062 eamque
925 4981 1082 5048 distraxere,
1134 4987 1239 5050 emptor
1258 4997 1308 5036 nec
1337 4983 1416 5050 longo
1439 4987 1557 5050 tempore
1587 4983 1687 5050 capiet:
1718 4989 1744 5036 et
1768 4983 1790 5036 si
1814 4981 1935 5036 adversus

278 5053 310 5104 de
332 5051 496 5118 usucapione
520 5049 669 5104 dubitatum
692 5055 746 5104 est:
772 5055 799 5104 et
820 5065 908 5104 vernus
925 5055 967 5104 ιιι
983 5049 1083 5104 utiliter
1132 5055 1268 5170 petentem
1286 5049 1421 5104 dommum
1437 5049 1478 5104 uti
1493 5049 1612 5118 coeperit
1628 5049 1815 5170 exceptionem
1837 5049 1875 5104 rei
1893 5065 1934 5104 vo·

278 5117 371 5172 cedere
386 5125 507 5186 tempora
524 5117 703 5188 usucapionis.
1062 5161 1063 5164 ,
1143 5117 1308 5172 untameius
1322 5117 1453 5182 venditae,
1471 5117 1671 5186 replicationem
1706 5115 1743 5172 oli
1758 5117 1850 5170 utilem
1866 5115 1934 5170 iutu-

311 5181 518 5242 liPonrorrrus
540 5185 609 5240 libro
630 5185 784 5254 tripertitae
807 5185 924 5238 samario
947 5185 986 5240 ad
1005 5185 1083 5242 Satt-
1133 5191 1147 5236 i
1183 5201 1241 5238 ram
1258 5201 1324 5240 esse.
1358 5185 1470 5238 Furtiva
1487 5201 1530 5240 res
1547 5201 1604 5238 non
1619 5185 1781 5252 intellegitur
1796 5185 1934 5240 redisseic

277 5269 340 5306 num
374 5253 438 5320 Qui,
463 5269 522 5308 cum
538 5269 587 5322 pro
604 5253 702 5308 herede
717 5253 760 5308 val
780 5269 831 5322 pro
848 5257 966 5320 emptore
983 5269 1081 5308 usuca·
1133 5251 1232 5308 dominu
1247 5257 1418 5322 potestatem,
1436 5251 1554 5320 quamvis
1571 5251 1721 5320 possideret
1738 5267 1804 5320 eam,
1823 5251 1845 5306 si
1862 5251 1935 5326 modo

276 5325 363 5388 peret,
386 5323 507 5388 precario
524 5321 640 5390 rogarit,
663 5335 812 5388 usucapere
828 5337 884 5374 non
899 5325 1001 5388 potest:
1019 5321 1083 5400 quid
1132 5319 1292 5398 ignoraverit
1305 5323 1462 5390 subreptam
1476 5319 1527 5374 sibi
1540 5335 1620 5374 esse:
1631 5319 1655 5374 si
1671 5319 1752 5388 igituir
1767 5335 1878 5386 servum,
1895 5331 1935 5394 qut

275 5403 356 5458 porro
377 5389 447 5444 inter
469 5405 515 5444 eas
531 5405 575 5446 res
593 5389 717 5454 interest,
739 5405 801 5442 cum
818 5389 960 5458 utrubique
978 5389 1083 5444 dcunat
1132 5389 1182 5444 nbi
1198 5389 1342 5458 subreptus
1359 5395 1431 5454 erat,
1453 5389 1585 5458 ignoranti
1601 5387 1653 5442 tibi
1668 5393 1744 5440 tunm
1761 5403 1820 5444 esse
1835 5389 1935 5458 pignori

275 5561 305 5624 (tt
323 5561 460 5626 auquel?
523 5563 556 5624 (ι)
572 5561 627 5626 ipso
641 5559 735 5612 inaF²
804 5563 836 5624 (ι)
853 5559 998 5626 plusquam
1011 5561 1040 5610 in
1055 5575 1083 5612 re
1133 5559 1438 5612 offianonooncersoas.
1517 5553 1936 5626 (11)pntareetF¹‚pntaretetF²

275 5629 309 5680 sit
323 5629 438 5682 Ouiocirs
530 5633 563 5696 (t)
581 5629 729 5682 constitutus
744 5645 832 5696 capere
845 5631 893 5694 ΙΝ,
914 5627 1028 5680 constitit
1041 5645 1083 5680 us-
1133 5629 1178 5692 (ιι)
1195 5629 1353 5680 nullomodo
1367 5647 1416 5682 scr.
1485 5629 1528 5692 (ta)
1545 5643 1593 5680 neo
1607 5629 1770 5680 dissimilisS
1836 5635 1878 5692 (14(
1895 5629 1936 5680 im·

276 5697 476 5764 capere(sic)F²
528 5701 560 5764 ta)
579 5699 638 5750 emit
648 5701 673 5750 F
674 5697 685 5728 ²
737 5705 770 5760 tot
789 5699 936 5748 donrinosF
981 5707 1013 5758 tt)
1031 5713 1083 5748 uon
1133 5697 1234 5762 peditur
1242 5719 1288 5750 scr.
1361 5699 1407 5764 (ιι)
1424 5697 1563 5764 corruperit
1571 5697 1611 5748 172
1683 5701 1727 5762 (to)
1746 5689 1938 5764 exceptionemF

278 5767 363 5818 trseF
398 5767 432 5830 (ι)
449 5767 623 5830 ιιιροιιᾱὶιεν.
662 5767 696 5824 (ι)
714 5767 938 5826 emptovioinisrr.
979 5767 1023 5822 (tot
1041 5781 1083 5828 pe-
1755 5777 1757 5782 ‘
1961 5763 1965 5784 '
