4366 6258
277 361 367 424 XXV
389 367 491 428 udi
1071 349 1137 424 332
1295 373 1326 422 si
1346 341 1498 422 vnirrsii.
1522 373 1554 420 si
1573 371 1710 418 nnuma
1733 371 1779 418 nn
1802 367 1944 418 corcus.

275 543 424 614 spiciendus
443 547 490 604 est,
508 549 535 592 et
553 539 1081 598 secundumeumetobserrariventrom
1132 539 1290 594 scmaudum
1314 541 1357 592 est
1385 535 1568 592 iusiurandum
1601 553 1652 592 uec
1687 535 1820 590 tenebitur
1845 535 1946 614 mulier,

275 617 303 664 et
337 613 423 662 artum
441 613 468 660 et
484 607 613 662 inierim
630 613 744 676 oportet.
1132 607 1209 676 quasi
1226 607 1375 660 calumniae
1393 621 1474 660 causa
1491 605 1573 658 fucrit
1595 605 1623 658 in
1641 603 1840 674 possessionem
1856 619 1945 670 missa,

310 625 497 730 {ferieres
525 675 593 728 libro
632 675 756 728 uicesimo
789 679 885 746 quarto
917 673 1080 744 digestorum
1132 689 1182 728 nec
1200 673 1237 728 ris
1256 673 1280 726 ei
1296 673 1421 728 facienda
1444 679 1485 728 est
1508 677 1571 742 post
1586 673 1782 726 iusiurandum.
1817 673 1842 726 si
1858 675 1945 726 tamen

275 741 400 796 Edictum
431 739 463 794 de
495 741 669 794 custodiendo
702 747 782 808 partu
820 741 1015 808 derogatoriuui
1040 747 1081 796 est
1132 741 1242 810 peperit,
1261 745 1403 810 quaeretur
1419 741 1530 804 veritas,
1549 757 1584 796 an
1601 757 1635 796 ex
1653 755 1685 794 so
1702 753 1833 808 praegnas
1850 739 1944 796 fuerit:

274 809 348 872 elue,
374 807 446 876 quod
470 807 506 862 ad
532 807 692 862 Carboniani
717 807 816 864 decreti
839 809 986 876 exemplum
1009 817 1080 862 coin-
1133 809 1209 862 alteri
1226 809 1296 862 enim
1312 823 1362 862 nec
1379 807 1490 876 prodest
1507 821 1556 862 neo
1573 813 1653 862 nocet
1677 807 1862 862 iusiurandum
1877 809 1946 864 inter

276 879 288 926 1
325 881 447 942 paratum
464 879 512 928 est.
547 875 600 928 Sed
621 875 674 928 hoc
696 877 836 946 aliqnando
854 877 987 930 remittere
1003 889 1080 944 prae·
1136 881 1147 928 1
1184 875 1250 930 alios
1275 875 1395 940 factum,
1420 889 1470 930 nec
1495 877 1603 944 partiii⁸
1626 875 1710 944 igitur
1734 875 1866 928 nocebit⁹.
1910 875 1946 928 Et

273 947 317 994 tor
334 941 420 1004 debet,
437 943 460 994 si
477 941 665 1006 normalitia¹‚
684 943 730 996 scd
746 943 876 1012 imperitia
891 943 1013 996 mulieris
1024 943 1080 996 iac·
1132 943 1184 996 hoc
1202 943 1318 996 edictum
1336 959 1370 996 ex
1388 942 1479 995 eadem
1494 957 1576 996 cansa
1592 943 1781 1012 proficiscitur,
1795 957 1853 1062 pua
1867 957 1946 1010 supe·

274 1013 331 1060 tum
347 1009 435 1072 fuerit,
453 1025 488 1060 ne
504 1015 596 1060 uenter
611 1009 787 1078 inspiceretur
811 1017 858 1066 aut
879 1015 974 1078 partus
992 1015 1080 1064 custo·
1132 1009 1201 1064 rius:
1220 1009 1299 1064 debet
1316 1009 1386 1062 enim
1403 1017 1525 1078 praetor,
1549 1009 1770 1078 quemadmodum
1808 1009 1883 1064 acilis
1903 1015 1947 1064 est

276 1075 384 1128 ditetur.
1133 1077 1205 1132 circa
1221 1077 1354 1132 bonorum
1371 1077 1566 1144 possessiouem
1584 1077 1700 1132 dandam
1722 1077 1825 1132 mulieri
1847 1077 1945 1134 ventris

308 1137 325 1198 3
344 1141 462 1196 Parius
486 1141 552 1196 libro
571 1147 669 1210 quarto
687 1143 788 1198 decimo
806 1143 843 1198 ari
858 1141 996 1198 Plautiam
1016 1141 1081 1210 ,oui
1133 1145 1247 1210 nomine,
1262 1143 1301 1198 ita
1316 1145 1475 1198 calumniam
1484 1145 1541 1198 eius
1556 1145 1714 1214 impunitam
1725 1145 1944 1214 nonrelinquerc.

272 1209 358 1264 ventri
375 1209 534 1264 substitutus
554 1217 594 1264 est
610 1211 669 1264 vel²
686 1213 832 1276 institutus,
851 1211 874 1264 si
890 1217 1008 1266 ventrem
1025 1225 1080 1264 ser·
1133 1217 1148 1264 2
1182 1213 1235 1266 Per
1252 1213 1412 1266 calumniam
1430 1217 1519 1266 eutem
1535 1213 1563 1264 in
1579 1213 1749 1282 possessione
1773 1213 1857 1266 finisse
1874 1211 1945 1266 ride-

272 1291 335 1330 vare
351 1279 421 1342 uelit,
440 1277 585 1330 audiendus
605 1285 652 1330 est.
1132 1285 1185 1346 tur,
1220 1295 1272 1334 nac
1289 1279 1376 1334 sciens
1393 1279 1563 1348 prudensque
1580 1295 1609 1334 se
1626 1285 1799 1348 praegnatem
1815 1295 1870 1334 non
1888 1295 1946 1334 esse

307 1341 494 1398 isoirvoir
512 1345 580 1398 libro
598 1345 720 1400 uicesimo
738 1345 901 1416 digestorum
941 1345 967 1398 Is
985 1361 1080 1414 aquo,
1133 1351 1148 1400 3
1182 1297 1266 1402 iiiiii
1281 1347 1310 1400 iii
1326 1345 1522 1416 possessionem
1539 1347 1635 1402 uenire.
1663 1347 1741 1400 Hanc
1756 1353 1845 1402 autem
1862 1347 1945 1400 actio·

273 1411 296 1466 si
314 1411 370 1464 sine
385 1411 476 1464 liberis
494 1411 659 1478 decessisset,
678 1411 804 1482 quidquid
821 1411 856 1464 ad
874 1427 934 1466 enm
952 1411 1080 1466 sirbonis
1132 1429 1192 1468 nem
1217 1419 1326 1482 praetor
1351 1415 1422 1468 intra
1451 1429 1550 1468 annum
1575 1413 1668 1468 utilem
1694 1413 1849 1482 pollicetur,
1876 1413 1947 1468 ultra

272 1479 441 1546 pervenisset,
461 1479 546 1532 sorori
563 1477 794 1534 fideicommissum
812 1479 933 1534 relictum
951 1483 1016 1544 erat,
1035 1481 1080 1534 de
1132 1487 1148 1534 4
1181 1497 1245 1546 non,
1262 1481 1384 1536 videlicet
1400 1483 1477 1550 quasi
1494 1483 1640 1550 poenalem.
1666 1481 1750 1534 Simili
1766 1487 1855 1536 autem
1868 1481 1946 1536 modo

272 1547 351 1600 cessit
373 1551 497 1616 postuma
527 1549 624 1602 herede
649 1547 771 1602 instituta
797 1553 823 1600 et
840 1547 989 1604 substitutis
1007 1547 1078 1602 aliis:
1132 1555 1158 1602 et
1175 1549 1218 1602 hic
1237 1549 1330 1618 quanti
1347 1549 1449 1618 agentis
1466 1549 1588 1604 interfuit
1611 1553 1721 1618 praetor
1738 1549 1871 1604 actionem
1888 1549 1947 1618 pol·

289 1615 421 1668 uaesitum
448 1619 504 1678 est,
532 1631 686 1670 cum-uxor
711 1613 830 1668 defuncti
855 1621 1026 1684 praegnatem
1051 1629 1080 1670 se
1131 1621 1146 1668 5
1181 1615 1284 1670 licetur.
1312 1615 1344 1670 In
1377 1621 1496 1670 arentem
1513 1615 1592 1670 etiam
1609 1621 1719 1684 praetor
1737 1617 1871 1672 achonem
1887 1615 1946 1684 pol-

272 1629 351 1746 iicat
370 1697 405 1734 aii
416 1681 501 1734 sorori
518 1683 717 1752 procuratoriis
734 1681 789 1734 eius
804 1681 950 1736 secundum
966 1681 1080 1738 formam
1130 1683 1239 1748 licetur,
1265 1683 1288 1738 si
1310 1633 1389 1738 mogo
1412 1693 1461 1752 per
1484 1699 1544 1738 eum
1560 1683 1663 1738 factum
1681 1685 1729 1748 sit,
1748 1685 1823 1738 utin
1840 1699 1946 1752 posses-

271 1749 351 1804 edicti
375 1753 493 1804 ventrem
518 1751 650 1820 inspicere
676 1755 702 1804 et
728 1753 834 1816 partum
861 1749 994 1804 custodire
1019 1765 1079 1818 per·
1132 1755 1148 1804 6
1183 1753 1284 1806 sionem
1300 1765 1349 1820 per
1373 1753 1533 1806 calumniam
1555 1751 1665 1804 ueniret.
1707 1751 1844 1820 Competit,
1858 1755 1947 1806 autem

270 1815 426 1870 mittendum
449 1817 492 1870 sit.
518 1819 644 1888 respondi
666 1817 696 1870 in
719 1817 846 1870 eiusmodi
862 1817 958 1938 specie,
977 1817 1011 1870 de
1028 1831 1081 1886 qus
1130 1819 1197 1872 liaeo
1215 1819 1285 1874 actio
1304 1819 1337 1884 ei,
1355 1819 1431 1874 ouius
1447 1819 1569 1874 interfuit
1585 1819 1614 1872 iu
1628 1819 1824 1888 possessiouem
1838 1817 1947 1874 missam

288 1891 448 1950 uaereretur,
465 1901 546 1954 posse
559 1885 641 1938 rideri
659 1885 695 1936 od
713 1885 776 1948 eius,
793 1885 868 1938 cniii
887 1885 1080 1940 eicommissum
1130 1901 1186 1940 non
1204 1901 1277 1942 esse:
1301 1891 1332 1940 ut
1349 1891 1416 1956 puta
1432 1887 1473 1940 rel
1496 1885 1620 1942 coheredi
1637 1887 1757 1954 speranti
1773 1891 1889 1956 partum,
1906 1887 1947 1942 vel

271 1901 362 2006 iatum
387 1957 472 2018 esset,
503 1951 708 2008 sollicitudinem
740 1953 970 2020 perspiciendum³
1000 1951 1080 2022 idque
1130 1953 1184 2008 sii⁰
1200 1953 1248 2022 qui
1264 1955 1425 2010 substitutus
1443 1953 1503 2020 fnit,
1519 1955 1562 2008 vel
1578 1955 1625 2024 qui
1638 1955 1673 2008 ali
1691 1955 1827 2020 intestato,
1844 1955 1868 2010 si
1884 1969 1947 2024 par·

269 2035 354 2074 ‘causa
371 2021 477 2092 cognita
494 2019 675 2076 statuendum.
1131 2025 1146 2074 i
1181 2027 1225 2074 tus
1243 2037 1298 2076 non
1314 2021 1418 2088 fuisset,
1433 2023 1577 2076 succedere
1589 2021 1685 2092 potuit.
1707 2023 1843 2076 ,Interesse
1859 2027 1947 2076 sutem

1130 2089 1236 2142 videtur
1251 2089 1366 2160 primum
1384 2089 1418 2144 de
1434 2089 1580 2154 alimentis,
1605 2105 1674 2158 quae
1696 2089 1725 2142 in
1748 2095 1866 2146 renuam
1883 2095 1947 2144 sunt

1132 2161 1266 2226 erogatas·
1280 2173 1332 2212 nec
1355 2157 1425 2212 enim
1450 2157 1516 2212 alias
1542 2157 1611 2212 haec
1627 2161 1800 2226 repetuntur,
1826 2157 1878 2212 nisi
1900 2171 1946 2226 per

651 2227 705 2286 Vi.
1131 2223 1292 2280 calumniam
1307 2225 1336 2278 in
1352 2225 1548 2294 possessionem
1564 2227 1649 2278 venitz
1669 2229 1787 2278 ceterum
1801 2225 1824 2278 si
1841 2239 1883 2278 res
1902 2239 1946 2278 ca-

270 2327 471 2378 sisennius
495 2325 630 2374 roiiiiin
654 2327 811 2376 munieris
835 2327 873 2376 ir
890 2327 1079 2376 Possessio·
1130 2293 1237 2348 lamnia
1256 2297 1347 2359 enei,
1373 2293 1439 2346 nihii
1463 2293 1611 2362 praestitit
1637 2293 1743 2358 mulier,
1768 2293 1866 2362 iiuoe¹¹
1889 2293 1947 2346 ine

269 2395 345 2446 NEM
362 2395 462 2444 MISSA
480 2395 600 2442 EADEM
618 2393 796 2444 Posshssio
815 2395 905 2444 DOLO
923 2393 1017 2444 ΜΟ
1034 2389 1079 2444 ΑΒ
1131 2365 1147 2416 8
1182 2375 1266 2416 causa
1283 2361 1339 2416 alta
1357 2367 1398 2416 est
1415 2361 1464 2416 sub
1481 2365 1624 2430 praetextu
1646 2361 1755 2416 ventris.
1805 2359 1946 2414 Nonnum-

306 2559 321 2618 i
347 2559 491 2616 Uiriiiius
513 2559 581 2616 libro
614 2559 749 2632 trigesimo
775 2563 873 2628 quarto
904 2561 942 2614 aii
966 2561 1098 2624 cilicium,
1132 2565 1189 2620 eius
1207 2565 1252 2644 qui
1271 2565 1394 2620 exdusus
1412 2571 1453 2620 est
1469 2565 1584 2620 muriam
1598 2565 1670 2620 hano
1686 2563 1818 2620 actionem
1826 2563 1947 2620 Iulianus

269 2629 329 2684 Hoc
347 2629 433 2684 edicto
450 2629 597 2682 rectissime
619 2635 728 2708 praetor
749 2629 894 2698 prospexit,
912 2645 954 2692 ne,
973 2629 1036 2682 duni
1052 2629 1079 2682 in
1131 2631 1176 2698 ait,
1195 2631 1325 2702 siquidem
1343 2631 1399 2686 eius
1416 2647 1522 2714 quoque
1538 2633 1659 2686 interfuit
1675 2649 1731 2688 nou
1748 2633 1831 2686 fuisse
1845 2633 1945 2686 calum

269 2695 387 2752 fauorem
403 2701 495 2764 partus
513 2711 710 2764 possessionem
754 2695 900 2762 olliceatur,
926 2695 984 2752 aliis
1002 2711 1079 2766 prae-
1130 2701 1192 2754 niae
1210 2715 1293 2754 causa
1317 2701 1346 2754 iii
1391 2715 1539 2756 assessione
1564 2701 1739 2766 nullaene,
1765 2701 1828 2770 quis
1853 2701 1947 2754 ficosi

272 2769 283 2818 1
320 2765 370 2818 due
383 2765 550 2820 occasionem
563 2763 707 2834 praebeat:
725 2713 828 2844 'licimo
845 2765 981 2820 constituit
995 2765 1078 2818 actio·
1130 2783 1185 2822 non
1210 2767 1314 2836 fuisset,
1377 2767 1464 2822 cundo
1490 2767 1665 2832 hereditatem
1689 2769 1828 2822 institutus
1855 2767 1947 2822 heredi

269 2847 330 2888 nem
345 2833 375 2886 iii
391 2833 540 2898 mulierem,
566 2847 636 2902 quae
652 2833 681 2886 iii
698 2833 780 2888 alium
796 2833 867 2888 hanc
884 2833 1080 2902 possessionem
1131 2851 1179 2892 suo
1197 2835 1398 2906 locupletiorem
1415 2835 1590 2890 hereditatem
1608 2851 1685 2890 suam
1701 2837 1870 2906 relinqueret.
1899 2835 1947 2892 sed

270 2901 330 2956 dolo
349 2903 419 2956 malo
437 2901 580 2966 transtulit.
616 2917 672 2956 non
698 2902 784 2956 solum
809 2901 945 2956 mulierem
971 2907 1080 2970 praetor
1132 2911 1158 2960 et
1175 2905 1227 2960 boc
1244 2905 1392 2974 imputatur
1409 2905 1520 2970 mulieri,
1539 2905 1611 2974 quod
1628 2905 1765 2958 deminuto
1783 2909 1846 2958 sunt
1862 2907 1947 2960 multa

271 2973 388 3034 coercet,
414 2985 505 3022 verum
530 2985 591 3022 eum
616 2983 721 3038 quoque
746 2971 774 3022 in
797 2971 873 3024 cuius
897 2975 1032 3038 potestate
1049 2985 1080 3024 ea
1130 2973 1331 3038 iiberalitate,
1358 2973 1422 3026 dum
1446 2971 1490 3026 hic
1517 2973 1742 3040 contemplatione
1766 2971 1866 3026 ventiis
1892 2989 1946 3028 non

269 3037 358 3104 fuerit,
377 3037 477 3092 scilicet
494 3037 518 3092 si
535 3037 595 3092 dolo
613 3037 732 3106 ipsorum
749 3037 816 3092 alius
839 3037 867 3090 in
884 3037 1080 3106 possessionem
1131 3045 1147 3094 9
1181 3041 1270 3164 ”stifft
1286 3039 1468 3096 hereditatem.
1504 3041 1579 3094 Idem
1604 3041 1724 3094 Iulianus
1748 3039 1815 3094 libro
1844 3039 1944 3096 decimo

269 3103 351 3160 fuerit
368 3105 506 3172 admissus,
524 3107 708 3176 actionemque
725 3107 752 3160 in
769 3111 873 3160 tantum
896 3105 1037 3174 pollicetur
1052 3105 1080 3160 in
1132 3125 1202 3166 nono
1247 3115 1383 3178 gestorum
1400 3109 1440 3162 sic
1457 3107 1508 3162 ait:
1526 3109 1551 3164 si
1568 3109 1728 3164 substitutus
1745 3115 1869 3164 manento
1886 3125 1944 3164 mn-

270 3177 285 3228 2
321 3189 376 3240 eos,
393 3175 486 3244 quanti
501 3175 651 3230 interfuerit
669 3175 725 3230 eius
743 3175 788 3244 qui
805 3175 948 3244 experitur.
980 3173 1080 3228 Neres·
1130 3177 1411 3248 liereinpossessione
1419 3177 1570 3244 decesserit,
1585 3177 1664 3232 lieres
1673 3177 1730 3232 eius
1739 3177 1831 3232 eadem
1840 3177 1946 3232 actione

269 3241 340 3322 sarip
358 3247 465 3310 praetor
483 3241 586 3308 adiecit,
601 3249 639 3308 ut,
656 3243 702 3312 qui
718 3259 766 3312 per
779 3243 869 3298 dolum
886 3241 957 3298 ierit
973 3243 1001 3296 iii
1018 3257 1080 3312 pos·
1133 3251 1164 3304 10
1197 3247 1312 3368 gedum
1336 3245 1493 3300 hereditatis
1519 3261 1536 3300 a
1561 3247 1671 3300 muliere
1697 3245 1791 3326 exiget.
1835 3245 1887 3300 Sed
1910 3261 1945 3298 an

270 3325 422 3376 sessionem,
441 3315 550 3378 cogatur
568 3311 708 3366 decedere:
740 3317 816 3380 coget
839 3315 928 3364 autem
951 3325 1012 3364 eum
1034 3309 1080 3364 de·
1131 3313 1196 3368 dece
1231 3319 1262 3368 nt
1278 3313 1367 3394 legata
1390 3319 1532 3382 ceteraque
1555 3329 1638 3368 onera
1658 3313 1828 3380 hereditatis,
1854 3313 1944 3368 uiden·

272 3377 364 3432 cedere
377 3395 432 3432 non
446 3379 580 3448 praetoria
593 3385 729 3448 potestate
742 3381 783 3434 rel
797 3397 877 3434 manu
891 3379 1080 3444 ministrorum,
1132 3379 1202 3436 duni.
1229 3387 1257 3436 et
1281 3381 1346 3436 mihi
1370 3381 1475 3436 ridetm
1498 3397 1578 3452 poste
1604 3381 1656 3436 dici
1688 3381 1830 3452 legatarios
1855 3381 1945 3452 potius

270 3445 318 3502 sed
334 3447 426 3502 mebus
446 3451 472 3502 et
490 3447 589 3502 ciuilius
612 3447 708 3514 faciet,
728 3449 750 3502 si
768 3463 828 3502 eum
845 3463 894 3518 per
911 3447 1080 3502 interdictum
1132 3465 1192 3506 oum
1209 3449 1319 3504 muliere
1332 3465 1430 3504 usuros
1444 3451 1496 3504 bac
1511 3451 1625 3516 actione,
1643 3451 1707 3520 quia
1725 3457 1752 3506 et
1768 3451 1887 3520 ipsorum
1904 3451 1944 3504 in-

272 3517 287 3568 3
322 3515 357 3568 ad
373 3517 414 3570 iiis
432 3517 594 3570 ordinarium
611 3517 750 3570 remiserit.
785 3517 900 3572 interest
917 3523 1007 3570 antem
1025 3517 1080 3570 eius
1133 3523 1161 3572 11
1187 3517 1563 3574 -terfuitadiribereditatem,
1580 3517 1836 3590 Libertati¹⁴plane
1849 3519 1944 3574 subre-

269 3583 317 3706 pff
385 3583 467 3638 eritur
494 3585 636 3640 admissum
662 3585 744 3638 alium
768 3585 797 3638 in
814 3583 1009 3654 possessionem
1026 3599 1080 3638 non
1125 3585 1255 3640 siendum
1274 3585 1324 3640 crit
1340 3585 1466 3642 aduersus
1484 3601 1558 3652 eum,
1582 3587 1628 3708 gui
1643 3591 1755 3662 propter
1771 3587 1944 3642 hereditatem

302 3649 360 3718 sse,
379 3667 440 3706 cum
460 3651 531 3706 forte
552 3653 624 3708 bona
650 3653 702 3706 fide
724 3653 828 3706 fructui
852 3657 992 3720 perceptos
1017 3667 1080 3706 con·
1130 3655 1183 3708 liac
1201 3655 1307 3708 actione
1325 3655 1385 3724 egit,
1403 3655 1504 3710 scilicet
1520 3655 1582 3710 otii
1601 3655 1821 3710 eicommissaiias
1834 3661 1944 3724 cogatur

270 3719 425 3788 sumpserit,
449 3725 496 3772 aut
518 3719 542 3772 si
558 3719 657 3788 praedo
675 3721 777 3774 uenerit
798 3721 825 3772 iii
843 3721 1046 3790 possessionem,
1063 3735 1081 3772 a
1130 3721 1154 3776 is
1171 3727 1322 3790 praestare,
1348 3721 1395 3790 qui
1417 3723 1534 3802 pretium
1550 3723 1644 3790 utique
1668 3721 1748 3776 etiam
1765 3739 1857 3778 eorum
1880 3739 1944 3778 con-

271 3801 323 3856 quo
340 3785 444 3840 fructus
463 3787 589 3856 consequi
607 3803 661 3840 nori
678 3787 775 3856 possit,
800 3787 862 3856 quia
883 3787 1008 3842 solvendo
1026 3803 1080 3842 non
1132 3787 1264 3858 sequitur:
1289 3787 1382 3844 sedet
1398 3789 1505 3844 directis
1523 3787 1603 3844 credo
1621 3795 1771 3856 praetorem
1787 3805 1944 3846 succurrere

271 3859 288 3910 i
322 3859 369 3908 est.
404 3853 478 3908 Haec
496 3855 565 3910 actio
584 3855 664 3908 etiam
681 3861 743 3924 post
760 3871 860 3910 aunum
878 3855 992 3920 dabitur,
1019 3855 1081 3926 qnia
1131 3861 1262 3926 oportere,
1279 3861 1311 3910 ut
1326 3857 1476 3912 interventu
1493 3871 1543 3910 suo
1561 3861 1670 3910 tueatur
1684 3859 1941 3914 eorumlibertatem.

271 3925 285 3976 5
320 3923 360 3976 rei
377 3923 459 3976 habet
475 3925 695 3992 persecutionem.
734 3923 771 3976 Et
793 3925 816 3980 si
839 3923 894 3976 filia
914 3923 1029 3978 familias
1046 3923 1081 3976 sit
1133 3929 1164 3978 11
1186 3923 1228 3978 'Si
1250 3925 1327 3980 dolus
1350 3925 1421 3980 filiae
1446 3925 1562 3980 familias
1579 3925 1750 3980 intervenerit
1767 3931 1794 3982 et
1809 3927 1943 3996 particeps

271 4005 339 4060 qnae
356 3991 416 4046 dolo
433 3991 512 4058 fecit,
536 3991 564 4044 in
580 3997 685 4060 patrem
703 3991 810 4047 dabitur
827 3991 906 4058 actio,
926 3991 948 4046 si
966 3991 1029 4060 quid
1046 3991 1080 4046 ad
1132 3991 1187 4048 doli
1202 3991 1284 4048 fuant
1299 3997 1386 4064 pater,
1404 4009 1453 4048 suo
1470 3993 1577 4048 nominc
1593 3995 1734 4048 tenebitur.

272 4075 330 4114 cnm
368 4061 503 4114 errauerit.

305 4123 324 4184 2
347 4077 468 4182 inuios
496 4129 564 4184 libro
590 4129 727 4198 trigesimo
758 4129 870 4198 septimo
903 4127 940 4182 coi
965 4129 1090 4190 ediciam,
1274 4165 1275 4168 η

270 4195 339 4250 Dolo
356 4193 423 4250 fecit
439 4197 540 4260 mulier,
557 4211 612 4250 non
629 4195 742 4264 quaein
761 4195 957 4264 possessionem
973 4197 1079 4252 venien·
1351 4237 1352 4240 1
1494 4199 1587 4260 (11111,

271 4267 323 4318 tem
340 4279 395 4318 non
411 4265 543 4332 probibet,
561 4261 608 4318 sed
626 4279 694 4330 quae
713 4263 944 4318 circumscribendi
967 4265 1079 4318 alicuius
1400 4301 1446 4350 DE
1466 4297 1668 4350 concumbis

272 4347 354 4386 causa
380 4333 448 4388 clam
474 4339 500 4386 ot
516 4347 564 4402 per
582 4331 716 4400 quandam
733 4333 954 4386 machinationem
971 4333 999 4386 iii
1016 4349 1077 4402 pos·
1670 4339 1677 4352 '

275 4405 285 4454 i
322 4399 464 4456 sessionem
474 4399 636 4472 introducat.
664 4399 693 4454 Si
708 4405 734 4454 et
750 4399 834 4468 patris
852 4405 879 4454 et
895 4401 1079 4456 iiliaefectiim
1166 4399 1181 4456 1
1212 4397 1358 4454 orminos
1381 4399 1449 4456 libro
1474 4399 1591 4454 secondo
1617 4399 1655 4452 ud
1679 4399 1764 4480 legem
1791 4399 1891 4452 iulium
1917 4407 1942 4452 ci

272 4473 403 4536 arguetur,
420 4469 449 4522 iu
472 4469 583 4522 alterum
618 4483 680 4522 uem
698 4473 773 4522 actor
789 4467 852 4520 velit
875 4467 1011 4526 reddenda
1038 4474 1080 4522 est
1131 4465 1246 4546 Pupium
1264 4465 1347 4546 'Quae
1364 4467 1582 4546 inconoubiuatn
1596 4465 1942 4546 astabmii'topotrouoli

272 4537 351 4592 actio.
378 4537 440 4606 qnia
456 4537 484 4588 in
500 4535 528 4590 id
546 4485 618 4606 quoi
643 4537 745 4604 agentis
771 4535 881 4590 interest
899 4535 990 4600 datur,
1008 4537 1077 4602 ideo,
1130 4539 1227 4614 poterit
1245 4535 1383 4588 discedere
1400 4541 1427 4588 et
1444 4536 1521 4589 alteri
1538 4549 1568 4588 se
1585 4537 1677 4588 autin
1687 4539 1883 4588 matrimomum
1895 4537 1942 4588 aut

272 4603 294 4660 si
310 4603 338 4658 id
355 4605 426 4674 quod
444 4605 467 4658 ei
485 4605 561 4658 abest
578 4605 612 4658 ab
631 4619 662 4660 eo
687 4603 732 4672 qui
747 4603 777 4656 in
792 4607 942 4672 potestate⁵
966 4609 1006 4660 est
1023 4619 1078 4660 ser·
1128 4619 1157 4656 in
1175 4603 1383 4656 concubinatum
1401 4603 1484 4658 dare?
1507 4617 1554 4682 ego
1572 4601 1678 4672 quidem
1694 4603 1780 4672 probo
1796 4601 1826 4656 in
1843 4617 1941 4656 concu-

271 4673 327 4726 rari
344 4675 437 4742 possit,
453 4677 558 4742 praeter
572 4679 694 4742 sumptus
711 4671 765 4726 litis
781 4687 862 4724 causa
878 4671 965 4726 iactos
977 4673 1078 4726 inutilis
1131 4671 1194 4726 bina
1211 4669 1381 4724 adimendum
1398 4671 1422 4726 ei
1439 4671 1596 4736 conubium,
1621 4669 1644 4724 si
1666 4675 1809 4738 patronum
1831 4669 1941 4724 inuitum

272 4741 321 4794 erit
338 4741 362 4794 ei
379 4741 445 4794 baec
463 4741 541 4794 actio.
1129 4737 1248 4804 deserat,
1272 4739 1371 4816 quippe
1394 4753 1454 4792 cuni
1475 4737 1613 4792 honestius
1635 4735 1671 4792 sit
1687 4741 1800 4806 patrono
1818 4737 1941 4792 libertum

927 4837 932 4842 -
1133 4811 1144 4858 1
1181 4807 1358 4860 concubinam
1376 4821 1455 4874 quani
1471 4811 1584 4860 matrem
1599 4805 1713 4860 familias
1731 4807 1838 4858 habere.
1874 4805 1942 4878 llum

1130 4873 1255 4930 Atilicino
1281 4873 1368 4928 sentio
1394 4879 1422 4928 et
1446 4879 1512 4942 puto
1538 4873 1610 4928 solas
1635 4887 1682 4928 eas
1707 4873 1736 4926 iii
1760 4873 1941 4928 concubinatu

641 4945 710 5006 vii.
1130 4941 1260 4996 haberc¹⁷
1281 4955 1362 5010 posse
1385 4939 1442 4994 sine
1457 4947 1531 4996 metu
1549 4939 1673 5006 caminis,
1690 4941 1719 4994 in
1736 4955 1801 5008 quas
1820 4945 1941 5008 stuprum

275 5047 306 5096 ⁵¹
323 5043 1078 5164 Mltdtibllitsthlhsetthim
1130 5007 1632 5144 ttltttbhittaitrtts
1651 5007 1803 5146 iiiiii
1814 5007 1941 5130 iiiii

1131 5143 1203 5198 teriis
1220 5143 1314 5206 teneri,
1332 5143 1459 5212 quamvis,
1477 5143 1500 5198 si
1516 5159 1628 5198 uxorem
1646 5159 1704 5198 sani
1721 5143 1848 5208 duxisset,
1866 5149 1939 5200 tene-

311 5211 326 5270 i
359 5211 502 5268 Uirriiiir's
524 5213 591 5266 libro
617 5213 754 5282 trigesimo
780 5215 876 5282 quarto
904 5209 942 5264 od
965 5209 1079 5266 edictum
1130 5215 1145 5264 3
1179 5215 1261 5266 retur.
1289 5209 1318 5264 Si
1334 5211 1547 5280 quainpatroui
1556 5209 1609 5266 fuit
1622 5211 1809 5278 concubinatu,
1820 5211 1939 5268 deindc¹⁰

275 5279 303 5332 Si
320 5281 352 5336 de
389 5281 537 5334 essessione
558 5281 657 5332 ventris
681 5281 786 5334 nomine
803 5283 946 5346 quaeratur
964 5283 990 5332 et
1007 5277 1078 5332 deie-
1129 5277 1176 5332 filii
1194 5293 1252 5332 esse
1270 5279 1358 5346 coepit
1373 5279 1415 5332 rel
1431 5281 1459 5332 iri
1476 5281 1595 5348 nepotis,
1613 5281 1653 5334 rel
1672 5285 1779 5344 contra,
1801 5295 1857 5334 non
1872 5287 1938 5350 puto

275 5353 348 5402 rente
369 5299 470 5404 irerede
494 5349 588 5402 mulier
612 5347 738 5402 iuraverit
762 5353 933 5416 praegnatem
959 5361 987 5400 se
1013 5361 1077 5412 esse,
1130 5361 1189 5398 eam
1205 5353 1278 5400 recte
1295 5343 1392 5410 facere,
1411 5347 1473 5416 quia
1489 5347 1604 5418 propc¹⁹
1621 5347 1724 5402 nefaria
1736 5353 1776 5402 est
1790 5347 1938 5404 huiusmodi

275 5515 306 5582 (1)
324 5515 450 5566 militiaF
479 5517 510 5578 (1)
530 5521 737 5570 cumvcntrei'os.
779 5521 809 5582 (3)
828 5519 1014 5584 respiciendum
1024 5517 1079 5568 deit.
1131 5515 1327 5566 hereditariam
1382 5525 1383 5528 ’
1776 5559 1777 5562 ,

311 5585 342 5644 (1)
361 5581 461 5632 Sub·
473 5585 538 5636 Bos.
549 5587 612 5648 31,8
684 5589 716 5648 tt)
734 5585 923 5650 possessiones
1166 5587 1209 5648 (15)
1226 5585 1303 5636 Edi.
1314 5595 1343 5646 1,·
1361 5583 1421 5634 Sao.
1432 5593 1459 5646 3,·
1477 5583 1601 5650 Papae-t.
1620 5611 1650 5622 “-
1667 5587 1731 5638 Biia
1742 5589 1782 5652 60,
1791 5599 1827 5644 31.
1844 5617 1879 5628 -
1899 5587 1935 5654 Os.

310 5653 342 5716 (t)
360 5647 420 5700 sai.
440 5677 472 5686 -
490 5653 554 5702 Bos.
564 5655 627 5716 31‚s
711 5657 741 5718 (1)
760 5653 837 5704 fuisse
848 5653 1080 5704 dioscoritarum.
1135 5653 1192 5704 dod.
1203 5655 1227 5716 5,
1237 5663 1264 5704 16
1325 5652 1370 5716 (16)
1388 5653 1502 5704 numius.
1572 5653 1616 5718 (11)
1633 5653 1785 5708 baberiedd.
1854 5655 1935 5724 (1⁸)in

275 5721 308 5784 (8)
328 5717 437 5786 pertuli*
483 5719 516 5782 (9)
534 5721 691 5772 nocebitdel.
744 5723 788 5784 110)
807 5723 840 5784 si]
850 5721 906 5772 ieF
953 5721 1085 5784 (11)(111111Ὗ
1113 5721 1248 5772 -iiiaHriL
1317 5721 1362 5784 (lt)
1381 5721 1502 5786 propoF

275 5791 319 5852 (12)
338 5787 468 5836 moriei'iis·
557 5789 598 5844 (13)
617 5789 755 5840 mnliereF
837 5791 880 5852 (11)
899 5791 1023 5840 libertatis
1033 5785 1080 5850 Fi,
