4366 6258
262 375 305 424 nn
328 371 560 420 sanvrrurrsus
583 371 834 418 rnunnnness.
955 397 956 400 =
1058 349 1114 422 113

260 539 339 596 reluti
355 539 377 590 si
395 553 489 606 aquam
508 538 586 590 alicui
606 535 719 590 dedere¹
737 537 832 592 ducere
848 553 901 592 non
920 537 1059 604 expediret,

260 607 339 664 nihilo
363 605 450 658 minus
474 603 597 658 constitui
625 619 656 658 ea
678 605 788 658 servitus
812 607 908 674 possit:
934 603 1061 672 quaedam

261 675 326 730 euim
349 673 462 726 debere2
484 673 583 724 habere
607 689 761 740 possumus,
791 673 909 742 quamvis
933 687 965 726 ea
985 673 1061 726 nobis

260 743 333 796 utilia
350 757 403 794 non
422 745 491 794 sunt.

294 805 517 866 terrenarum
539 805 606 860 libro
632 809 724 876 quirico
748 825 785 862 roc
799 807 993 876 posterioribus
1009 807 1061 860 Lc-

261 877 351 934 bcom's
384 875 510 942 Quotiens
527 875 570 928 ria
590 881 636 928 aut
659 877 777 944 aliquid³
800 879 841 928 ius
864 873 940 928 fundi
963 889 1060 928 emere·

260 955 315 1008 tur,
342 943 486 996 cavendum
509 949 587 1012 putat
612 957 669 996 esse
686 943 776 996 Labeo
800 947 896 1010 perte
919 957 973 994 uon
995 941 1059 1006 fieri,

261 1027 311 1084 quo
329 1011 416 1064 minus
436 1027 465 1064 eo
488 1009 546 1064 iure
569 1011 607 1064 uti
632 1011 729 1078 possit,
755 1011 816 1078 quia
839 1009 912 1060 nulla
935 1009 1061 1062 eiusmodi

260 1081 323 1138 iuris
341 1093 426 1132 vacua
444 1079 550 1132 traditio
569 1085 646 1132 esset.
675 1093 721 1144 ego
746 1081 810 1144 puto
828 1091 906 1130 usum
925 1075 979 1130 eius
997 1077 1060 1132 iuris

260 1165 307 1222 pro
330 1147 473 1198 traditione
496 1147 671 1214 possessionis
696 1143 877 1212 accipiendum
907 1159 965 1198 esse
987 1143 1059 1198 ideo-

261 1229 309 1288 que
328 1219 354 1268 et
370 1213 509 1268 interdicta
531 1211 611 1266 veluti
635 1213 801 1282 possessorio
824 1211 968 1268 constituta
990 1217 1059 1266 sunt.

632 1351 689 1412 11⁴.

266 1455 311 1504 DE
330 1451 573 1504 SERVITUTIBUS
591 1453 814 1502 PRAEDIORUM
830 1453 1045 1504 URBANORUM.

293 1549 307 1610 1
329 1551 447 1608 Paucos
467 1555 534 1608 libro
558 1555 699 1608 uicensimo
716 1553 810 1624 primo
833 1555 999 1610 adadremon
1034 1555 1061 1610 si

259 1621 404 1678 intercedat
429 1623 513 1678 solum
539 1623 673 1690 publicum
699 1629 738 1676 vel
763 1621 805 1674 via
827 1623 949 1692 publica,
976 1639 1061 1692 neque

258 1691 356 1746 itineris
380 1695 487 1744 actusve
511 1707 596 1760 neque
618 1693 697 1744 altius
719 1691 829 1744 tollendi
852 1691 990 1746 servitutes
1012 1693 1060 1746 irn-

278 1759 344 1810 edit:
368 1759 414 1812 sed
437 1759 594 1812 immittendi
610 1759 765 1828 protegendi
790 1759 975 1828 prohibenda,
999 1761 1062 1814 item

258 1777 395 1882 dominum
413 1831 440 1880 et
462 1827 652 1880 stillicidiorum
677 1827 828 1882 servitutem
851 1827 975 1896 impedit,
1000 1829 1062 1896 quia

259 1893 367 1960 caelum,
386 1895 457 1962 quod
475 1911 555 1962 supra
572 1895 600 1948 id
614 1897 699 1950 solum
712 1895 859 1960 intercedit,
879 1897 989 1950 liberum
1005 1911 1062 1948 esse

260 1967 270 2014 1
307 1963 393 2016 debet.
429 1963 456 2016 Si
473 1979 538 2016 usus
556 1963 657 2016 fructus
675 1969 737 2016 tuus
756 1963 803 2028 sit,
822 1963 926 2016 aedium
943 1963 1060 2032 proprie-

257 2035 297 2082 tas
314 2045 381 2094 mea,
400 2047 468 2098 quae
486 2047 566 2084 onera
584 2031 660 2084 vieini
674 2031 804 2084 sustinere
820 2031 942 2096 debeant,
959 2047 1060 2084 mecum

257 2097 284 2152 in
300 2097 413 2152 solidum
431 2099 472 2166 agi
489 2103 585 2166 potest,
604 2105 690 2152 tecum
708 2099 780 2152 nullo
798 2101 885 2152 modo.

291 2161 309 2220 2
329 2165 421 2220 Gerus
436 2167 503 2220 libro
518 2169 628 2236 septimo
643 2167 680 2220 cri
693 2167 804 2222 edictum
816 2167 986 2238 provinciale
1010 2167 1059 2220 Ur-

257 2233 387 2286 banorum
404 2233 572 2302 praediorum
590 2235 648 2288 iura
665 2235 730 2288 talia
748 2239 823 2288 suut:
849 2235 929 2288 altius
952 2235 1060 2286 tollendi

258 2307 284 2354 et
306 2301 441 2356 officiendi
463 2303 623 2356 luminibusi
645 2303 724 2356 vieini
747 2307 793 2356 aut
817 2319 870 2356 non
900 2301 1059 2356 extollendi:

256 2369 317 2422 item
335 2371 493 2424 stillicidium
512 2371 644 2424 avertendi
661 2371 688 2422 in
706 2377 804 2424 tectum
823 2371 863 2424 vel
881 2387 969 2424 aream
983 2371 1059 2424 vicini

257 2443 303 2490 ant
319 2455 373 2492 non
391 2439 538 2492 avertendi:
563 2439 625 2492 item
647 2439 804 2492 immittendi
826 2441 900 2508 tigna
922 2439 950 2492 in
974 2439 1060 2506 parie-

256 2511 308 2558 tem
326 2507 404 2560 vieini
422 2511 447 2560 et
466 2507 578 2576 denique
594 2505 739 2576 proiciendi
756 2507 942 2576 protegendive
959 2515 1059 2560 cetera-

257 2587 306 2642 que
323 2575 381 2628 istis
399 2575 500 2628 similia.

290 2637 307 2698 3
332 2641 477 2696 Uarrones
506 2643 574 2696 libro
605 2643 746 2698 uicensimo
772 2659 843 2696 nono
870 2641 907 2696 ort
932 2641 1060 2696 Sohircom

256 2707 305 2760 Est
323 2709 432 2764 ethaeo
450 2709 570 2774 servitus,
588 2725 622 2764 ne
638 2709 792 2778 prospectui
809 2707 950 2764 officiatur.

290 2773 445 2832 iPrenos
465 2777 533 2830 libro
557 2779 672 2830 secundo
690 2779 884 2832 institutionum
918 2777 1061 2830 huminum

257 2843 299 2898 ini
317 2845 443 2898 servitute
461 2845 604 2898 constituta
620 2845 647 2898 id
665 2845 824 2914 adquisitum
841 2845 958 2910 videtur,
976 2851 1006 2898 ut
1022 2845 1059 2898 vi·

257 2911 330 2964 cinus
356 2911 456 2964 lumina
480 2919 573 2966 nostra
599 2913 726 2980 excipiat:
754 2929 813 2966 cum
837 2917 926 2966 autem
949 2913 1059 2966 servitus

257 2977 407 3046 imponitur,
422 2995 454 3032 ne
468 2981 611 3034 luminibus
620 2979 762 3046 officiatur,
778 2981 831 3034 hoo
845 2981 957 3032 maxime
971 2981 1060 3048 adepti

257 3047 387 3112 ridemur,
410 3063 444 3100 ne
465 3049 507 3100 ius
531 3049 566 3100 sit
588 3049 672 3100 vicino
691 3049 777 3100 invitis
797 3049 873 3100 nobis
891 3047 970 3100 altius
989 3049 1060 3100 aedi-

256 3113 336 3194 ficare
362 3121 441 3184 atque
467 3115 505 3168 ita
530 3115 647 3168 minuere
672 3115 773 3168 lumina
795 3127 948 3168 nostrorum
970 3115 1059 3170 aediti-

257 3199 363 3238 crorum.

290 3249 307 3306 5
332 3251 475 3306 Uarianos
491 3251 558 3304 libro
575 3253 686 3320 septimo
704 3251 805 3304 desitne
824 3249 861 3304 cd
878 3249 990 3304 edictum
1016 3251 1059 3304 In-

256 3319 336 3372 vitum
359 3323 447 3372 sutem
471 3319 498 3370 in
521 3319 690 3372 servitutibus
714 3319 835 3388 accipere
859 3319 984 3372 debemus
1007 3333 1059 3370 non

257 3401 315 3440 eum
351 3385 379 3438 ui
404 3391 495 3438 contra
520 3385 597 3448 dicit,
622 3385 668 3438 sed
692 3401 752 3440 eum
777 3385 822 3454 qui
844 3403 897 3440 non
922 3385 1058 3438 consentit.

255 3453 312 3508 ideo
331 3403 491 3520 dompouius
509 3451 576 3506 libro
595 3453 814 3520 quadragensimo
834 3457 859 3506 et
882 3453 1010 3506 infantem
1034 3457 1060 3506 et

254 3521 384 3574 furiosum
401 3521 516 3576 invitos⁸
532 3525 604 3574 recte
629 3521 680 3574 dici
702 3521 753 3574 ait:
777 3537 831 3574 non
856 3521 924 3574 enirn
947 3519 982 3574 ad
1003 3519 1060 3574 iac·

254 3595 319 3654 tum,
338 3589 385 3642 sed
403 3587 437 3640 ad
454 3589 495 3640 ius
513 3589 645 3642 servitutis
662 3589 729 3642 haee
746 3589 827 3642 verha
843 3587 1001 3640 referuntur.

289 3655 306 3714 6
328 3655 492 3712 Garuslibro
501 3657 613 3726 septimo
623 3655 659 3710 ori
666 3655 780 3712 edictum
784 3655 955 3726 provinciale
986 3657 1060 3710 Haec

254 3731 342 3780 autem
359 3725 417 3778 iura
436 3725 554 3778 similiter
575 3731 606 3778 ut
628 3725 787 3778 rusticorum
812 3739 917 3794 qnoque
938 3723 1060 3792 praedio·

254 3811 311 3848 rum
329 3799 402 3848 certo
425 3799 544 3862 tempore
567 3809 620 3844 non
643 3793 742 3844 utendo
766 3799 891 3862 pereunt:
916 3793 966 3844 nisi
990 3791 1060 3860 quod

254 3861 320 3916 haec
338 3859 520 3916 dissimilitudo
539 3865 593 3924 est,
617 3859 688 3928 qnod
711 3877 765 3914 non
782 3859 930 3912 omnimodo
949 3865 1061 3928 pereunt

254 3945 306 3982 non
324 3927 431 3994 utendo,
450 3927 495 3982 sed
513 3927 559 3990 ita,
579 3927 601 3980 si
619 3929 720 3982 vicinus
737 3927 814 3982 simul
831 3925 979 3980 libertatem
996 3943 1059 3980 usu-

255 3997 350 4066 capiat.
378 3997 458 4050 velrvti
477 3995 499 4050 si
518 3995 595 4048 aedes
615 3999 677 4048 tuae
701 3995 831 4048 aedibus⁹
847 3997 912 4048 meis
936 3997 1059 4060 serviant,

254 4081 287 4118 ne
313 4065 393 4118 altius
418 4065 561 4128 tollantur,
587 4079 620 4116 ne
644 4063 787 4118 luminibus
813 4077 931 4116 mearum
957 4063 1061 4116 aedium

254 4133 397 4198 officiatur,
416 4139 442 4186 et
460 4147 507 4202 ego
522 4147 570 4200 per
584 4137 713 4186 statutum
728 4137 832 4200 tempus
847 4129 978 4186 fenestras
989 4147 1060 4186 meas

254 4201 385 4270 praefixas
395 4201 415 4234 ¹⁰
432 4201 549 4254 habuero
574 4201 614 4256 vel
638 4201 807 4264 obstruxere,
831 4201 869 4254 ita
893 4199 997 4252 demum
1019 4201 1060 4254 ins

254 4285 339 4322 meum
357 4269 457 4334 amitte,
476 4267 498 4322 si
515 4273 545 4322 tu
563 4285 611 4336 per
627 4269 678 4322 hoe
694 4275 797 4336 tempus
813 4267 891 4322 aedes
905 4273 966 4322 tuas
982 4267 1060 4324 altius

255 4337 375 4390 sublatas
392 4337 532 4390 habueris:
557 4335 672 4402 alioquin
692 4335 714 4388 si
731 4335 795 4388 nihil
813 4336 874 4390 novi
890 4335 1000 4402 leceris,
1018 4351 1059 4390 re-

253 4405 324 4456 tineo
335 4403 492 4458 servitutem.
521 4405 585 4458 item
599 4405 621 4458 si
635 4403 701 4472 tigni
713 4403 820 4456 immissi
835 4405 913 4458 aedes
927 4411 990 4458 tuae
1004 4419 1059 4458 ser-

254 4471 361 4526 vitutem
379 4471 478 4528 debent
494 4479 522 4526 et
539 4489 586 4540 ego
612 4487 731 4526 exemero
756 4471 870 4540 tignum,
893 4471 931 4526 ita
957 4471 1060 4526 demvrm

254 4541 345 4594 amitto
362 4541 403 4594 ius
421 4555 515 4606 meum,
533 4541 556 4594 si
573 4545 603 4594 tu
619 4539 747 4606 foramen,
764 4540 836 4594 unde
853 4543 1003 4608 exemptum
1021 4545 1061 4594 est

254 4609 367 4676 tignum,
393 4609 556 4662 obturaveris
581 4613 606 4660 et
628 4623 676 4686 per
700 4609 871 4662 constitutum
896 4615 999 4678 tempus
1022 4609 1061 4662 ita

254 4675 393 4730 habueris:
411 4675 528 4742 alioquin
546 4675 568 4730 si
586 4675 650 4728 nihil
667 4677 727 4730 nori
744 4675 854 4740 feceris,
871 4677 1002 4746 integrum
1019 4677 1059 4730 ius

254 4747 358 4798 suum¹¹
377 4749 521 4812 permanet.

290 4809 497 4868 'iPorrronrus
518 4811 585 4866 libro
608 4811 750 4866 vicensimo
773 4817 851 4866 screto
875 4813 912 4866 cd
934 4811 1059 4878 Quintum

254 4875 372 4936 Mucium
407 4879 483 4948 Quod
505 4885 594 4932 autem
617 4879 735 4932 aedificio
759 4895 817 4932 meo
842 4895 884 4932 me
898 4897 979 4948 posse
998 4897 1059 4936 con-

254 4947 341 5016 sequi,
365 4951 396 5000 ut
411 4949 560 5002 libertatem
578 4963 766 5016 usucaperem,
791 4945 903 5012 dicitur,
927 4947 996 5002 idem
1019 4965 1060 5002 me

255 5029 306 5068 uon
322 5021 534 5082 consecuturum,
553 5017 576 5068 si
590 5015 711 5068 arborem
729 5015 821 5068 eodem
838 5015 897 5068 loco
917 5015 994 5068 sitam
1010 5017 1058 5068 ha-

254 5077 382 5148 buissem,
401 5083 507 5138 Mucius
525 5083 570 5148 ait,
590 5089 718 5150 streete,
743 5083 804 5152 quia
827 5099 882 5138 nou
903 5083 942 5136 ita
965 5083 993 5136 iu
1010 5101 1058 5140 sno

255 5155 326 5206 statu
349 5157 375 5206 et
398 5153 457 5206 loco
479 5157 599 5206 maneret
622 5153 703 5206 arbor
725 5149 945 5220 quemadmodum
963 5153 1058 5220 paries,

255 5223 362 5286 propter
378 5223 479 5272 motum
496 5221 643 5272 naturalem
662 5221 773 5272 arboris.

256 5453 284 5514 (1)
303 5453 535 5508 dederedel.curnB
593 5459 625 5524 (t)
644 5457 879 5510 deberedel.cumB
936 5457 967 5522 (3)
986 5455 1056 5506 aliud

254 5521 387 5588 Hoffinonn

288 5591 318 5652 (u
336 5593 517 5646 manasse
527 5605 567 5656 ae:
581 5595 666 5646 Scae,
677 5605 938 5654 r.rs...as.so...ss.sr;
951 5591 1057 5656 Papae.

254 5661 519 5724 ts...n.-Bas.58,a
600 5665 631 5726 (t)
650 5663 854 5726 proiciendidcii.
938 5661 969 5722 (6)
987 5659 1058 5718 «1108)

254 5729 429 5780 nominibusl'
500 5737 532 5794 (t)
550 5731 842 5796 iudei-S:firrtasscscr.
852 5727 1058 5778 inmittendornm

255 5797 287 5848 ts)
305 5797 445 5848 invitoscF
480 5799 513 5848 iai
532 5795 926 5850 tuaedibusF¹.tusaedihnsF²
971 5795 1061 5848 (tticic

1798 345 1872 412 VIII
1895 349 1914 412 i

1147 529 1164 590 8
1185 535 1276 588 Gerus
1290 533 1356 588 libro
1371 539 1482 604 septimo
1496 535 1533 590 oct
1545 535 1657 588 edictum
1667 531 1836 600 provinciale
1862 531 1914 586 Pa·

1112 603 1216 664 rietem,
1244 601 1289 670 qui
1306 605 1419 656 naturali
1436 605 1537 658 ratione
1556 599 1699 658 communis
1718 601 1770 676 est,
1795 601 1914 652 alterutri

1111 669 1256 724 rieirrorum
1274 669 1428 724 demoliendi
1446 673 1535 724 eum¹²
1553 679 1578 726 et
1592 667 1724 724 reficiendi
1738 681 1779 718 rus
1794 681 1848 720 non
1865 673 1914 734 est,

1113 737 1243 806 quianon
1262 737 1332 790 solus
1351 735 1471 792 dominus
1489 745 1536 794 est.

1147 799 1165 860 9
1189 803 1332 860 Ucrrnnns
1352 805 1419 862 libro
1437 807 1674 878 qninqncpcnsirno
1693 803 1773 882 tertio
1788 803 1825 856 ort
1841 803 1911 858 edic-

1113 877 1167 926 tum
1202 871 1267 926 Cum
1297 889 1341 938 eo,
1371 873 1415 940 qui
1439 873 1553 928 tollendo
1577 877 1701 928 obseurat
1724 871 1802 926 vicmi
1825 871 1913 936 aedes,

1112 939 1206 1010 quibus
1225 955 1278 994 non
1295 943 1399 1006 serviat,
1417 941 1489 994 nulla
1508 943 1632 1010 competit
1648 943 1726 998 actio.

1149 1005 1185 1064 10
1196 1009 1217 1042 ¹³
1234 1009 1411 1062 irascor-,ros
1423 1009 1489 1064 libro
1505 1015 1600 1076 pecario
1616 1011 1777 1082 diposiorunr
1805 1009 1911 1064 Gaurus

1112 1075 1252 1132 Marcello:
1272 1079 1347 1132 binas
1357 1077 1435 1130 aedes
1444 1075 1536 1138 habeo,
1553 1077 1649 1132 alteras
1664 1079 1711 1132 tibi
1726 1081 1783 1148 lego
1794 1081 1823 1144 ¹⁴,
1838 1077 1914 1132 heres

1112 1143 1189 1198 aedes
1214 1145 1311 1198 alteras
1334 1145 1413 1198 altius
1436 1143 1504 1198 tollit
1526 1147 1553 1196 et
1574 1145 1715 1200 luminibus
1738 1147 1791 1202 tuis
1817 1145 1913 1202 officit:

1112 1211 1205 1280 quide
1223 1213 1282 1266 cum
1299 1213 1343 1266 illo
1361 1229 1438 1282 agere
1454 1213 1549 1280 potes?
1576 1215 1601 1264 et
1624 1227 1657 1264 an
1680 1215 1808 1270 interesse
1824 1219 1911 1284 puteS,
1972 1269 1973 1272 ,

1112 1295 1175 1334 suas
1193 1279 1271 1334 aedes
1290 1281 1368 1334 altius
1391 1278 1468 1334 tollat
1490 1295 1524 1334 an
1547 1279 1737 1336 hereditarias?
1763 1289 1790 1336 et
1814 1285 1845 1338 de
1868 1281 1914 1336 illo

1113 1363 1218 1418 quaero,
1238 1363 1272 1402 au
1289 1365 1336 1416 per
1354 1349 1452 1402 ahenas
1471 1347 1548 1402 aedes
1567 1363 1703 1402 accessum
1717 1351 1794 1406 heres
1808 1351 1842 1406 ad
1858 1367 1916 1406 eam

1112 1431 1175 1480 rem,
1194 1417 1380 1486 quaelegatur,
1393 1421 1533 1538 lpraestare
1548 1415 1634 1480 debet,
1652 1415 1721 1470 sicut
1735 1417 1802 1474 solet
1816 1421 1914 1490 quaeri,

1113 1501 1173 1540 curn
1190 1501 1254 1538 usus
1271 1483 1374 1538 fruetus
1403 1485 1444 1538 oci
1466 1485 1568 1552 legatus
1592 1489 1644 1548 est,
1669 1483 1703 1536 ad
1727 1501 1803 1552 quem
1826 1489 1913 1542 locum

1112 1553 1203 1606 accedi
1221 1553 1272 1606 nisi
1288 1569 1335 1630 per
1359 1555 1472 1606 ahenum
1496 1567 1549 1606 non
1571 1555 1667 1672 potest.
1702 1551 1845 1610 Marcellus
1868 1573 1910 1608 re·

1112 1621 1232 1690 spondit:
1252 1633 1296 1690 qm
1314 1621 1389 1676 hines
1407 1621 1485 1674 aedes
1502 1621 1572 1674 habe
1591 1625 1632 1684 at,
1655 1619 1678 1674 si
1696 1619 1792 1674 alteras
1809 1623 1912 1690 legavit,

1112 1705 1166 1742 non
1184 1689 1291 1744 dubium
1310 1695 1362 1754 est,
1388 1691 1449 1758 quin
1472 1689 1548 1744 heres
1571 1687 1637 1742 alias
1660 1687 1745 1756 possit
1768 1689 1846 1744 altius
1864 1693 1915 1744 tol·

1112 1757 1189 1810 leudo
1208 1759 1350 1810 obscurare
1367 1759 1466 1810 lumina
1481 1759 1626 1824 legatarum
1644 1755 1761 1810 aedium:
1785 1757 1853 1810 idem
1877 1759 1914 1810 di·

1115 1825 1225 1878 eendum
1244 1831 1296 1888 est,
1321 1825 1343 1878 si
1366 1825 1443 1878 alteri
1466 1825 1557 1888 aedes,
1582 1825 1687 1876 alteri¹⁶
1704 1823 1815 1876 charum
1838 1841 1915 1878 usum

1112 1891 1227 1946 fructum
1250 1891 1382 1960 legaverit.
1409 1909 1462 1946 uon
1485 1897 1573 1946 autem
1598 1907 1700 1960 semper
1717 1891 1800 1944 simile
1817 1897 1857 1944 est
1872 1893 1914 1946 iti-

1112 1963 1182 2016 neris
1197 1965 1386 2030 argumentum,
1401 1961 1462 2030 quia
1477 1961 1533 2014 sine
1549 1975 1657 2014 accessu
1672 1961 1772 2012 nubum
1788 1963 1828 2012 est
1841 1957 1914 2014 fruc·

1112 2035 1155 2082 tus
1173 2031 1302 2098 legatum,
1319 2029 1469 2082 habitare¹⁷
1487 2035 1575 2082 autern
1592 2033 1680 2096 potest
1697 2033 1724 2082 et
1742 2025 1849 2080 aedibus
1868 2029 1914 2082 ob-

1112 2099 1235 2152 scuratis.
1263 2101 1378 2150 ceterum
1396 2103 1447 2150 u'su
1469 2095 1559 2150 fructu
1581 2095 1633 2150 loci
1655 2095 1741 2164 legato
1766 2095 1845 2148 etism
1869 2109 1914 2148 ae-

1113 2179 1204 2218 cessus
1223 2165 1325 2218 dandus
1345 2169 1398 2230 est,
1423 2165 1484 2234 quia
1508 2169 1533 2218 ei
1556 2165 1653 2218 haustu
1670 2165 1761 2218 relicto
1778 2163 1830 2216 iter
1847 2179 1913 2230 quo·

1113 2247 1164 2302 qne
1181 2233 1215 2284 sd
1232 2233 1406 2284 hauriendum
1424 2237 1611 2300 praestaretur.
1640 2233 1686 2284 sed
1702 2233 1740 2284 ita
1757 2231 1864 2284 officere
1876 2233 1916 2284 lu-

1112 2299 1226 2354 minibus
1251 2305 1277 2354 et
1300 2301 1443 2354 obscurare
1466 2301 1565 2368 legatas
1589 2299 1667 2354 aedes
1691 2299 1859 2364 conceditur,
1886 2305 1917 2352 ut

1113 2385 1166 2422 uon
1184 2371 1288 2436 penitus
1305 2369 1393 2422 lumen
1411 2369 1576 2432 recludatur,
1600 2369 1647 2422 sed
1663 2373 1766 2422 tantum
1783 2369 1916 2436 relinqua·

1112 2443 1163 2558 dm
1181 2443 1309 2504 quantum
1324 2437 1424 2490 suffieit
1438 2437 1618 2490 habitantibus
1632 2437 1660 2490 in
1675 2453 1739 2490 usus
1755 2435 1841 2488 diurni
1860 2451 1917 2490 mo·

1133 2505 1257 2560 eradens.

1148 2569 1184 2628 11
1211 2571 1355 2626 Uarianos
1369 2573 1437 2626 libro
1459 2573 1540 2640 ,rimo
1559 2569 1592 2626 ric
1609 2571 1701 2642 officio
1719 2571 1837 2626 consulis
1867 2569 1917 2638 Qui

1112 2641 1253 2694 luminibus
1268 2641 1413 2694 vicinorum
1427 2587 1535 2692 uidesne
1544 2639 1647 2692 aliudve
1656 2639 1816 2708 quidfaeere
1825 2645 1917 2692 contra

1113 2709 1278 2764 commodum
1296 2725 1385 2762 eornm
1402 2709 1492 2774 vellet,
1511 2709 1577 2762 sciet
1595 2723 1623 2762 se
1639 2707 1751 2760 formam
1769 2721 1800 2760 ac
1818 2713 1918 2760 statum

1114 2781 1126 2830 1
1163 2777 1330 2844 antiquorum
1346 2775 1524 2830 aedificiorum
1535 2775 1778 2830 custodiredehere.
1806 2773 1834 2828 Si
1848 2775 1918 2828 inter

1111 2847 1138 2896 te
1157 2849 1182 2896 et
1199 2845 1311 2898 vicinum
1328 2849 1403 2898 tunm
1421 2861 1473 2898 non
1491 2845 1626 2908 convenit,
1653 2843 1687 2896 ad
1705 2859 1784 2912 quam
1802 2843 1918 2896 altisoni·

1112 2927 1171 2964 nem
1190 2911 1279 2964 extolli
1297 2911 1455 2976 aediliciaffi,
1474 2927 1541 2980 quae
1558 2911 1646 2966 facere
1662 2911 1814 2976 instituisti,
1838 2925 1917 2980 opor·

1111 2983 1174 3040 teat,
1193 2979 1320 3032 arbitrum
1338 2981 1458 3048 accipere
1475 2979 1581 3048 puteris.

1149 3043 1185 3100 12
1204 3047 1371 3100 Inrorrrrrs
1392 3049 1458 3100 libro
1477 3047 1578 3102 decimo
1596 3063 1633 3100 coc
1652 3045 1742 3100 Cassio
1776 3045 1916 3110 Aedificia,

1113 3129 1180 3182 quae
1197 3115 1347 3168 servitutem
1364 3115 1500 3184 patiantur
1517 3129 1550 3166 ne
1568 3113 1630 3182 quid
1646 3115 1725 3168 altius
1742 3115 1860 3178 tollatur,
1877 3115 1916 3168 vi-

1112 3181 1179 3234 ridis
1197 3199 1279 3250 supra
1296 3199 1353 3236 eam
1371 3181 1534 3234 altitudinem
1549 3181 1648 3234 habere
1661 3187 1785 3250 possunt:
1805 3187 1833 3236 at
1847 3181 1870 3236 si
1885 3181 1917 3236 de

1112 3265 1173 3316 pros
1196 3257 1255 3302 ectu
1273 3255 1313 3304 est
1331 3265 1414 3318 eaque
1432 3249 1570 3304 obstatura
1587 3255 1656 3314 sunt,
1674 3265 1727 3304 nou
1745 3253 1865 3318 possunt.

1149 3267 1191 3374 id]
1205 3317 1359 3370 Paeonius
1373 3319 1441 3370 libro
1459 3317 1574 3370 secundo
1592 3317 1767 3388 epistularum
1802 3315 1914 3386 Quidam

1112 3385 1225 3436 Hiberus
1244 3385 1357 3448 nomine,
1374 3385 1419 3452 qui
1437 3385 1517 3436 hahet
1532 3391 1594 3452 post
1611 3385 1706 3438 horrea
1720 3401 1778 3438 mea
1792 3385 1914 3450 insulam,

1112 3451 1248 3504 balnearia
1265 3451 1328 3504 fecit
1346 3451 1490 3504 secundnm
1513 3451 1638 3520 parietem
1661 3469 1838 3506 communem:
1862 3469 1916 3506 non

1112 3518 1173 3572 licet
1188 3523 1276 3572 autem
1290 3519 1397 3574 tubulos
1412 3519 1509 3572 habere
1524 3519 1644 3572 admotos
1659 3519 1692 3574 ad
1706 3521 1833 3590 parietem
1845 3535 1915 3574 com-

1112 3601 1231 3652 munem,
1256 3585 1334 3640 sicuti
1356 3601 1390 3640 ne
1412 3589 1539 3656 parietem
1557 3587 1659 3654 qmdem
1678 3603 1755 3642 suum
1771 3589 1851 3658 per¹⁹
1867 3605 1914 3658 pa·

1112 3655 1203 3708 rietem
1221 3671 1399 3708 communem:
1424 3655 1456 3708 de
1478 3655 1577 3708 tubulis
1601 3671 1632 3708 eo
1655 3657 1766 3724 amplius
1783 3655 1834 3712 hcc
1851 3657 1916 3710 iuris

1113 3727 1161 3786 est,
1179 3723 1249 3790 qnod
1265 3739 1313 3792 per
1331 3739 1375 3778 eos
1392 3721 1497 3778 flamma
1514 3727 1630 3778 torretur
1647 3725 1748 3790 paries:
1768 3739 1820 3794 qua
1838 3723 1870 3778 de
1886 3741 1917 3778 rc

1112 3791 1170 3844 volo
1196 3807 1255 3844 cnm
1272 3793 1371 3844 Hibero
1397 3793 1527 3860 loquaris,
1551 3807 1584 3844 ne
1607 3807 1661 3844 rem
1685 3793 1801 3846 illicitam
1824 3793 1914 3846 iaciat.

1111 3859 1241 3910 Proculus
1264 3859 1413 3928 respondit:
1439 3875 1488 3912 nec
1510 3859 1636 3912 Hiberum
1658 3875 1707 3928 pro
1733 3877 1764 3914 ea
1787 3877 1816 3914 re
1840 3859 1915 3912 dnbi-

1112 3931 1169 3978 tare
1185 3931 1260 3994 puto,
1278 3925 1349 3994 quod
1364 3941 1420 3978 rem
1437 3943 1490 3982 uon
1508 3927 1659 3994 permissam
1673 3925 1738 3980 facit
1751 3927 1858 3982 tabidos
1874 3943 1915 3982 se·

1114 3997 1125 4048 1
1163 3993 1277 4048 cundum
1301 3999 1464 4048 communem
1490 3995 1616 4064 parietem
1640 3995 1790 4048 extruendo.
1825 3997 1915 4050 Parie-

1112 4065 1164 4114 tem
1183 4077 1346 4116 communem
1363 4063 1511 4116 incrustare
1533 4063 1595 4116 licet
1618 4063 1761 4116 secundum
1780 4063 1915 4132 Capitonis

1112 4131 1283 4196 sententiam,
1308 4131 1377 4186 sicut
1400 4131 1461 4186 licet
1483 4131 1546 4184 mihi
1571 4131 1773 4198 pretiosissimas
1816 4133 1916 4188 ieturas

1112 4199 1209 4252 habere
1226 4199 1254 4252 iu
1271 4199 1372 4268 pariete
1391 4201 1533 4254 communi:
1553 4205 1669 4252 ceterum
1687 4201 1709 4252 si
1727 4149 1866 4254 demoiitus
1882 4201 1916 4254 sit

1112 4267 1212 4318 vicinus
1236 4271 1263 4320 et
1280 4283 1312 4318 ex
1330 4267 1457 4336 stipvdatu
1475 4267 1579 4320 actione
1598 4267 1686 4320 damni
1702 4267 1794 4322 infecti
1811 4283 1827 4320 a
1846 4273 1919 4330 atur,

1112 4351 1166 4386 non
1188 4333 1270 4402 pluris
1295 4351 1373 4402 quam
1390 4335 1509 4402 varlgaria
1524 4335 1638 4390 tectoria
1654 4335 1786 4388 aestimari
1805 4335 1837 4388 de
1856 4339 1914 4388 ent:

1112 4403 1182 4470 quod
1201 4401 1333 4456 observari
1352 4403 1421 4456 etin
1439 4403 1628 4456 incrustatione
1645 4409 1758 4470 oportet.

1148 4469 1185 4528 14
1203 4469 1348 4524 Parrarrs
1362 4469 1382 4524 I
1384 4485 1468 4526 osros
1483 4471 1549 4526 libro
1562 4471 1653 4540 primo
1671 4471 1704 4524 de
1721 4469 1914 4524 corrriitntioni-

1112 4537 1161 4594 bns
1193 4539 1367 4608 Imperatores
1382 4539 1532 4594 Antoninus
1546 4545 1572 4592 et
1588 4537 1698 4590 Severus
1706 4537 1729 4570 ²⁰
1747 4537 1860 4604 Augusti
1874 4551 1915 4590 re·

1112 4607 1275 4676 scripserunt
1283 4607 1310 4660 in
1318 4623 1386 4672 area,
1405 4623 1471 4678 quae
1487 4607 1551 4662 nulli
1566 4603 1820 4682 servitutem'debet,
1835 4619 1916 4672 posse

1112 4673 1245 4728 dominnm
1268 4675 1308 4730 rel
1331 4675 1411 4730 alium
1433 4675 1569 4730 voluntate
1593 4673 1647 4726 eius
1673 4671 1812 4726 aedificare
1835 4675 1914 4726 inter-

1112 4743 1190 4798 misso
1208 4743 1323 4812 legitimo
1342 4747 1428 4814 spatio
1447 4759 1463 4796 a
1479 4741 1566 4798 vicina
1583 4741 1677 4792 insula.

1147 4809 1185 4868 15
1209 4811 1353 4866 ULPIANUS
1376 4813 1443 4866 libro
1466 4811 1607 4864 vicensimo
1630 4823 1700 4860 nono
1724 4807 1762 4862 ari
1785 4807 1914 4864 servorvm

1111 4879 1183 4934 Inter
1208 4879 1347 4936 servitutes
1370 4895 1404 4932 ne
1426 4877 1568 4930 luminibus
1592 4873 1724 4930 officiatur
1747 4883 1773 4932 et
1796 4891 1830 4932 ue
1871 4895 1914 4932 ro-

1112 4949 1215 5014 spectui
1232 4947 1380 5002 offendatur
1399 4945 1469 4998 aliud
1487 4949 1514 4996 et
1529 4945 1601 4998 aliud
1615 4945 1782 5000 observatur:
1802 4895 1872 5014 quoi
1886 4947 1915 5000 in

1110 5021 1253 5096 prospectu
1269 5015 1329 5084 plus
1347 5015 1406 5082 quis
1422 5011 1516 5090 hahet,
1541 5029 1575 5068 ne
1598 5013 1659 5082 quid
1684 5013 1707 5068 ei
1730 5013 1864 5068 officiatur
1880 5015 1916 5068 ad

1110 5089 1250 5150 gratiorem
1264 5087 1434 5150 prospectum
1449 5085 1475 5134 et
1486 5081 1605 5146 liberum,
1623 5083 1651 5134 in
1662 5083 1803 5138 luminibus
1818 5089 1913 5148 autem,

1110 5167 1164 5204 non
1188 5149 1296 5204 officere
1319 5163 1353 5200 ne
1373 5149 1472 5202 lumina
1496 5149 1650 5218 cuiusquam
1667 5151 1822 5206 obscuriora
1839 5151 1913 5212 fiant.

1111 5219 1294 5286 quodcumque
1310 5215 1389 5284 igitur
1406 5215 1488 5270 faciat
1505 5215 1539 5272 ad
1561 5219 1665 5272 luminis
1688 5219 1912 5290 impedimentum,

1110 5455 1140 5518 P,
1148 5455 1285 5518 perfixasF
1326 5455 1365 5518 (11)
1377 5455 1416 5506 ins
1425 5459 1549 5508 suurndet.
1592 5465 1634 5516 (11)
1646 5473 1701 5506 eum
1709 5459 1754 5508 del.
1802 5459 1845 5520 (13)
1856 5459 1915 5508 citui

1110 5521 1203 5574 Paulus
1210 5523 1243 5572 D.
1252 5523 1274 5584 1,
1282 5533 1299 5582 1,
1307 5533 1334 5574 30
1454 5529 1497 5590 (14)
1515 5526 1554 5575 vel
1566 5541 1638 5574 usum
1649 5525 1757 5574 fructum
1771 5539 1855 5574 earum
1868 5527 1912 5574 ins.

1112 5593 1152 5652 (1))
1172 5589 1359 5654 numquidedri.
1451 5595 1496 5658 (16)
1515 5593 1587 5644 alteri
1595 5593 1665 5642 aedes
1672 5593 1743 5642 alteri
1754 5593 1868 5656 aliarum]
1878 5591 1914 5640 al·

1110 5661 1338 5724 terarumfcrecum
1350 5661 1449 5712 Ouinct'o
1500 5663 1543 5722 (1))
1562 5657 1761 5728 ὴῆῦίῢατίὶρεπιζ
1818 5661 1862 5722 (18)
1879 5661 1915 5710 sic

1111 5725 1294 5792 sustineor
1340 5731 1383 5794 (19)
1395 5731 1527 5794 snumper]
1535 5743 1659 5794 superscr.
1717 5727 1914 5788 (tolVeruscdd,
