4366 6258
245 379 416 430 barbulam
435 379 550 424 LIBERI
571 379 642 426 NON
664 379 766 424 ntun'r

275 545 311 604 13
330 547 447 600 Pronus
459 545 527 600 libro
541 545 618 600 tertia
631 543 665 598 de
676 543 817 598 adulteriis
849 543 928 612 Quod
942 545 966 598 si
979 545 1050 598 intra

245 619 307 676 diem
329 613 522 682 sexagesimmn
544 611 757 676 manumiserint,
781 613 831 664 erit
853 617 1049 666 1111111111-

245 685 330 742 iiber¹.

277 747 312 808 14
341 747 486 802 Uestinus
504 745 573 800 libro
596 749 694 814 quarto
719 745 752 800 de
775 745 916 800 adulteriis
950 745 1003 800 Sed
1026 745 1050 798 si

245 817 349 876 mantus
366 815 437 868 intra
455 811 648 880 sexagesimum
665 811 735 868 diem
753 813 910 876 decesserit,
934 829 970 868 an
994 827 1049 866 ma-

246 887 378 944 numittere
395 881 438 934 vel
455 881 573 934 alienare
589 879 643 934 iam
660 883 746 950 possit
762 881 973 950 suprascriptas
989 895 1047 950 per-

246 953 342 1018 1011111,
360 949 504 1004 rideamus.
533 953 561 1002 11
577 963 631 1002 non
649 957 714 1018 puto
729 963 819 1018 posse,
838 949 957 1016 quamvis
970 965 1049 1002 aecn-

246 1029 327 1082 satore
346 1019 440 1072 mulier
458 1015 597 1072 deiiciatur
614 1019 720 1082 marito,
738 1033 798 1072 crim
812 1021 890 1084 pater
903 1017 1050 1072 accusare³

249 1099 257 1146 1
289 1087 381 1158 possit.
416 1085 455 1138 Et
476 1085 630 1152 simpliciter
651 1087 756 1168 quidem
774 1085 970 1162 lexnmulierem
987 1099 1050 1152 pro·

245 1155 325 1216 hibuit
342 1155 414 1208 intra
431 1153 623 1222 sexagesimum
641 1155 711 1208 diem
728 1153 835 1206 divortn
849 1153 1049 1206 manumittere:

247 1235 259 1284 2
293 1223 350 1278 Siue
368 1225 457 1276 autem
475 1221 580 1276 divertit
598 1221 652 1276 sive
668 1219 780 1288 repudio
800 1219 907 1274 dimissa
926 1219 972 1282 sit,
995 1235 1050 1272 ma-

247 1301 259 1350 3
290 1291 417 1346 numissio
437 1289 604 1358 impedietur.
641 1289 695 1342 Sed
716 1289 738 1342 si
761 1293 845 1342 morte
868 1287 957 1342 mariti
978 1287 1050 1342 soln-

246 1369 297 1418 tnm
317 1359 351 1414 sit
371 1357 567 1412 matrimonium
589 1357 630 1410 vel
652 1357 741 1424 aliqua
757 1371 844 1424 poena
861 1357 933 1420 eins,
956 1371 1049 1410 manu-

247 1437 259 1484 1
290 1427 380 1480 missio
404 1441 458 1480 non
480 1425 646 1492 impedietur.
688 1423 741 1478 Sed
770 1431 797 1480 et
824 1425 848 1478 si
869 1423 942 1478 bona
965 1425 1051 1492 gratia

246 1495 336 1552 finierit
347 1493 552 1556 matrimonium,
569 1493 672 1546 dicetur
684 1493 918 1546 manumissionem
932 1493 974 1546 rel
987 1493 1051 1548 alie-

247 1573 258 1620 1
291 1563 424 1618 nationem
441 1577 497 1616 non
514 1561 641 1630 impediri.
677 1561 730 1616 Sed
752 1563 817 1616 etsi
836 1567 977 1616 constante
995 1579 1050 1616 ma-

246 1631 362 1688 trimonio
380 1631 488 1696 mulier,
507 1629 570 1684 dum
587 1631 728 1684 divortium
747 1631 858 1700 cogitat,
881 1631 1052 1686 manumittat

247 1703 282 1756 111
302 1699 399 1754 alienet
421 1705 447 1754 et
468 1699 521 1752 hoc
543 1699 665 1752 dilucidis
683 1699 887 1768 probationibus
905 1699 987 1756 luerit
1004 1701 1050 1756 ad-

246 1768 395 1840 probatum:
422 1767 499 1836 quasi
524 1767 553 1822 in
575 1767 698 1822 fraudem
719 1769 785 1836 legis
807 1771 860 1822 boc
883 1769 985 1822 iactum
1008 1771 1050 1832 sit,

248 1845 259 1892 b
291 1851 346 1888 non
362 1837 441 1890 debet
458 1835 582 1890 alienatio
599 1837 688 1890 valere
705 1835 746 1890 vel
762 1837 944 1892 manumissio.
978 1837 1050 1890 Alie-

247 1903 375 1960 nationem
393 1921 497 1960 omnem
515 1905 620 1960 omnino
639 1905 760 1974 accipere
779 1905 913 1960 debemus.

279 1969 333 2028 15Δ
352 1973 470 2026 Pectus
485 1973 552 2028 libro
565 1975 657 2056 primo
677 1975 714 2026 ad
731 1975 815 2044 tepea
830 1973 929 2028 Iuliam
965 1971 1050 2040 Quae-

247 2041 321 2096 situm
338 2047 390 2104 est,
413 2055 448 2094 an
468 2041 504 2104 is,
528 2057 574 2110 qm
591 2041 737 2096 maiestatis
756 2041 866 2096 crimine
883 2057 946 2094 reus
963 2041 1051 2094 iactus

247 2107 284 2170 sit,
300 2109 486 2164 manumittere
503 2107 599 2176 possit,
622 2109 747 2176 quoniam
770 2115 831 2164 ante
855 2109 1050 2162 damnationem

248 2177 361 2230 domium
380 2181 428 2230 est.
457 2183 485 2230 et
500 2179 645 2246 imperator
661 2177 813 2230 Antoninus
832 2175 1050 2244 (1111111001ι

247 2243 297 2298 toni
314 2245 452 2312 rescripsit
468 2261 502 2300 ex
520 2261 550 2298 eo
567 2251 696 2312 tempore,
715 2261 767 2314 quo
785 2245 843 2314 quis
862 2251 972 2314 propter
984 2245 1050 2298 faci-

247 2327 334 2366 norum
353 2329 461 2366 suorum
479 2313 664 2380 cogitationem
686 2313 741 2366 iam
764 2313 797 2366 de
819 2329 908 2382 poena
926 2329 976 2366 sua
995 2329 1051 2368 cer-

247 2387 285 2434 tus
302 2395 360 2434 esse
377 2385 492 2450 poterat,
510 2383 593 2436 multo
611 2381 684 2452 prius
704 2383 867 2436 conscientia
885 2383 1050 2446 debetorum,

248 2465 319 2518 qnam
333 2449 502 2506 damnatione
515 2451 557 2504 ius
571 2449 674 2504 dandae
687 2449 818 2504 libertatis
832 2465 893 2504 eum
907 2449 1050 2506 amississe.

249 2523 258 2570 1
292 2515 411 2570 lulianus
428 2519 479 2580 ait,
503 2519 527 2572 si
543 2521 648 2584 postea,
667 2533 747 2586 quam
763 2517 818 2572 filio
836 2517 959 2586 permisit
975 2523 1052 2588 pater

247 2585 438 2650 manumittere,
461 2585 532 2638 tilius
553 2587 678 2654 ignorans
701 2591 806 2654 patrem
828 2587 973 2640 decessisse
996 2601 1050 2638 ma-

248 2653 349 2708 numisit
371 2653 500 2720 dedicta,
524 2669 578 2706 non
598 2653 657 2706 fieri
680 2669 741 2706 eum
764 2653 885 2708 liberum.
921 2655 969 2708 sed
986 2659 1012 2708 et
1030 2655 1052 2708 si

247 2719 303 2774 urit
320 2725 398 2788 pater
415 2725 442 2774 et
458 2723 580 2776 voluntas
595 2727 698 2776 mutata
710 2721 768 2786 erit,
786 2737 840 2776 non
852 2721 936 2776 videri
947 2723 1052 2776 volente

247 2793 317 2856 patre
334 2785 417 2842 filium
434 2787 640 2842 manumississe.

279 2851 315 2912 lb
335 2853 415 2910 Inane
428 2855 496 2910 libro
515 2857 592 2908 tertio
610 2857 647 2910 ad
659 2857 744 2922 leuem
754 2855 857 2910 Aeliam
869 2855 990 2910 Sentium
1016 2855 1050 2922 Si,

248 2939 303 2978 cum
324 2921 528 2978 fideicommissa
548 2923 657 2978 libertas
681 2915 824 2992 debeatur,
851 2923 939 2978 minor
962 2923 1052 2992 viginti

248 2991 318 3046 arms
337 3007 441 3046 serrum
457 2991 562 3056 vendat,
586 2997 615 3046 ut
632 2993 842 3058 manumittatur,
860 2993 902 3046 ael
920 2993 983 3062 qnia
1000 2993 1051 3046 hac

251 3065 260 3112 1
292 3059 349 3128 lege
367 3065 474 3124 emerat,
492 3075 546 3112 non
563 3061 720 3128 impedietur
735 3061 869 3114 alienatio.
897 3059 927 3114 Si
939 3065 1051 3140 partem,

248 3141 321 3196 quam
345 3127 373 3180 in
397 3125 628 3182 communiterve
650 3127 732 3180 babet
754 3127 840 3180 minor
857 3127 949 3196 viginti
966 3127 1050 3190 annis,

248 3193 443 3248 manumittendi
461 3209 543 3248 causa
560 3193 656 3260 tradat,
674 3194 741 3248 nibil
758 3197 851 3262 aget⁵:
877 3195 924 3248 sed
943 3195 973 3258 si,
992 3211 1053 3248 cum

248 3265 299 3332 ipse
321 3277 429 3316 cansam
450 3263 566 3330 probare
583 3267 688 3330 posset,
710 3263 862 3328 tradiderit,
886 3263 960 3316 nulla
977 3261 1053 3316 fraus

249 3337 261 3384 1
293 3331 468 3398 intellegetur.
510 3329 551 3384 Ne
574 3331 633 3398 quis
656 3331 818 3384 creditorum
841 3329 1053 3384 fraudandomm

249 3415 326 3454 causa
347 3413 452 3452 serrum
473 3399 652 3464 manumittat,
676 3397 727 3452 hac
746 3399 801 3466 lege
820 3403 942 3452 cavetur:
967 3397 1052 3452 credi-

248 3471 315 3520 tores
333 3471 422 3520 autem
440 3465 615 3534 appellantur,
635 3465 730 3532 quibas
747 3479 913 3532 quacumque
926 3481 1053 3520 excausa

249 3539 262 3586 3
294 3533 364 3588 actio
383 3549 444 3586 eum
461 3533 616 3588 1111111111
635 3539 777 3602 competat.
806 3533 897 3588 Aristo
915 3533 1053 3602 respondit

249 3601 398 3658 adebitore
412 3601 480 3666 fisci,
500 3601 545 3670 qui
563 3601 687 3656 solvendo
704 3617 759 3654 non
776 3605 841 3666 crat,
861 3601 1053 3656 manumissum

248 3671 282 3724 ita
298 3669 417 3724 reuocari
432 3669 461 3722 in
479 3669 632 3724 servitutem
650 3669 753 3736 debere,
772 3669 795 3724 si
806 3685 861 3724 non
874 3669 919 3722 diu
931 3669 960 3722 in
971 3669 1052 3724 liber-

249 3743 298 3792 tate
315 3737 422 3802 fuisset,
445 3737 474 3790 id
491 3741 532 3790 est
547 3739 620 3790 nonG
638 3737 724 3790 minus
743 3737 886 3790 decennio:
908 3735 989 3804 piane
1005 3745 1053 3802 ea,

250 3821 312 3874 quae
329 3805 357 3860 in
374 3803 495 3858 fraudem
512 3803 571 3856 fisci
587 3805 615 3856 in
633 3805 707 3860 sinus
725 3805 781 3858 eius
800 3805 899 3858 collata
916 3809 988 3870 sunt,
1010 3821 1053 3860 re-

249 3879 263 3928 1
294 3873 423 3930 vocanda.
464 3871 493 3928 Si
515 3871 564 3928 tub
588 3871 744 3928 eonfficione
768 3871 848 3926 alieni
868 3873 984 3942 pecunia
1007 3873 1053 3928 de-

249 3941 351 4010 beatur,
374 3941 451 4010 quasi
470 3939 609 3996 statuliber
626 3941 678 3994 erit
695 3957 711 3994 a
729 3941 849 3996 debitore
866 3941 1053 4006 manumissus,

250 4013 262 4060 5
294 4015 326 4064 nt
345 4009 460 4078 pendeat
480 4009 591 4062 libertas
612 4025 646 4062 ex
667 4009 831 4062 condicione.
867 4009 895 4062 Si
916 4009 1053 4064 voluntate

249 4079 328 4144 patris
352 4077 422 4132 filius
440 4075 636 4142 manumiserit,
659 4075 714 4130 sire
731 4081 808 4144 pater
826 4075 881 4130 sive
897 4077 969 4130 iilius
986 4077 1055 4132 sciat

250 4145 371 4198 solvendo
389 4147 492 4214 patrem
508 4159 563 4198 non
580 4159 648 4210 esse,
665 4145 776 4198 libertas
793 4143 962 4212 impedietur.

282 4209 318 4270 17
338 4213 418 4266 lanu
431 4213 498 4266 libro
512 4213 648 4282 stapulari
656 4213 690 4266 ele
703 4213 870 4266 libertatibus
896 4211 926 4264 Si
935 4211 1053 4280 privatus

251 4285 355 4336 coactus
377 4297 393 4334 a
415 4279 516 4350 populo
537 4281 729 4348 manumiserit,
755 4281 874 4348 quamvis
891 4279 1055 4334 voluntatem

936 439 937 442 Ἴ
1040 355 1104 428 oet

1742 349 1911 412 XXXXe

1100 535 1913 678 11111111111111111111111

1643 645 1650 672 Ι

1102 675 1208 730 cuniam
1226 675 1354 742 prodesse
1371 683 1468 744 potest.

1139 739 1176 798 19
1202 743 1393 798 Mooasrmus
1418 745 1486 798 libro
1511 745 1602 814 primo
1628 739 1788 814 repuleram
1832 737 1914 794 Nulla

1103 811 1229 892 competit
1247 811 1357 864 libertas
1375 807 1439 864 data
1455 811 1490 864 ab
1509 827 1554 876 eo,
1573 809 1619 880 qui
1635 815 1730 880 postea
1748 823 1838 864 sertus
1855 807 1914 876 ipse

1101 883 1290 946 pronuntratus
1309 883 1359 934 est.

1136 943 1176 1004 20
1194 945 1275 1000 Icari
1289 947 1359 1002 libro
1376 945 1512 1018 singulari
1529 947 1562 1000 de
1579 949 1725 1004 aureoleutis
1742 945 1849 1004 casibus
1886 943 1914 1000 Si

1103 1031 1178 1068 servo
1202 1015 1288 1070 alieno
1312 1015 1424 1070 libertas
1448 1031 1502 1068 non
1526 1017 1708 1072 consentiente
1726 1015 1833 1072 dominc
1850 1015 1914 1070 data

1102 1089 1155 1148 est,
1178 1085 1267 1138 valere
1285 1099 1317 1138 ex
1336 1083 1497 1138 auctoritate
1513 1083 1578 1138 iuris
1599 1099 1654 1138 non
1670 1091 1772 1154 potest,
1796 1083 1914 1155 quamvis

1102 1159 1197 1220 postea
1213 1153 1390 1206 manumissor
1408 1151 1513 1206 domino
1535 1151 1613 1204 heres
1631 1153 1745 1218 extitit⁸,
1768 1171 1831 1210 nam
1851 1153 1914 1208 licet

1102 1221 1158 1276 eius
1183 1221 1242 1274 iure
1265 1219 1448 1288 cognationis⁹
1476 1219 1521 1288 qui
1543 1221 1697 1276 manumisit
1719 1221 1797 1276 heres
1818 1223 1914 1288 extitit,

1101 1307 1156 1342 non
1178 1289 1237 1342 ideo
1259 1289 1377 1344 aditione
1399 1289 1554 1344 hereditatis
1577 1287 1709 1342 libertatis
1727 1289 1800 1344 datio
1818 1291 1914 1346 confir-

1101 1363 1198 1412 matur.

1136 1423 1174 1484 21
1200 1425 1280 1486 loru
1304 1425 1372 1480 libra
1394 1427 1487 1496 primo
1508 1423 1710 1496 pandectarum
1751 1425 1916 1480 Matrimonii

1103 1509 1185 1548 cause
1208 1493 1361 1546 manumitti
1384 1493 1482 1548 ancilla
1505 1507 1521 1546 1
1543 1493 1616 1548 nubo
1644 1493 1696 1546 alio
1723 1497 1813 1562 potest
1835 1511 1915 1564 quam

1103 1563 1148 1630 qui
1165 1579 1224 1618 eam
1242 1577 1353 1616 uxorem
1374 1561 1503 1616 ducturus
1522 1565 1571 1616 cst.
1607 1561 1678 1630 quod
1695 1561 1719 1616 si
1736 1561 1804 1616 alter
1820 1579 1914 1618 manu·

1102 1633 1203 1686 miserit
1226 1631 1388 1686 matrimonii
1411 1645 1504 1698 eausa,
1528 1629 1596 1684 alter
1617 1645 1676 1684 eam
1695 1645 1806 1684 uxorem
1824 1631 1914 1696 ducat,

1103 1717 1157 1756 non
1179 1701 1230 1756 erit
1251 1699 1350 1764 libera,
1377 1699 1443 1754 adeo
1471 1705 1501 1752 nt
1529 1715 1578 1752 nec
1601 1699 1622 1754 si
1644 1699 1716 1752 intra
1739 1715 1787 1754 sex
1808 1699 1914 1768 quidem

1103 1783 1204 1822 menses
1229 1783 1287 1822 eam
1308 1767 1476 1838 repudiatam
1498 1771 1593 1836 postea
1611 1767 1788 1822 manumissor
1805 1783 1914 1822 uxorem

1103 1837 1220 1902 diruerit,
1244 1837 1357 1890 liberam
1375 1851 1433 1888 eam
1450 1835 1508 1888 fieri
1524 1835 1645 1890 Iulianus
1662 1835 1814 1904 respondit,
1838 1835 1915 1904 quasi

1103 1905 1136 1958 de
1153 1903 1196 1960 bis
1213 1905 1314 1972 nuptiis
1332 1909 1439 1960 senatus
1457 1903 1583 1972 senserit,
1607 1919 1675 1972 quae
1691 1907 1754 1972 post
1771 1903 1914 1958 manumis-

1103 1973 1204 2026 sionem
1222 1975 1301 2026 nullis
1319 1975 1378 2026 aliis
1396 1971 1560 2042 interpositis
1578 1981 1686 2028 secutae
1703 1971 1821 2026 fuerunt.

1137 2037 1178 2096 22
1197 2041 1368 2096 Postremus
1383 2041 1450 2096 libro
1469 2041 1611 2094 uicensimo
1630 2041 1724 2110 quinto
1742 2041 1779 2094 ad
1789 2037 1914 2104 Quietum

1102 2107 1223 2162 Mucium
1264 2107 1379 2164 (iurator
1406 2107 1501 2162 furiosi
1523 2125 1627 2164 servum
1649 2107 1707 2162 eius
1730 2107 1914 2160 manumittere

1102 2191 1157 2230 non
1193 2181 1271 2230 otest.

1137 2191 1275 2302 reprom
1290 2243 1358 2298 libro
1376 2247 1474 2314 quarta
1493 2259 1530 2298 aa
1547 2245 1631 2296 variis
1648 2243 1806 2298 lectionibus
1841 2241 1914 2296 Sem·

1102 2313 1197 2380 perio
1213 2311 1335 2366 fraudem
1354 2311 1515 2366 creditorum
1532 2311 1642 2366 libertas
1661 2311 1740 2366 datur
1757 2311 1792 2366 ab
1810 2327 1850 2376 eo,
1869 2311 1915 2380 qni

1103 2381 1184 2434 sciret
1200 2381 1372 2502 sehsolvendo
1395 2397 1449 2434 non
1471 2395 1542 2446 esse,
1565 2379 1684 2448 quamvis
1707 2381 1776 2436 bene
1798 2379 1915 2434 dedisset

1103 2455 1215 2504 merenti
1252 2467 1293 2504 oc.

1137 2515 1179 2574 24
1197 2517 1365 2572 Taenarius
1383 2517 1518 2572 Casurus
1533 2517 1600 2572 libro
1618 2533 1689 2572 noua
1712 2517 1750 2572 ad
1766 2515 1849 2588 lepem
1867 2515 1914 2570 Ia-

1104 2587 1167 2640 liom
1186 2591 1212 2638 et
1231 2585 1345 2666 Papiam
1380 2583 1409 2640 Si
1430 2585 1502 2652 quis,
1520 2585 1623 2638 babens
1646 2585 1802 2650 creditores,
1823 2585 1914 2652 plures

1103 2653 1298 2722 manumiserrt,
1324 2669 1380 2706 non
1404 2653 1521 2706 omnium
1544 2653 1653 2708 libertas
1672 2653 1843 2720 impedietur,
1868 2653 1914 2706 sed

1104 2721 1149 2788 qui
1166 2721 1245 2790 primi
1261 2725 1332 2786 sunt,
1350 2721 1427 2776 liberi
1443 2725 1531 2786 erunt,
1550 2721 1635 2776 donec
1649 2719 1824 2776 creditoribus
1837 2737 1914 2774 suum

1104 2789 1231 2844 solvatur.
1266 2805 1347 2860 quam
1363 2789 1524 2842 rationem²⁰
1541 2789 1661 2844 Iulianus
1680 2789 1749 2842 10111
1766 2787 1852 2842 dicere
1870 2803 1914 2842 re·

1103 2857 1144 2910 lut
1162 2857 1266 2912 duobus
1283 2857 1461 2920 manumissis,
1480 2857 1503 2910 si
1521 2857 1599 2910 unius
1613 2857 1737 2910 libertate
1749 2855 1914 2920 fraudentur,

1104 2941 1159 2980 non
1176 2925 1329 2994 utriusque,
1354 2923 1401 2978 sed
1423 2925 1577 2980 alterutrius
1588 2927 1608 2956 ²¹
1625 2923 1749 2992 impediri
1765 2923 1915 2978 libertatern

1105 2997 1131 3046 et
1148 2995 1304 3062 plerumque
1320 2997 1417 3064 postea
1434 2993 1541 3062 scripti,
1565 2991 1617 3046 nisi
1637 2993 1660 3046 si
1684 2993 1790 3060 quando
1808 2991 1914 3046 maioris

1103 3061 1183 3130 pretii
1211 3061 1245 3114 sit
1271 3063 1295 3116 is
1324 3061 1370 3128 qui
1398 3067 1461 3114 ante
1487 3061 1639 3114 nominatus
1666 3061 1701 3114 sit
1727 3075 1776 3114 nec
1799 3059 1916 3114 sufficiat

1103 3127 1278 3196 posteriorem
1299 3127 1400 3182 retrahi
1421 3129 1449 3180 in
1472 3129 1636 3192 servitutem,
1659 3127 1733 3196 prior
1754 3127 1914 3182 sufficiat²²r

1105 3211 1167 3250 nam
1185 3197 1237 3250 hoc
1255 3211 1320 3250 casu
1337 3193 1458 3262 sequenti
1475 3193 1535 3250 loco
1551 3195 1679 3262 scriptum
1692 3193 1778 3250 solum
1790 3193 1826 3250 ad
1836 3195 1913 3250 bber-

1104 3267 1187 3316 tatem
1223 3269 1401 3318 errentnrum.

1139 3329 1179 3388 25
1220 3347 1379 3386 1111111111
1391 3331 1459 3386 libro
1474 3331 1567 3400 quieto
1580 3347 1770 3400 responsorum
1795 3329 1913 3384 11111-

1105 3399 1165 3452 dem
1183 3399 1346 3454 creditorum
1362 3403 1522 3454 testamento
1541 3397 1618 3452 datae
1631 3399 1768 3454 libertates
1779 3399 1914 3466 prioribus

1106 3467 1282 3520 creditoribus
1301 3467 1415 3520 dimissis
1433 3471 1543 3534 propter
1560 3481 1643 3520 novos
1662 3467 1806 3520 creditores
1823 3467 1915 3520 imitas

1106 3541 1176 3588 sunt.

1139 3601 1179 3660 26
1198 3601 1350 3658 Stratone
1373 3603 1440 3658 libro
1463 3607 1561 3672 quarta
1583 3619 1772 3674 responsorum
1806 3601 1915 3672 Pignori

1106 3673 1250 3740 obligatum
1272 3685 1377 3724 servum
1399 3671 1527 3726 debituris
1547 3671 1625 3724 heres
1642 3671 1808 3726 manumisit:
1832 3685 1914 3740 quae·

1106 3739 1185 3792 sitnm
1208 3743 1263 3802 est,
1289 3755 1325 3790 an
1346 3739 1414 3792 liber
1436 3743 1514 3792 esset.
1555 3739 1692 3806 respondit
1714 3739 1860 3794 secundum
1883 3755 1915 3792 ea

1106 3823 1174 3874 qnae
1196 3811 1422 3876 proponerentur,
1447 3805 1470 3860 si
1487 3805 1602 3874 pecunia
1619 3805 1699 3860 etiam
1715 3823 1786 3862 nunc
1805 3805 1913 3862 debere·

1105 3879 1158 3940 tur,
1171 3891 1225 3928 non
1238 3889 1296 3928 esse
1307 3873 1514 3928 manumissione
1526 3875 1639 3928 liberum
1650 3873 1760 3930 lactum.
1785 3873 1915 3930 Paetus:

1106 3943 1194 3996 soluta
1211 3959 1274 4010 ergo
1291 3943 1406 4012 pecnnia
1424 3959 1457 3996 ex
1473 3943 1519 3996 illa
1535 3943 1671 3998 voluntate
1688 3943 1756 3998 liber
1772 3943 1811 3996 fit.

1140 4007 1179 4066 27
1197 4009 1453 4064 Hanuoenurruus
1468 4009 1536 4064 libra
1547 4013 1640 4080 prima
1655 4013 1722 4066 iuris
1737 4011 1913 4082 epitoniorum

1104 4077 1137 4130 In
1160 4077 1282 4132 fraudem
1306 4077 1467 4132 creditorum
1491 4077 1685 4132 manumittitur
1710 4077 1829 4146 liberque
1856 4093 1914 4134 esse

1105 4147 1276 4214 prohibetur,
1300 4145 1356 4200 sire
1377 4147 1433 4200 dies
1451 4145 1591 4200 solvendae
1607 4147 1737 4214 pecuniae
1754 4147 1808 4198 iam
1825 4147 1913 4212 cessit,

1106 4213 1160 4266 sive
1177 4213 1204 4264 in
1223 4213 1290 4266 diem
1307 4213 1350 4266 vel
1367 4213 1416 4266 sub
1436 4213 1590 4266 condicione
1607 4213 1642 4268 sit
1657 4213 1783 4268 debitum.
1811 4213 1914 4268 diuersa

1107 4297 1189 4336 causa
1213 4285 1253 4336 est
1275 4281 1355 4348 legati
1379 4281 1429 4336 sub
1454 4279 1609 4336 condicione
1631 4281 1729 4336 relicti:
1754 4297 1815 4336 nam
1838 4287 1912 4336 ante-

250 4349 492 4414 accommodarerit,
510 4353 598 4404 umen
614 4365 669 4402 non
686 4349 737 4402 erit
753 4349 832 4402 liber:
856 4363 917 4402 nam
935 4353 962 4402 et
980 4347 1053 4402 divus
1106 4365 1185 4418 quam
1208 4351 1329 4404 10111110
1352 4351 1482 4414 extiterit,
1510 4351 1579 4404 inter
1603 4351 1747 4406 creditores
1770 4351 1913 4418 legatarius

250 4415 354 4472 Marcus
377 4417 515 4486 probibuit
536 4433 570 4472 ex
591 4417 784 4472 adclamatione
801 4417 895 4486 populi
912 4417 1053 4470 manumit-
1105 4419 1156 4472 iste
1173 4435 1227 4472 non
1241 4419 1363 4472 habetur.
1391 4417 1511 4472 exomni
1530 4423 1619 4486 autem
1637 4417 1912 4474 causacreditoribus

254 4489 263 4536 1
296 4491 360 4540 tere.
392 4485 459 4540 Item
475 4501 530 4540 non
546 4485 577 4540 fit
593 4485 668 4552 liber,
686 4485 710 4540 si
725 4487 854 4540 mentitus
872 4485 1002 4550 dominus,
1020 4501 1054 4540 ne
1105 4485 1133 4538 in
1151 4487 1202 4540 hac
1220 4491 1296 4554 parte
1312 4485 1446 4540 leerlia
1460 4487 1551 4540 Sentis
1568 4487 1743 4556 prospexitffl,
1760 4487 1828 4540 inter
1845 4501 1912 4552 quos

251 4555 482 4622 amagistratibus
505 4555 692 4622 castigaretur,
715 4553 780 4606 dixit
802 4567 861 4608 esse
883 4553 1008 4618 liberum,
1032 4553 1055 4606 si
1110 4561 1120 4606 1
1157 4553 1428 4608 fideicommissariam
1443 4555 1523 4608 etiarn
1537 4569 1594 4608 esse
1606 4553 1716 4622 placuit.
1743 4551 1851 4620 Pignori
1865 4551 1911 4604 da·

251 4621 265 4672 2
296 4637 350 4676 non
371 4621 423 4674 fuit
444 4621 588 4674 voluntatis
609 4621 820 4676 manumittendi.
856 4621 888 4674 Iu
908 4621 963 4688 his,
988 4637 1054 4690 quos
1106 4627 1150 4676 tus
1168 4637 1266 4690 servus,
1286 4627 1428 4690 antequam
1445 4621 1743 4678 11111110111111111Η
1760 4621 1833 4684 satis,
1856 4619 1912 4672 sine

250 4687 318 4744 intra
335 4695 408 4744 certa
423 4693 544 4756 tempora
561 4705 615 4742 non
632 4689 695 4744 licet
711 4689 909 4756 manumittere,
932 4691 955 4744 si
971 4693 1054 4744 testa-
1107 4705 1239 4744 consensu
1265 4689 1425 4744 creditorum
1448 4689 1597 4744 manumitti
1621 4705 1674 4744 non
1697 4691 1794 4756 potest.
1834 4687 1912 4742 sed²⁵

251 4763 334 4810 mento
359 4755 511 4826 acceperint
530 4757 692 4824 libertatem,
720 4775 773 4812 non
801 4759 954 4814 testamenti
980 4757 1053 4824 facti,
1106 4757 1202 4828 pupilli
1219 4759 1356 4814 creditoris
1375 4759 1442 4814 citra
1459 4759 1555 4814 tutoris
1568 4759 1753 4812 auctoritatem
1767 4771 1911 4810 consensus

251 4825 295 4878 sed
318 4825 492 4896 competentis
515 4825 644 4880 libertatis
665 4831 770 4894 tempus
791 4827 989 4896 inspiciendum
1005 4831 1054 4880 est.
1107 4827 1173 4880 nihil
1195 4827 1311 4882 libertati
1335 4827 1455 4898 prodest,
1478 4829 1558 4882 sicuti
1580 4841 1635 4882 non
1654 4825 1776 4894 prodest,
1799 4823 1911 4880 111111-

285 4889 321 4950 18
339 4893 419 4948 ineu
433 4893 500 4950 libro
518 4897 596 4948 serto
614 4893 714 4948 deamo
733 4895 770 4948 ad
782 4895 919 4948 Plautium
945 4897 973 4948 Si
985 4911 1055 4948 mor·
1107 4895 1209 4950 tnarius
1224 4897 1345 4966 pupillus
1361 4895 1562 4952 manumissioni
1579 4891 1698 4948 similiter
1716 4891 1872 4948 consentiat.

252 4959 284 5014 tis
305 4967 358 5014 tem
379 4977 423 5016 ore
447 4961 572 5016 solvendo
596 4959 631 5014 sit
652 4959 799 5026 hereditas,
824 4963 847 5016 si
870 4969 959 5018 tamen
978 4965 1055 5016 cum⁷
1142 4959 1408 5020 2111111111
1430 4967 1509 5018 tertie
1530 4963 1720 5016 sententiarum
1753 4959 1837 5016 Heres
1856 4977 1910 5016 ser-

253 5027 336 5082 aditur
358 4979 465 5084 1111111
486 5045 544 5086 1111
561 5029 699 5094 solvendo,
722 5029 830 5082 libertas
848 5045 865 5082 a
882 5035 1011 5084 testatore
1027 5031 1056 5084 in
1106 5047 1167 5086 rum
1177 5033 1322 5102 proprium,
1339 5047 1414 5104 quem
1425 5035 1539 5086 testator
1549 5031 1690 5102 legaverat,
1702 5029 1911 5088 manumittendo

252 5093 368 5152 fraudem
387 5099 546 5152 creditorum
563 5097 656 5152 relicta
673 5113 727 5152 non
746 5101 891 5166 competet:
909 5113 972 5152 nam
986 5097 1056 5152 sicut
1107 5101 1172 5152 nibil
1189 5101 1257 5170 agit,
1277 5101 1338 5180 quia
1355 5101 1481 5156 scientiae
1497 5099 1539 5152 vel
1556 5097 1721 5166 ignorantiae
1738 5099 1794 5154 eius
1810 5101 1911 5154 nubam

254 5169 328 5218 aucta
343 5167 477 5222 hereditas
494 5167 603 5236 prodest
619 5167 798 5232 libertatibus,
821 5165 860 5218 ita
877 5171 957 5220 nocet
974 5167 1054 5220 demi-
1106 5169 1208 5238 placuit
1225 5169 1328 5224 admitti
1344 5169 1481 5224 rationem.

254 5235 265 5282 1
301 5239 374 5288 nuta.
410 5233 494 5300 Stis,
520 5235 564 5290 cui
583 5235 693 5290 libertas
713 5233 807 5290 relicta
831 5239 884 5300 est,
910 5233 999 5290 iussus
1021 5235 1056 5290 sit
1141 5233 1181 5294 29
1202 5237 1293 5292 Gerus
1307 5237 1374 5290 libro
1387 5237 1478 5306 prime
1496 5233 1530 5288 de
1547 5237 1799 5292 manumissionibus
1825 5237 1911 5292 Gene-

224 5313 225 5316 ’
253 5295 341 5356 heredi
357 5301 421 5356 dare
438 5307 549 5368 tantum,
569 5301 1055 5372 1111111111,111111111111111-
1106 5305 1198 5360 raliter
1222 5305 1327 5372 pignori
1353 5303 1431 5356 datus
1456 5317 1547 5356 servus
1573 5301 1629 5358 sine
1650 5305 1830 5374 1111011110
1853 5305 1913 5362 inre

254 5377 318 5434 mus,
335 5383 372 5424 an
388 5367 474 5422 adhue
491 5367 567 5424 fraus
584 5371 619 5424 sit
637 5369 804 5436 creditorum,
821 5369 972 5438 quiaheres
985 5385 1055 5424 mor·
1107 5371 1233 5428 debitoris
1257 5377 1299 5426 est
1327 5377 1353 5424 et
1378 5371 1476 5424 iustam
1501 5369 1650 5428 libertatem
1673 5375 1707 5430 ab
1731 5389 1762 5430 eo
1787 5375 1912 5442 consequi

254 5433 285 5488 tls
302 5449 384 5492 cansa
401 5439 561 5506 accepturus
578 5443 627 5506 est,
644 5455 680 5494 an
697 5455 766 5508 vero,
785 5437 808 5494 si
824 5437 894 5492 alius
907 5453 956 5506 pro
971 5453 1002 5494 eo
1014 5438 1056 5494 vel
1107 5445 1208 5508 potest,
1232 5437 1254 5492 si
1277 5437 1320 5492 lex
1337 5437 1413 5492 Aelia
1431 5437 1522 5494 Sentis
1540 5455 1594 5496 non
1610 5441 1737 5512 impediat
1753 5442 1911 5510 libertatem,

255 5605 282 5668 (1)
299 5605 677 5674 111111111111111111111111112
745 5613 776 5672 (1)
794 5609 1056 5676 possinteuprasorip·
1108 5609 1192 5660 extitit
1201 5611 1246 5660 del·
1325 5607 1358 5672 (1)
1376 5611 1568 5676 somniasset*
1638 5617 1683 5680 (11)
1700 5613 1910 5680 quaestionem.

254 5673 471 5740 teepcrsoneescr.
545 5679 578 5742 (1)
595 5679 772 5730 1111111111Ὶ
842 5679 873 5740 (1)
892 5679 1056 5742 11111111).
1109 5675 1416 5740 (11)111111111ιι1111.1ῖ’2
1511 5683 1555 5748 (11)
1573 5683 1641 5750 prior
1655 5685 1739 5734 autem
1752 5683 1857 5734 sufficiet
1871 5681 1911 5730 F'

255 5743 293 5804 10,
302 5753 345 5806 2,s
420 5745 453 5808 (s)
471 5743 572 5810 optes
647 5749 680 5810 (1)
698 5749 870 5798 naudeledd.
949 5747 981 5808 (t)
1000 5761 1056 5794 cum
1108 5743 1337 5810 (13)prospicitF²
1404 5747 1449 5818 (14)
1465 5749 1554 5800 natm
1622 5755 1665 5818 (15)
1682 5753 1761 5804 etiae,

257 5829 297 5860 aa.
306 5809 331 5860 F
422 5813 456 5878 (e)
473 5815 584 5878 quamvis
597 5815 681 5880 postea
694 5815 856 5866 manumissor
871 5811 970 5866 domino
986 5813 1056 5864 heres
