4366 6258
276 353 384 418 insu
406 353 447 436 u,
471 357 521 418 nn.
544 359 583 418 aa

278 537 348 592 Titio
366 543 393 592 et
410 537 485 602 Seio,
507 537 612 592 si'Fitii
627 551 690 604 pars
707 541 756 590 aut
771 537 829 590 teta
846 535 976 590 meamea
993 535 1028 590 sit
1043 535 1081 590 le·

276 605 358 672 gatis,
382 619 450 672 quae
467 603 622 658 nominatim
638 603 673 656 ab
692 617 723 656 ee
742 601 806 656 data
830 607 906 668 sunt,
929 607 978 656 aut
1000 617 1083 670 supra

277 671 383 724 medum
405 675 529 734 onerata,
554 667 648 724 aSeie
671 683 732 724 vere
757 673 805 722 aut
824 669 898 724 nulla
919 669 1012 724 relicta
1028 669 1083 724 siut

277 737 377 808 legata,
403 741 451 790 aut
473 751 542 806 qnae
563 739 669 804 partem
692 735 748 790 eius
771 735 912 792 dumtaxat
933 739 962 790 in
978 739 1082 804 partem

277 805 409 860 dimidiam
431 803 567 868 mineum,
590 817 639 868 au,
663 803 725 870 quia
741 803 765 856 is
782 809 904 872 quartam
921 809 1023 875 partem
1040 809 1081 858 te·

276 873 330 928 tius
347 871 501 926 hereditatis
518 875 566 922 aut
582 871 694 938 amplius
711 871 806 938 habet,
824 871 894 928 Titio
911 871 978 926 nihil
994 885 1027 924 ex
1044 871 1081 926 le·

275 939 353 1006 gatis,
371 953 439 1006 quae
456 937 489 990 ab
509 953 540 990 eo
557 937 651 990 relicta
668 943 747 1004 sunt,
764 939 877 994 retinere
892 939 996 994 liceret:
1023 939 1081 1006 pla·

277 1005 332 1058 cuit
348 1005 462 1070 retinere
477 1003 570 1070 heere,
593 1009 624 1058 ut
647 1011 770 1072 quartam
810 1011 895 1060 artem
917 1021 982 1060 suae
998 1005 1082 1074 partis

277 1073 376 1126 salvam
398 1071 527 1126 babeat¹2
552 1071 648 1126 etenim
671 1071 761 1128 insin
809 1075 830 1130 ’s
854 1073 996 1128 heredibus
1012 1075 1081 1128 ratio

277 1143 292 1192 2
326 1139 390 1208 legis
416 1139 552 1192 Falcidiae
576 1141 700 1208 ponenda
724 1147 772 1198 est.
809 1141 967 1210 ²Quantitas
992 1147 1082 1198 antem

276 1207 441 1276 patrimonii,
465 1207 500 1262 ad
522 1223 602 1276 quam
624 1207 693 1264 ratio
710 1211 776 1280 legis
794 1209 930 1266 Falcidiae
945 1209 1081 1278 redigitur,

277 1275 368 1330 mertis
385 1279 504 1344 tempore
521 1279 665 1344 spectatur.
692 1277 782 1348 itaque
805 1279 828 1334 si
848 1275 921 1332 verbi
942 1277 1027 1346 gratia
1049 1279 1081 1344 is,

277 1343 321 1412 qui
338 1349 444 1398 centum
461 1359 601 1398 aureorum
638 1347 806 1400 strimonium
822 1345 953 1410 babebat,
976 1351 1082 1400 eentum

276 1411 398 1466 aureoal
431 1411 521 1480 averit,
539 1411 604 1466 nibil
618 1361 755 1482 iegatariis
791 1413 889 1478 redeat,
908 1411 930 1474 si
947 1417 1008 1468 ante
1025 1413 1081 1468 adi-

276 1483 335 1560 tam·
347 1479 410 1534 here
428 1479 519 1534 itatem
535 1495 585 1562 per
601 1497 692 1538 serres
710 1431 883 1536 bereiitaries
897 1485 944 1534 aut
958 1495 991 1534 ex
1002 1487 1083 1552 partu

276 1549 430 1602 acerbarum
452 1549 671 1606 heredrtudarum
692 1555 789 1606 autex
805 1549 864 1604 fetu
876 1563 1005 1618 pecorum
1022 1555 1081 1604 tan-

276 1621 333 1672 tum
347 1619 489 1672 accesmrit
502 1617 651 1684 hereditati,
669 1625 700 1672 ut
714 1623 821 1672 centum
836 1617 923 1672 aurds
936 1619 1082 1686 legatorum

277 1687 381 1740 nemine
407 1687 520 1756 erogatis
545 1687 623 1744 heres
649 1693 771 1756 quartam
797 1691 900 1756 partem
929 1685 1083 1742 hereditatis

276 1753 414 1810 habiturus
431 1757 474 1822 sit,
492 1757 539 1812 sed
556 1771 666 1810 necesse
680 1759 729 1818 est,
746 1759 777 1806 nt
791 1753 871 1810 nihile
886 1753 972 1810 minus
986 1761 1083 1824 quarta

276 1837 340 1906 pars
364 1825 457 1894 legatis
484 1825 647 1905 detrahatur.
680 1837 714 1904 en
737 1821 840 1878 diverse
866 1823 890 1904 si
915 1825 1083 1904 sephpsginta

275 1891 771 2016 adsistereassidere
784 1891 1083 2030 attestante.

275 2035 324 2084 aut
344 2035 429 2084 morte
452 2045 600 2094 serrorum,
623 2033 655 2084 ut
678 2045 732 2082 nen
749 2027 861 2108 amplius
879 2043 961 2098 quam¹
975 2035 1083 2098 septua-

274 2099 348 2166 ginta
370 2097 486 2166 quinque
507 2113 648 2152 aeneorum
670 2097 821 2152 subinnui
842 2095 884 2152 rel
901 2097 980 2152 etiam
996 2097 1083 2152 minus

274 2167 447 2236 relinquatur,
464 2165 549 2222 selide
562 2167 650 2236 legate
665 2165 827 2220 debentur³.¹
844 2181 893 2222 nec
908 2181 939 2222 ea
951 2181 994 2222 res
1009 2167 1083 2222 dam-

275 2251 342 2290 nosa
358 2239 398 2288 ost
413 2233 519 2302 heredi,
542 2233 585 2290 cui
601 2231 714 2290 liberum
733 2239 844 2290 estnon
861 2233 934 2290 adire
951 2233 1083 2290 heredita·

274 2307 341 2360 tem:
365 2317 434 2374 quae
455 2319 499 2358 res
522 2301 618 2368 efficit,
644 2307 676 2358 nt
700 2317 810 2360 necesse
832 2303 867 2360 sit
883 2303 1032 2374 legatariis,
1050 2319 1083 2360 ne

240 2407 241 2410 =
275 2371 400 2428 destituto
417 2377 576 2428 testamento
595 2371 661 2426 nihil
679 2377 891 2442 consequantur,
911 2389 971 2428 eum
986 2371 1084 2428 herede

275 2445 290 2496 3
324 2443 352 2496 in
368 2441 491 2512 portione
507 2441 615 2512 pacisci.
651 2439 718 2496 Cum
741 2447 830 2496 autem
852 2441 921 2498 ratio
938 2441 1002 2512 legis
1019 2441 1083 2496 Fal·

275 2509 360 2566 cidiae
376 2509 497 2580 ponitur,
515 2515 577 2566 ante
595 2509 798 2566 deducitur-aes
815 2509 1023 2578 alienum,ite1u
1040 2509 1083 2564 iu·

275 2579 345 2634 neris
370 2581 491 2650 impensa
516 2583 543 2634 et
567 2579 654 2648 pretia
686 2595 822 2634 servemm
853 2579 1083 2644 manumissorum,

275 2653 339 2702 tunc
356 2647 450 2704 deiude
466 2647 495 2702 in
512 2647 612 2716 relique
635 2647 675 2702 ita
697 2649 765 2702 ratie
789 2647 918 2714 habetur,
942 2653 974 2702 ut
995 2661 1029 2702 ex
1050 2661 1083 2702 ee

275 2721 370 2786 quarta
386 2731 448 2786 pars
465 2715 538 2784 apud
554 2713 667 2770 heredes
683 2719 830 2782 remaneat,
848 2721 902 2786 tres
917 2719 1083 2784 temperies

275 2785 342 2840 inter
358 2783 499 2854 legatarios
517 2783 726 2848 distribuantur,
748 2799 798 2852 pre
820 2787 880 2836 r'ta
903 2783 1004 2838 scilicet
1020 2797 1083 2852 per·

274 2851 345 2908 tiene
368 2853 439 2916 eius,
464 2851 536 2920 qued
558 2851 654 2932 cuique
678 2851 797 2906 eoruml
844 2857 902 2906 tum
917 2851 1005 2906 fuerit.
1032 2851 1083 2904 ita-

275 2935 325 2990 que
341 2917 365 2974 si
381 2919 510 2988 fingamus
527 2917 735 2988 quadringentos
752 2923 849 2974 aureos
865 2920 966 2988 legatos
984 2933 1042 2974 erse
1056 2923 1085 2974 et

275 2989 426 3058 patrimonii
443 2987 631 3058 quantitatem,
656 3001 690 3040 ex
707 3003 760 3058 qua
777 2989 867 3058 legata
884 2989 987 3070 erogari
1003 3001 1083 3058 eper-

275 3061 328 3122 tet,
352 3055 604 3126 quadringenterum
627 3071 699 3124 esse,
717 3063 822 3128 ¹*quarta
837 3073 902 3126 pars
919 3057 1028 3126 singuiis
1045 3055 1082 3110 le·

307 3125 382 3178 tariis
400 3125 503 3184 detrahi
520 3123 606 3188 debet.
633 3125 730 3196 quodsi
744 3131 878 3180 trecentos
893 3125 956 3196 quin
974 3125 1083 3196 uagima

274 3141 375 3264 iiiios
392 3191 529 3262 fingamus
548 3199 644 3248 octava
662 3193 741 3248 debet
758 3193 870 3250 detrahi.
897 3143 991 3264 querisi
1006 3193 1082 3262 quin·

274 3267 366 3382 qantos
383 3261 516 3332 legaverit,
533 3261 609 3316 initio
626 3261 735 3330 quinta,
753 3261 849 3318 deinde
866 3267 961 3332 quarta
979 3261 1084 3316 detrahi

293 3331 365 3384 ebct:
389 3335 453 3384 ante
475 3329 545 3384 enim
563 3329 756 3384 detrahendum
773 3337 828 3396 est,
853 3331 924 3400 qued
941 3335 1017 3384 extra
1034 3331 1082 3386 bo·

273 3396 759 3536 flgrffifflffiffioffitsteileinde
776 3397 848 3468 quod
865 3413 898 3454 ex
915 3397 993 3454 benis
1010 3397 1083 3468 apud

617 3605 736 3668 XXIII⁴

323 3703 370 3758 DE
387 3703 723 3760 rienmellllrssnans
741 3705 1026 3778 mussemutinae.

308 3803 411 3860 ‘'Nunc
428 3809 595 3860 banseamus
613 3805 647 3860 ad
665 3765 876 3862 iideicemmissa.
905 3811 931 3860 et
953 3805 1028 3876 prius
1051 3805 1084 3862 de

274 3871 471 3928 'hereditatibus
489 3871 739 3928 fideicommissariis
756 3873 909 3928 videamus:

276 3947 287 3994 1
357 3939 499 3996 Sciendum
521 3943 611 4012 itaque
633 3947 675 3996 est
697 3941 786 3996 emnia
808 3941 1012 3998 fideicommissa
1029 3941 1083 4012 pri-

273 4009 324 4066 mis
339 4009 503 4078 temporibus
519 4009 624 4064 infirma
641 4025 708 4076 esse,
727 4009 789 4078 quia
802 4025 879 4066 neme
893 4009 990 4066 indens
1006 4025 1083 4078 cege-

273 4079 354 4132 batur
369 4083 507 4148 praestare
523 4079 552 4132 id
569 4079 602 4134 dc
620 4095 672 4150 quo
690 4093 720 4132 ro
740 4083 800 4132 atus
814 4083 886 4134 erati
905 4077 999 4150 quibus
1015 4079 1083 4134 enim

273 4163 328 4202 non
344 4151 468 4216 poterant
484 4147 645 4204 hereditates
662 4147 704 4202 rel
722 4095 810 4216 iegata
826 4147 983 4218 relinquere,
1001 4147 1025 4204 si
1040 4163 1083 4204 re·

273 4215 435 4286 linquebant,
452 4215 514 4270 fidei
532 4215 733 4270 committebant
751 4231 856 4282 eorum,
874 4217 921 4284 qui
938 4231 1034 4284 capere
1052 4231 1084 4270 ex

273 4289 431 4340 testamento
449 4291 588 4354 poterant:
608 4289 634 4338 et
650 4283 711 4338 ideo
728 4283 933 4340 fideicommissa
950 4285 1084 4354 appellata

274 4357 350 4418 sunt,
376 4353 438 4422 quia
460 4353 533 4408 nulle
556 4351 663 4408 maculo
680 4349 759 4416 iuris,
785 4351 831 4408 sed
855 4357 960 4408 tantum
981 4351 1084 4420 pudere

274 4435 364 4474 eorum
381 4423 428 4490 qui
443 4423 607 4492 rogabantur
625 4419 840 4474 continebantur.
872 4425 966 4490 postca
983 4421 1083 4490 primus

274 4487 348 4542 drus
370 4489 506 4560 Augmtus
530 4489 611 4546 semel
632 4489 781 4558 iterumque
803 4489 897 4558 gratia
909 4503 1085 4558 personarum

273 4561 375 4622 metus,
397 4559 439 4612 rel
462 4559 525 4628 quie
548 4573 596 4630 per
612 4557 695 4628 ipsius
713 4557 827 4612 salutem
843 4561 951 4626 regatus
968 4557 1026 4628 quis
1044 4557 1084 4612 di·

275 4629 386 4690 ceretur,
404 4633 453 4680 ant
470 4627 504 4682 eb
521 4627 650 4696 insignem
668 4627 834 4696 quemndam
851 4623 990 4696 perfidiam
1007 4625 1085 4680 iussit

274 4693 427 4748 consulibus
442 4695 628 4750 auctoritatem
643 4711 720 4750 suam
733 4693 909 4762 interponere.
936 4693 1008 4762 qued
1023 4693 1085 4764 quia

272 4761 371 4816 iustum
387 4761 526 4840 ridebatur
543 4769 570 4818 et
586 4765 716 4832 populare
734 4767 804 4828 crat,
828 4761 957 4830 paulatim
974 4777 1083 4818 cenver-

273 4845 332 4886 sum
349 4833 391 4886 est
406 4845 434 4882 111
452 4831 590 4886 adsiduam
606 4831 829 4888 iurisdictionem:
848 4835 991 4900 tantusque
1008 4831 1085 4886 lavor

274 4915 366 4954 serram
381 4897 478 4978 iactus.
489 4903 538 4964 est,
556 4903 588 4954 ut
600 4901 730 4970 paulatim
745 4899 825 4954 mam
838 4903 946 4968 praetor
959 4899 1083 4968 proprius

274 4975 416 5034 crearetur,
434 4983 480 5038 qm
496 4965 707 5026 fideicommissis
724 4969 765 5024 ius
784 4967 893 5036 diceret,
911 4983 990 5038 quern
1007 4967 1082 5024 fidei-

275 5037 483 5094 commissariam
501 5035 681 5116 appellabant.

274 5111 289 5160 t
331 5143 332 5146 κ
359 5107 414 5164 ⁸'In
430 5105 522 5178 primis
538 5105 618 5176 rgitm
640 5107 780 5162 sciendum
803 5107 845 5160 est
866 5119 934 5186 epus
957 5119 1038 5186 esec,
1054 5109 1085 5160 ut

274 5175 377 5246 'aliquis
393 5181 467 5232 recte
484 5173 542 5230 iure
558 5177 718 5230 testamento
736 5177 814 5230 heres
836 5173 993 5230 insutuatur
1016 5189 1084 5230 ens·

274 5241 993 5386 aatranssambrinae
1007 5243 1085 5369 ιι

346 5353 353 5368 ·
866 5355 876 5382 r

275 5489 303 5552 (1)
323 5485 420 5554 placuit
431 5487 525 5540 retlic.
533 5485 690 5552 ut...habeat]
701 5487 806 5554 smirci:
818 5487 882 5554 plac.
890 5491 935 5542 ret.
943 5487 987 5540 lie.
994 5505 1037 5540 em.
1046 5485 1081 5554 B,

274 5557 372 5622 placuit
382 5559 411 5608 ut
422 5555 562 5622 (placuitin
575 5559 630 5624 W).
638 5593 644 5608 .
652 5595 657 5608 .
665 5557 827 5622 haheatetpl.
835 5573 908 5626 posse
920 5561 1016 5626 (poetae
1028 5557 1082 5620 W‘)

275 5631 319 5678 ret.
332 5627 399 5680 CPE
406 5625 438 5680 W
503 5629 535 5692 (ι)
557 5627 826 5696 disimilisDiq.35,2,
835 5629 983 5698 'repr-(Gai.
992 5625 1084 5680 tesca

276 5697 398 5764 adproa.)
466 5695 498 5758 (a)
516 5695 794 5764 ciceia-‚ientacula

310 5767 342 5830 (ι)
363 5767 400 5832 df.
411 5761 610 5826 (tetamento
628 5767 758 5834 Dinaea
779 5765 903 5830 dodam
971 5767 1005 5830 (a)
1025 5763 1083 5818 Gai.

277 5833 409 5896 tarsen
477 5833 783 5896 (claudianenses
835 5837 867 5896 (ι)
888 5835 1083 5896 (lutheranae

1082 347 1125 422 ib

1258 369 1305 418 nn
1325 355 1654 418 nmnrcemnsssnns
1674 321 1940 406 nnannmsrmus
1967 337 1968 340 ’

1132 537 1216 592 ’heres
1232 535 1388 592 insiditur.
1421 547 1483 586 cum
1499 529 1579 600 igitur
1596 527 1692 598 eliquia
1709 527 1858 602 scripserit:
1877 527 1942 584 ‘Lu-

1132 603 1207 658 '‘cius
1229 603 1316 658 Titius
1340 601 1418 656 heres
1445 599 1520 664 esto',
1543 595 1643 670 peterit
1665 597 1783 652 adiceret
1808 601 1880 668 ‘rege
1905 603 1941 664 tc,

1133 669 1217 724 '‘Luei
1230 671 1293 736 Titi,
1310 673 1349 734 ut,
1367 685 1428 724 cum
1443 665 1557 736 primum
1570 665 1656 736 pessis
1670 665 1844 722 hereditatem
1857 679 1941 720 meam

1133 737 1236 804 '‘adire,
1260 751 1319 792 cam
1337 737 1405 790 Gaio
1423 733 1484 790 Seio
1501 733 1598 790 reddas
1615 733 1758 790 restituas'.
1785 739 1875 804 potest
1892 749 1940 790 au·

1132 805 1192 860 'tem
1209 805 1320 874 quisque
1337 811 1365 860 et
1382 805 1415 858 dc
1427 807 1506 874 parte
1519 801 1684 876 restituenda
1696 801 1821 858 heredem
1833 819 1940 874 regare:

1133 873 1167 926 *et
1183 873 1296 928 liberum
1313 877 1353 928 est
1370 871 1410 928 vel
1427 887 1494 940 pure
1507 873 1548 926 vel
1561 871 1611 926 sub
1627 871 1782 928 condicione
1796 873 1942 942 relinquere

1133 939 1370 994 'fideicommissum
1387 939 1429 994 vel
1446 955 1480 994 ex
1496 939 1539 994 die
1557 943 1638 994 certe.

1133 1009 1148 1060 3
1217 1007 1359 1062 'Restituta
1382 1011 1473 1060 antem
1494 1005 1642 1062 hereditate
1664 1005 1687 1062 is
1710 1007 1816 1086 quidem
1838 1007 1884 1078 qui
1900 1021 1942 1062 re·

1112 1129 1113 1132 ,
1133 1073 1228 1128 *stituit
1244 1075 1326 1130 nihilo
1344 1075 1431 1130 minus
1448 1075 1525 1132 heres
1562 1081 1694 1130 ermanet:
1717 1091 1742 1130 1s
1757 1091 1820 1132 rere
1838 1075 1884 1146 qni
1900 1091 1941 1132 re·

1133 1141 1206 1212 'cipit
1226 1141 1401 1198 hereditatem
1423 1143 1531 1214 aliquan
1550 1159 1566 1198 e
1589 1143 1693 1198 heredis
1711 1143 1854 1214 aliquande
1871 1143 1941 1212 lega-

1133 1214 1149 1265 4
1184 1213 1253 1264 *tarii
1277 1211 1338 1266 lece
1364 1211 1521 1266 habebatur.
1566 1211 1622 1264 ⁷Et
1646 1213 1675 1266 in
1700 1211 1813 1268 Neronis
1839 1211 1943 1282 quidem

1133 1279 1193 1332 'tem
1212 1279 1302 1334 oribus
1317 1279 1449 1334 Trebellio
1463 1279 1581 1336 Maxime
1597 1285 1623 1336 et
1637 1281 1748 1334 Annaeo
1763 1279 1865 1336 Seneca
1879 1295 1942 1334 een-

1133 1295 1262 1402 *snliiuffi
1279 1353 1388 1402 senatus
1406 1347 1557 1402 consultum
1573 1347 1676 1402 laetum
1693 1353 1747 1414 est,
1765 1363 1817 1418 que
1835 1351 1944 1402 cantum

1133 1415 1194 1480 bat,
1218 1419 1262 1480 ut,
1286 1415 1327 1470 si⁹
1343 1414 1477 1470 hereditas
1501 1431 1533 1470 ex
1550 1417 1746 1472 fideicommissi
1763 1429 1845 1470 eausa
1866 1417 1943 1470 resti-

1120 1483 1200 1552 ftuta
1223 1483 1272 1548 sit,
1296 1499 1388 1538 omnes
1406 1483 1539 1550 actiones,
1563 1499 1632 1554 quae
1648 1485 1706 1538 iure
1724 1483 1794 1538 cirili
1809 1483 1900 1538 heredi
1917 1489 1945 1538 et

1133 1551 1169 1606 ‘in
1192 1549 1316 1606 heredem
1340 1557 1533 1620 competerent,
1562 1553 1587 1606 ei
1615 1557 1643 1606 et
1670 1555 1698 1606 in
1726 1567 1786 1606 eum
1808 1551 1942 1618 darentur,

1133 1619 1185 1674 'eui
1199 1633 1233 1672 ex
1245 1617 1449 1674 fideicommisse
1463 1621 1587 1674 restituta
1601 1627 1671 1674 esset
1679 1623 1700 1654 ¹⁰
1717 1621 1858 1674 hereditas.
1882 1627 1944 1690 pest

1133 1687 1212 1758 'qued
1229 1693 1338 1742 senatus
1357 1687 1507 1742 consultum
1523 1693 1632 1758 praeter
1648 1689 1726 1744 utiles
1744 1689 1861 1742 actiones
1880 1687 1944 1744 eiet

1134 1757 1168 1810 ‘in
1194 1769 1252 1810 eum
1280 1757 1326 1824 qui
1347 1755 1449 1826 recepit
1469 1757 1644 1812 hereditatem
1667 1755 1744 1826 quasi
1765 1755 1857 1810 heredi
1873 1761 1900 1810 et
1916 1759 1944 1810 in

1133 1827 1149 1876 5
1185 1823 1315 1878 *heredem
1331 1825 1396 1878 dare
1413 1825 1511 1894 coepit.
1547 1823 1599 1880 Sed
1623 1825 1686 1894 quia
1708 1823 1821 1880 heredes
1843 1823 1943 1893 scripti,

1134 1891 1202 1946 'cum
1226 1897 1275 1946 aut
1298 1897 1384 1946 tetam
1406 1891 1581 1948 hereditatem
1605 1897 1653 1948 aut
1674 1907 1760 1962 paene
1781 1897 1865 1948 totam
1887 1891 1942 1960 ple·

1134 1959 1251 2030 'mmque
1268 1961 1409 2014 restituere
1425 1961 1603 2030 rogabantur,
1628 1959 1701 2014 adire
1718 1959 1892 2014 hereditatem
1909 1961 1942 2014 ob

1134 2027 1242 2082 'nudum
1259 2029 1301 2082 rel
1318 2029 1455 2084 minimum
1471 2029 1575 2084 lucrum
1592 2029 1754 2084 recusabant
1770 2033 1851 2098 atque
1868 2029 1902 2082 eb
1916 2029 1944 2082 id

1135 2095 1365 2166 *extinguebantur
1378 2095 1597 2152 fideicommissa:
1633 2101 1707 2152 estea
1715 2095 1874 2166 Vespasiani
1887 2095 1943 2150 An·

1135 2165 1212 2236 'gusti
1244 2165 1408 2236 temporibus
1434 2165 1537 2236 Pegaso
1565 2171 1592 2220 et
1613 2113 1734 2220 i’nsione
1759 2165 1943 2218 consulibus¹¹

1134 2233 1251 2290 'senatus
1269 2233 1411 2300 censuit¹²,
1428 2239 1460 2288 ut
1476 2233 1514 2300 ei,
1538 2233 1584 2302 qui
1600 2239 1708 2302 regatus
1725 2239 1797 2288 esset
1812 2231 1943 2288 beredita-

1133 2299 1365 2370 ‘tcmrestituera
1388 2303 1497 2374 perinde
1514 2301 1607 2358 liceret
1624 2307 1746 2370 quartam
1763 2305 1865 2372 partem
1881 2301 1941 2356 reti-

1134 2369 1217 2438 nere,
1241 2377 1322 2440 atque
1343 2371 1401 2440 lege
1418 2371 1539 2426 Falcidia
1557 2385 1590 2424 ex
1606 2371 1699 2438 legatis
1716 2371 1830 2424 retinere
1847 2383 1943 2424 cence-

1133 2437 1221 2494 *ditun
1246 2455 1280 2494 ex
1296 2439 1406 2510 singulis
1424 2455 1531 2508 quoque
1548 2437 1643 2504 rebus,
1661 2453 1730 2508 quae
1745 2455 1794 2508 per
1809 2437 1944 2492 fideicom-

1134 2507 1251 2564 *missum
1268 2509 1467 2577 relinquuntur,
1492 2507 1584 2560 eadem
1606 2507 1719 2562 retentio
1742 2505 1872 2576 permissa
1895 2511 1942 2562 est.

1134 2575 1203 2644 'post
1220 2575 1291 2646 quod
1308 2581 1416 2632 senatus
1436 2573 1587 2630 consultum
1604 2573 1662 2644 ipae
1679 2575 1757 2630 heres
1772 2591 1854 2630 onera
1868 2575 1943 2630 here·

1134 2643 1237 2700 'ditaris
1255 2643 1418 2700 sustinebam
1441 2643 1486 2698 ille
1503 2647 1605 2710 numm,
1630 2643 1675 2712 qui
1692 2659 1726 2698 cx
1742 2641 1944 2698 fideicommisse

1134 2711 1241 2782 'recepit
1265 2715 1369 2782 partem
1394 2711 1564 2778 hereditatis,
1595 2713 1715 2780 legatarii
1739 2711 1860 2780 partiarii
1885 2713 1944 2766 loce

1134 2779 1213 2846 *erat,
1236 2779 1323 2834 idest
1340 2779 1397 2834 eins
1415 2779 1550 2848 legatarii,
1574 2779 1618 2834 cui
1640 2795 1704 2848 pars
1727 2779 1857 2836 bonerum
1874 2781 1944 2848 lega·

1134 2847 1230 2902 batur.
1258 2863 1328 2918 quae
1345 2849 1448 2918 species
1464 2849 1545 2916 legati
1568 2847 1676 2916 partitio
1699 2849 1860 2914 recabatur,
1883 2849 1946 2918 quia

1134 2915 1203 2972 'cum
1219 2915 1317 2972 herede
1331 2917 1473 2986 legatarius
1488 2917 1657 2986 partiebatur
1670 2915 1851 2970 hereditatem.
1874 2916 1946 2972 unde

1134 2983 1211 3056 'quae
1227 2985 1350 3040 solebant
1367 2983 1554 3054 stipulationes
1570 2983 1640 3038 inter
1656 2983 1780 3040 heredem
1798 2989 1824 3040 et
1845 2985 1944 3108 {amia-

1134 3055 1209 3108 'rinm
1226 3053 1382 3124 legatarium
1404 3053 1554 3134 interponi,
1577 3051 1685 3108 eaedem
1707 3053 1846 3124 interpone
1866 3059 1947 3108 antur

1134 3123 1209 3178 'inter
1226 3137 1295 3190 eum,
1313 3121 1359 3192 qui
1376 3139 1409 3178 ex
1425 3121 1630 3178 fidecommisso
1647 3137 1708 3178 rece
1727 3121 1748 3176 it
1763 3121 1945 3188 hereditatem,

1134 3191 1169 3246 *et
1185 3191 1323 3258 heredem,
1340 3189 1368 3244 id
1386 3197 1427 3246 est
1443 3195 1475 3244 ut
1492 3195 1519 3246 et
1535 3191 1639 3244 lucrum
1656 3197 1685 3244 et
1700 3139 1827 3246 dpamnum
1843 3191 1945 3246 heredi-

1134 3265 1150 3314 o
1186 3259 1414 3328 'tariumpreratu
1427 3265 1506 3328 parte
1520 3259 1845 3314 intereoscommunesit.
1872 3259 1944 3328 Ergo

1134 3327 1164 3418 [si
1181 3327 1286 3398 quidem
1300 3343 1354 3382 nen
1368 3329 1523 3406 plusquam
1539 3325 1695 3408 dodrantem
1709 3325 1864 3382 hereditatis
1880 3329 1945 3408 seri-

1134 3397 1946 3520 'iiiitiisercegersingliiuieiiitireesliittlierrieiiiiiaixeiriribriiiirariio

1134 3531 1596 3670 turceleburnensi
1616 3533 1946 3672 ιιιιιιι

1134 3668 1258 3740 'cipiebat
1274 3667 1449 3724 hereditatem
1466 3685 1499 3724 ex
1517 3641 1626 3724 senatuis
1640 3669 1763 3724 censcrlte
1779 3669 1946 3724 trebelliano

1135 3739 1277 3808 'tamquam
1293 3737 1322 3790 in
1339 3739 1472 3792 heredem.
1499 3739 1558 3792 ιιι18
1576 3739 1599 3792 si
1615 3739 1676 3808 plns
1693 3753 1773 3808 quam
1791 3739 1946 3792 dodrantem

1134 3807 1182 3862 'rel
1204 3805 1284 3860 etiam
1307 3811 1392 3860 tetam
1413 3805 1587 3860 hereditatem
1610 3807 1751 3862 restituere
1772 3811 1880 3874 regatus
1903 3807 1946 3870 sit,

1134 3873 1218 3928 'locus
1237 3877 1295 3928 erat
1310 3873 1458 3942 Pegasiano
1477 3881 1587 3928 senatus
1605 3873 1736 3940 consulte,
1754 3879 1782 3928 et
1798 3875 1883 3940 heres,
1902 3873 1947 3942 qni

1135 3943 1222 3996 *semel
1249 3941 1343 3996 adierit
1368 3941 1555 4008 hereditatem,
1583 3943 1607 3996 si
1631 3943 1710 3998 mode
1736 3957 1786 3996 sna
1810 3943 1947 3996 voluntate

1136 4009 1250 4076 adierit,
1274 4009 1329 4066 sive
1343 4009 1483 4064 retinuerit
1500 4015 1624 4082 quartam
1640 4015 1743 4080 partem
1761 4011 1815 4066 sire
1832 4009 1947 4066 noluerit

1135 4079 1269 4146 retinere,
1292 4079 1350 4148 ipsc
1371 4079 1496 4134 universa
1512 4075 1773 4134 chananaecrum
1790 4079 1945 4134 sustinebat.

1136 4147 1189 4204 'sed
1199 4147 1220 4180 ¹⁴
1235 4153 1332 4216 quarta
1346 4147 1454 4228 quidem
1467 4153 1572 4204 retenta
1587 4149 1663 4218 quasi
1674 4147 1758 4218 partis
1775 4153 1857 4216 etpre
1871 4153 1947 4218 parte

1136 4217 1326 4286 *stiprdatienes
1348 4217 1588 4286 interponebantur
1608 4223 1744 4286 tamquam
1760 4217 1830 4270 inter
1866 4215 1946 4270 astia-

1136 4285 1212 4340 'rium
1228 4285 1386 4354 legatarium
1403 4291 1431 4340 et
1447 4285 1584 4340 heredem:
1610 4285 1632 4340 si
1656 4301 1717 4340 rere
1741 4289 1826 4340 totam
1842 4233 1946 4338 irredi-

1135 4355 1224 4408 'tatem
1250 4351 1407 4420 restituerit,
1441 4355 1575 4422 ¹⁵emptac
1598 4357 1626 4408 et
1647 4353 1770 4408 venditae
1792 4351 1946 4408 hereditatis

1136 4421 1326 4490 *stipulationes
1348 4421 1596 4490 interponebantur.
1628 4421 1676 4476 sed
1702 4421 1726 4478 si
1752 4425 1860 4476 recuset
1881 4421 1946 4474 seri-

1136 4489 1205 4558 *ptus
1222 4487 1299 4544 heres
1317 4489 1392 4544 adire
1408 4489 1584 4546 hereditatem
1600 4489 1635 4546 ob
1652 4489 1689 4556 id,
1708 4489 1780 4560 qued
1797 4489 1871 4544 dicat
1887 4503 1946 4542 eam

1136 4555 1194 4616 'sibi
1211 4561 1362 4628 suspectam
1379 4573 1439 4614 esse
1456 4557 1533 4628 quasi
1551 4557 1719 4624 damnosam,
1738 4561 1847 4612 caretur
1862 4557 1946 4628 Pega-

1136 4627 1217 4680 'siene
1235 4633 1344 4682 senatus
1361 4627 1497 4694 consulte,
1514 4631 1546 4682 ut
1562 4625 1729 4682 desiderante
1746 4641 1792 4692 ee,
1811 4627 1854 4682 cui
1871 4627 1947 4680 resti·

1136 4693 1216 4750 ’tuere
1234 4699 1342 4764 regatus
1359 4699 1414 4760 est,
1437 4695 1512 4750 iussu
1533 4693 1665 4764 praeteris
1683 4695 1764 4750 adeat
1781 4699 1808 4748 et
1823 4693 1947 4750 restituat

1136 4761 1316 4817 'hereditatem
1337 4761 1501 4844 perindeque
1518 4765 1548 4816 ei
1559 4767 1587 4816 et
1603 4763 1632 4816 in
1649 4777 1710 4816 eum
1727 4763 1773 4834 qui
1789 4763 1884 4830 recipit
1900 4763 1947 4816 he-

1136 4829 1282 4886 ’reditatem
1299 4835 1418 4886 senones
1442 4831 1552 4896 deutur,
1575 4831 1631 4886 acsi
1647 4831 1713 4886 imis
1730 4835 1772 4886 est
1789 4845 1821 4886 ex
1838 4831 1946 4886 Trebel-

1136 4897 1213 4954 *liane
1232 4903 1341 4954 senatus
1358 4899 1495 4954 consulto:
1532 4915 1567 4954 ue
1587 4915 1653 4954 casu
1670 4899 1750 4954 nullis
1768 4897 1947 4968 stipulationi-

1136 4967 1194 5022 'bns
1211 4983 1278 5038 epus
1297 4973 1351 5034 est,
1376 4969 1438 5038 quia
1455 4969 1505 5024 sim
1550 4975 1578 5024 et
1593 4967 1657 5022 huic
1674 4967 1720 5038 qui
1736 4969 1853 5024 restituit
1869 4983 1946 5026 seeu-

1136 5035 1208 5092 hitas
1235 5035 1314 5092 datur
1340 5041 1368 5092 et
1392 5037 1510 5092 actiones
1537 5035 1714 5092 hereditariae
1739 5035 1764 5092 ei
1787 5041 1814 5092 et
1835 5037 1863 5092 in
1886 5053 1947 5092 eum

1136 5103 1342 5160 'mansfenmtur
1358 5105 1404 5176 qui
1421 5107 1517 5176 recipit
1532 5105 1722 5170 hereditatem‘,
1738 5111 1852 5176 utroque
1869 5121 1946 5160 sena-

1136 5177 1154 5224 l-
1185 5179 1230 5230 tus
1242 5173 1371 5230 'consulto
1388 5173 1416 5228 in
1433 5173 1486 5228 hec
1503 5173 1593 5242 specie
1606 5179 1791 5230 concurrente.
1817 5173 1871 5230 Sed
1884 5175 1947 5244 quia

1136 5241 1321 5314 stipulationes
1345 5257 1378 5298 ex
1400 5247 1510 5296 senatus
1529 5243 1653 5296 consulto
1670 5239 1818 5310 Pegasiano
1837 5241 1946 5298 desecu-

1137 5309 1229 5368 dentes
1247 5311 1342 5382 stipsi
1359 5311 1512 5380 antiquitati
1529 5309 1722 5380 displicuerunt
1739 5315 1766 5366 et
1789 5311 1945 5380 quibusdam

1136 5485 1170 5550 (8)
1188 5483 1351 5554 canopeia
1363 5483 1410 5538 edi
1457 5485 1492 5548 (a)
1509 5481 1718 5548 siJsieuiGeiF
1770 5485 1815 5550 (111)
1832 5485 1944 5548 sicGec',

1133 5553 1239 5606 estiihre'
1312 5553 1353 5618 (11)
1373 5555 1534 5604 enaeincerte
1609 5553 1653 5618 (lh)
1670 5551 1944 5618 sicGui.Eit⁷,eonsti-

1134 5623 1218 5676 tuitB
1270 5623 1315 5686 (13)
1334 5617 1899 5686 at]T‘WGeiffl,aeR,autF,intsreliaorn.
1910 5623 1946 5674 T⁰

1136 5689 1464 5814 (¹1⁴)⁸⁰,d17('30‘}5·2³0d⁸53
1562 5689 1606 5754 (te)
1623 5689 1813 5744 nationesne
1826 5693 1946 5744 aderens·

1136 5775 1258 5826 pumirs.
1295 5777 1328 5814 er.
