4366 6258
1063 349 1117 426 33-

260 559 309 616 que
333 543 503 608 tradidimus,
521 541 639 612 &primum
665 539 776 610 gradum
801 537 964 612 cognationis
989 539 1058 610 opti·
1110 541 1222 596 maiores
1240 537 1396 598 centenariis
1413 539 1474 606 sint,
1491 535 1515 596 si
1528 535 1637 592 heredes
1651 537 1692 594 vel
1706 537 1834 592 honorum
1848 555 1910 608 pos-

260 617 351 676 neant,
373 611 456 664 frater
473 625 534 664 vero
551 609 708 674 secundum,
725 623 857 678 pronepos
875 613 963 664 autem
979 607 1059 664 tertio
1094 623 1226 664 :sessores
1242 609 1340 664 liberos
1356 609 1474 666 habeant
1487 607 1542 664 sive
1555 621 1637 660 unum
1651 607 1706 660 sive
1718 607 1807 676 plures
1822 607 1910 664 cuius·

259 679 339 748 gradu
356 679 390 732 sit
408 683 536 746 cognatus
554 681 581 732 et
597 675 714 744 abnepos
737 683 845 748 quarto:
869 691 919 732 nec
941 677 1059 742 interest,
1094 689 1224 744 cumque
1240 691 1318 730 senus
1334 679 1376 730 vel
1391 677 1505 746 gradum,
1529 673 1563 730 ad
1586 689 1631 728 eos
1653 673 1845 730 successionem
1862 691 1910 742 pa-

258 749 285 802 in
300 751 431 814 potestate
448 743 584 804 morientis
600 743 685 808 fuerit
698 755 733 798 an
750 761 804 800 non
820 745 913 810 fuerit,
931 743 1002 824 quod
1018 745 1059 798 vel
1109 749 1214 798 rentum
1238 743 1406 810 deduximus,
1429 745 1550 802 omnibus
1571 741 1690 824 patrsnis
1713 757 1768 796 una
1785 757 1844 796 cum
1862 757 1911 796 sua

258 815 435 884 emancipatus
453 813 494 868 vel
511 827 545 866 ex
561 811 727 880 emancipato
746 817 793 868 aut
808 827 841 868 ex
854 811 979 868 iemimno
993 825 1059 868 sexu
1109 811 1235 882 progenis
1256 811 1371 866 semotis.
1398 813 1439 868 sin
1457 817 1545 868 antem
1562 827 1619 868 srne
1635 809 1723 864 hberis
1742 809 1911 878 decesserint,

260 889 289 938 ιι
323 885 484 952 propagatus
503 883 549 934 est.
584 881 687 954 Amotis
713 895 817 952 quoqne
839 881 894 934 suis
917 879 1058 936 heredibus
1110 879 1132 934 si
1150 879 1254 950 quidem
1269 879 1402 946 intestati,
1427 881 1463 936 ad·
1478 895 1581 938 omnem
1597 877 1768 934 hereditatem
1783 883 1911 948 patronos

258 965 374 1020 quosque
389 951 458 1002 inter
475 963 536 1002 suos
552 949 662 1004 heredes
679 949 770 1004 vocari
784 947 903 1012 diximus,
921 947 1058 1018 adgnatos,
1109 951 1290 1016 patronasque·
1304 949 1467 1004 vocadmus:
1485 949 1508 1006 si
1524 965 1587 1006 vcro
1604 950 1788 1004 testamentum
1807 945 1912 1016 quidem

258 1017 439 1088 quiintegrum
453 1016 495 1076 ius
511 1015 675 1084 adgnationis
689 1015 779 1082 habet,
794 1015 895 1070 etiamsi
908 1015 1059 1084 longissimo
1109 1015 1234 1080 fecerint,
1257 1017 1384 1084 patronos
1407 1021 1495 1072 autem
1517 1019 1558 1072 vel
1599 1021 1704 1072 atrones
1721 1015 1911 1084 praeterierint,

257 1085 339 1156 gradu
356 1085 398 1148 sit,
416 1083 569 1152 pierumque
585 1083 673 1162 potior
688 1083 802 1138 habetor
819 1083 1067 1150 quamproximior-
1110 1099 1170 1152 cum
1187 1081 1273 1162 nullos
1291 1081 1386 1136 liberos
1403 1083 1532 1162 haherent
1547 1035 1728 1140 referientes
1743 1095 1788 1136 cos
1802 1081 1911 1136 exhere-

259 1155 397 1220 cognatns:
421 1165 484 1204 nam
504 1155 594 1218 patrur
616 1165 698 1220 nepos
721 1151 763 1204 vel
779 1165 917 1220 pronepos
929 1151 1058 1206 avunculo
1094 1149 1243 1220 ,daremus
1254 1149 1305 1204 :vel
1326 1153 1482 1202 malamve
1499 1165 1563 1204 avus
1580 1157 1713 1206 maternus
1731 1165 1776 1204 eos
1793 1153 1911 1218 praeter·

257 1221 298 1274 vel
314 1223 468 1272 materterae
483 1217 641 1296 praefertur.
666 1217 763 1272 totiens
779 1217 859 1284 igitur
881 1217 992 1272 dicimus
1013 1223 1059 1272 ant
1109 1217 1176 1282 ierit,
1195 1217 1233 1270 ita
1249 1221 1280 1270 ut
1294 1231 1347 1270 non
1361 1213 1464 1284 possint
1476 1219 1552 1286 argui
1565 1219 1712 1274 inofficiosa
1726 1231 1816 1272 sorum
1829 1221 1911 1286 testa·

258 1285 382 1358 potiorem
398 1285 491 1338 haberr
508 1299 567 1338 eum
582 1285 626 1366 qui
639 1283 824 1354 proximiorem
837 1285 948 1354 gradum
962 1299 1057 1354 cogna·
1094 1289 1212 1350 ,mentae
1236 1289 1301 1336 tunc
1327 1297 1360 1336 ex
1384 1285 1476 1336 nostra
1502 1287 1689 1342 constitutione
1714 1301 1762 1355 per
1781 1283 1918 1338 bonorum¹

257 1353 333 1408 tionis
352 1351 460 1422 optinet,
477 1357 526 1406 ¹aut
542 1357 641 1422 pariter
653 1351 743 1408 vocari
758 1367 802 1406 sos
818 1353 863 1420 qui
878 1353 982 1420 cognati
996 1353 1058 1418 sint,
1094 1351 1303 1420 ¹possessionem
1321 1353 1414 1404 contra
1430 1349 1535 1404 tabulas
1553 1357 1605 1406 non
1624 1353 1769 1420 dimidiam,
1793 1357 1824 1406 ut
1840 1357 1911 1418 ante,

258 1421 375 1492 quotiens
401 1435 487 1490 neque
509 1435 617 1474 suornm
638 1420 764 1474 heredum
788 1419 845 1474 iure
870 1421 966 1500 quique
989 1421 1059 1474 inter
1094 1419 1287 1474 sestertium
1312 1423 1416 1486 partem
1440 1417 1571 1496 bonorum
1595 1419 1682 1490 liberti
1707 1423 1911 1490 consequantur,

258 1505 318 1544 suos
343 1487 452 1542 heredes
479 1493 542 1542 sunt
566 1503 600 1544 ne
618 1503 653 1542 us
677 1489 843 1558 adgnationis
874 1503 933 1542 rurs
965 1489 1058 1559 aliquis
1093 1487 1151 1542 ,vel
1174 1487 1245 1556 quod
1262 1487 1336 1540 deest
1354 1485 1391 1540 sis
1409 1501 1441 1540 ex
1460 1485 1644 1558 constitutione
1661 1493 1753 1544 nosma
1769 1489 1911 1558 repleatur,

256 1555 382 1626 praeferri
399 1555 495 1610 debeat
511 1507 657 1610 secundun
674 1569 706 1612 sa
723 1557 808 1626 quae¹
825 1555 995 1622 tradidimus,
1013 1573 1057 1612 ex·
1093 1599 1095 1624 Γ
1110 1553 1132 1610 si
1150 1555 1254 1624 quando
1272 1553 1359 1608 minus
1375 1553 1455 1606 tertia
1466 1557 1548 1620 parte
1563 1553 1692 1608 bonorum
1709 1571 1816 1612 suorum
1832 1555 1911 1610 liber-

258 1623 338 1692 ceptis
354 1623 436 1678 fratre
460 1627 486 1678 et
508 1639 599 1678 sorore
620 1623 806 1694 emancipatis,
830 1623 874 1692 qui
896 1623 931 1678 ad
952 1639 1057 1680 succes·
1093 1645 1094 1690 j

257 1693 354 1748 sionem
371 1691 483 1746 fratrum
499 1691 540 1746 vel
557 1701 677 1746 sororum
693 1697 835 1756 vocantur,
848 1699 849 1704 ’
860 1691 906 1760 qui
929 1695 955 1744 st
971 1693 995 1748 si
1012 1705 1057 1746 ca·
1093 1709 1094 1720 2

262 371 303 424 nu
326 367 546 424 succussrorm
567 369 780 424 amnnroaurr
1619 351 1727 418 mss.
1748 347 1807 436 III,
1831 351 1911 422 6-8

1109 1627 1152 1676 tus
1171 1622 1211 1678 vel
1227 1621 1323 1676 liberta
1340 1621 1377 1676 eis
1394 1619 1560 1690 reliquerint,
1577 1619 1615 1672 ita
1632 1621 1798 1688 simeonem,
1815 1629 1845 1678 ιι
1862 1639 1920 1678 ιιι

1109 1689 1197 1744 liberis
1214 1689 1301 1744 liberti
1317 1689 1458 1744 libertasse
1475 1701 1508 1742 ex
1526 1701 1557 1742 ea
1574 1691 1649 1756 parte
1665 1689 1752 1756 legata
1773 1691 1815 1744 vel
1827 1689 1911 1746 ,tidsi-

256 1759 309 1828 pite
326 1759 450 1812 deminuti
468 1763 544 1826 sunt,
561 1765 651 1814 tamen
667 1759 854 1828 praeferuntur
877 1759 970 1814 ceteris
991 1759 1058 1816 ulte·

257 1825 330 1880 rioris
345 1825 442 1894 gradum
461 1825 589 1894 adgnatis.

619 1963 693 2026 VH'

387 2065 432 2114 DE
451 2033 675 2120 succussiolvu
693 2063 923 2116 clamatorium

290 2163 390 2218 3ἰιιιιι
407 2163 439 2218 de
456 2161 608 2218 libertorum
625 2161 702 2218 bonis
718 2163 861 2218 videamus.
889 2161 951 2216 olim
968 2161 1058 2232 itaque

257 2229 476 2310 'licebat-liberto
502 2233 644 2312 patronum
669 2245 746 2284 suum
771 2231 878 2350 impune
899 2233 1057 2284 testamento

257 2301 414 2368 'praetenues
432 2311 494 2352 nam
510 2303 549 2352 ιιι
566 2297 670 2352 demum
687 2299 730 2352 lex
749 2297 800 2352 duc
821 2313 887 2352 ecrrn
904 2299 1058 2352 tabularum

257 2365 483 2420 'adhereditatem
500 2365 588 2420 liberti
603 2365 718 2422 vocabat
734 2371 890 2434 patronum,
909 2365 932 2420 si
948 2365 1056 2420 intesta·
1091 2369 1092 2372 ’

256 2437 303 2488 'tus
320 2437 438 2488 mortuus
457 2437 525 2488 esset
541 2433 651 2488 libertus
669 2433 741 2488 nullo
764 2449 813 2488 suo
836 2432 934 2488 herede
955 2433 1056 2488 relicto.

257 2503 349 2570 'itaque
365 2501 489 2554 intestato
509 2505 734 2570 quoqnemortuo
757 2501 872 2566 liberto,
890 2501 912 2554 si
934 2499 957 2556 is
980 2515 1057 2554 snum

256 2569 380 2624 ’heredem
401 2567 562 2638 reliquisset,
586 2569 651 2622 nihil
672 2569 700 2622 in
718 2569 799 2622 bonis
813 2569 868 2624 eius
885 2573 998 2638 patrono
1015 2567 1057 2622 ius

257 2637 324 2690 'erat
355 2641 384 2690 et
399 2637 427 2692 si
451 2635 556 2704 quidem
581 2653 614 2692 ex
638 2637 804 2692 naturalibus
830 2637 919 2692 liberis
944 2637 1058 2704 aliquem

256 2707 336 2758 'sunm
352 2703 653 2770 heredsm'reliquisset,
677 2705 750 2758 nulla
767 2703 908 2758 videbatur
926 2705 1056 2772 querella:

255 2773 283 2824 'si
299 2787 358 2824 vero
377 2771 514 2840 adoptivus
532 2771 601 2824 filins
624 2771 720 2836 essert,
744 2777 835 2842 aperte
858 2773 977 2840 iniquum
1000 2777 1058 2826 erat

256 2845 266 2890 1
302 2839 373 2892 *nihil
383 2839 447 2892 iuris
459 2843 572 2908 patrono
590 2853 738 2908 superesse.
766 2839 825 2918 Qua
839 2839 873 2894 de
887 2855 969 2892 causa
983 2847 1056 2908 post-

254 2907 444 2974 'eapraetoris
473 2905 558 2960 edicto
581 2905 649 2960 haee
675 2905 741 2960 iuris
767 2905 891 2974 imquitas
918 2907 1057 2960 emendata
1090 2957 1091 2960 ,

254 2975 306 3028 'est
333 2973 387 3028 sive
404 2973 472 3028 enim
487 2973 605 3028 faciebat
626 2977 813 3028 testamentum
835 2973 959 3040 libertus,
982 2973 1056 3028 iube·

254 3041 338 3094 ’batur
353 3041 391 3094 ita
408 3041 510 3106 testari,
528 3045 558 3094 ut
573 3045 687 3110 patrono
704 3045 807 3110 partem
825 3039 957 3094 dimidiam
972 3043 1055 3096 bono·

254 3111 316 3162 'rum
334 3125 440 3162 surorum
456 3109 522 3164 relin
540 3115 629 3162 neret:
654 3113 681 3164 ct
704 3109 727 3164 si
749 3115 796 3162 aut
812 3109 884 3162 nihil
906 3109 1056 3162 autminus

255 3177 342 3244 'partis
366 3175 488 3230 dimidiae
510 3127 664 3246 ibiquerat,
689 3175 804 3230 dabatur
826 3181 940 3244 patrono
964 3181 1057 3230 contm

254 3243 362 3298 ’tabulas
376 3245 536 3298 testamenti
557 3243 642 3312 partis
665 3243 788 3296 dimidiae
804 3243 933 3298 bonorum
950 3257 1054 3310 posses·

254 3313 306 3364 'sin
333 3313 355 3364 si
372 3313 453 3364 ιιιι5
475 3313 616 3366 intestatus
639 3311 801 3364 moriebatur
824 3325 873 3376 suo
895 3309 993 3364 herede
1013 3325 1055 3364 re-

254 3379 319 3432 licto
342 3379 396 3430 filio
420 3379 558 3448 adoptivo,
583 3379 697 3432 dabatur
719 3393 803 3456 aeque
824 3383 939 3446 patrono
963 3383 1057 3432 contra

253 3445 328 3500 'hunc
351 3463 426 3500 suum
449 3445 572 3500 heredem
594 3443 678 3514 partis
701 3445 824 3498 dimidias
846 3445 976 3498 bonorum
993 3459 1056 3514 pos-

253 3515 348 3570 sessio.
380 3513 507 3582 prodesse
529 3517 617 3568 autem
639 3513 734 3568 liberto
761 3511 884 3568 solebant
908 3513 942 3566 ad
967 3513 1056 3566 exclu-

254 3583 371 3636 'cendum
389 3587 531 3650 patronum
548 3581 683 3634 naturales
700 3581 789 3646 liberi,
815 3595 869 3634 non
886 3581 972 3634 solum
989 3595 1056 3650 quos

252 3649 284 3702 'in
308 3655 440 3718 potestate
465 3649 558 3702 mortis
583 3653 703 3718 tempore
732 3649 863 3712 habebat,
897 3649 944 3702 sed
977 3649 1056 3702 etiam

253 3717 415 3786 'emancipati
433 3721 459 3768 et
475 3715 503 3768 in
521 3715 690 3784 adoptionem
707 3715 771 3780 dati,
789 3715 903 3770 simodo
919 3731 953 3768 ex
968 3715 1002 3768 ali
1020 3729 1057 3768 ua

247 3785 332 3904 'farte
346 3783 456 3838 heredes
471 3785 563 3852 scripti
578 3787 654 3838 erant
667 3787 714 3836 ant
728 3783 864 3852 praeteriti
871 3787 967 3838 ‘contra
977 3733 1055 3836 tabu·

253 3853 442 3904 'asbonorum
459 3851 651 3920 possessionem
670 3867 703 3904 ex
720 3851 806 3904 edicto
824 3851 969 3918 petierant:
993 3865 1056 3904 nam

251 3923 267 3978 2
300 3919 458 3972 'exheredati
467 3917 539 3972 nullo
548 3919 627 3972 modo
636 3919 800 3988 repellebant
807 3923 958 3986 patronum.
977 3917 1055 3972 Post-

252 3989 290 4040 'ea
312 3985 368 4054 lege
390 3987 475 4054 Papia
498 3985 613 4042 adaucta
636 3991 699 4042 sunt
720 3987 781 4040 iura
800 3991 987 4054 patronorum,
1011 3985 1057 4054 qui

252 4055 438 4122 'locupletiores
456 4053 564 4108 libertos
581 4055 725 4108 habebant.
740 4059 861 4108 cautum
876 4057 917 4108 est
932 4053 1008 4120 enirn,
1026 4057 1057 4108 ut

253 4123 291 4174 ’ex
305 4123 379 4176 bonis
395 4123 459 4186 eius,
475 4121 520 4190 qui
534 4123 714 4176 sestertiorum
729 4127 836 4176 centum
849 4123 959 4174 millium
992 4121 1056 4174 atri-

252 4189 371 4242 ‘monium
394 4189 528 4258 reliquerit
554 4193 581 4242 et
605 4189 747 4258 pauciores
774 4205 853 4268 quam
878 4195 933 4244 tres
959 4137 1056 4242 liberos

252 4255 380 4322 habebat,
398 4257 451 4312 sive
468 4257 491 4310 is
509 4261 666 4312 testamento
683 4255 757 4312 facto
775 4271 828 4310 suro
842 4257 969 4310 intestato
984 4271 1055 4310 mor·

252 4323 391 4388 turserat,
406 4325 486 4378 virilis
501 4339 563 4392 pars
578 4329 692 4392 patrono
707 4323 861 4379 debebatur.
887 4325 981 4392 itaque
995 4339 1056 4378 cum

252 4391 338 4444 'unum
355 4391 436 4444 filium
451 4391 564 4444 filiamve
577 4393 699 4446 heredem
712 4393 849 4460 reliquerit
862 4391 981 4456 libertus,
995 4405 1055 4460 per-

252 4459 316 4510 'inde
332 4475 394 4526 pars
411 4459 520 4512 dimidia
536 4463 648 4526 patrono
666 4459 828 4522 debebatur,
852 4473 885 4514 ac
908 4459 931 4512 si
952 4459 975 4514 is
999 4459 1056 4512 sins

253 4527 311 4580 'nllo
333 4525 386 4580 filio
409 4527 516 4580 ιιιιιιιι
533 4527 706 4584 decessisset:
732 4543 793 4582 cunr
810 4525 877 4582 duos
896 4525 992 4582 duasve
1008 4525 1056 4580 hs-

251 4593 331 4648 'redes
348 4593 502 4662 reliquerat,
526 4593 605 4648 tertia
626 4609 689 4660 pars
712 4595 860 4648 debebatur
881 4599 1008 4664 patrono:
1034 4593 1057 4648 si

251 4667 273 4714 3Ἰ
300 4663 360 4714 'tres
367 4663 517 4730 reliquerat,
530 4659 708 4730 repellebatur
717 4663 863 4730 patronus*
898 4661 952 4716 Sed
964 4665 1057 4716 nostra

251 4729 400 4782 constitutio
407 4731 426 4794 ⁷,
445 4745 524 4798 quam
538 4743 587 4796 pro
602 4729 719 4782 omnium
733 4729 842 4784 notione
851 4729 956 4784 Graeca
968 4729 1057 4798 lingua

251 4795 1057 4918 restituististilmttttmttttttitm

250 4931 361 4984 minores
379 4933 537 4984 centenariis
543 4903 563 4962 θ’
571 4929 631 4994 sint,
648 4879 679 4982 ib
691 4933 732 4984 est
745 4931 832 4984 minus
848 4923 1060 4986 centum'aureis¹

250 4997 365 5050 habeant
381 4999 556 5052 substantiam
575 4997 622 5056 tsic
641 4997 709 5050 enim
726 4997 790 5064 legis
807 4999 909 5066 Papias
926 5013 1056 5050 summam
1088 5001 1093 5012 ’·

249 5065 412 5132 interpretati
434 5081 538 5130 sumus,
563 5071 594 5116 ut
614 5079 663 5132 pro
687 5063 758 5116 mille
775 5065 903 5118 sestertiis
920 5081 990 5118 nnus
1007 5081 1055 5116 au·
1087 5069 1088 5072 ’

249 5147 309 5184 rens
327 5137 519 5199 computetur),
542 5131 644 5184 nullum
660 5131 750 5184 locum
766 5131 865 5184 habeat
881 5135 1010 5200 patronus
1027 5133 1056 5186 iu

251 5213 339 5252 eorum
356 5201 562 5264 successionem,
582 5199 608 5254 si
624 5203 714 5250 tamen
730 5201 918 5252 testamentum
929 5197 1055 5252 fecerint.

250 5265 399 5320 sinautem
420 5265 540 5320 intestati
563 5265 724 5320 decesserint
746 5263 819 5320 nullo
843 5265 988 5330 liberorum
1013 5281 1055 5330 re-

248 5331 324 5398 licto,
346 5339 410 5386 tuno
422 5335 583 5400 ¹patronatus
599 5335 655 5398 ius,
678 5331 750 5402 qood
772 5335 831 5386 erat
852 5343 886 5386 ex
907 5334 964 5398 lege
989 5333 1055 5396 duo·

249 5399 332 5454 decim
361 5399 526 5466 tabularum,
555 5401 687 5470 integrum
716 5399 868 5454 reservavit.
893 5413 964 5452 cum
991 5413 1055 5454 vero

250 5575 278 5632 (r)
296 5587 324 5618 ea
334 5573 406 5632 quas]
416 5569 450 5630 Β,
460 5569 486 5616 id
497 5569 562 5632 quod
571 5569 622 5618 iam
631 5571 656 5620 T

284 5639 315 5698 (a)
336 5637 374 5702 cs.
386 5635 444 5688 Gai.
453 5637 477 5698 3,
486 5647 560 5686 aare
578 5637 639 5702 Dlp.
649 5637 712 5696 38,r
734 5635 792 5688 dod.
800 5639 824 5696 6,
834 5645 853 5686 ι.
864 5643 888 5686 ιι
941 5631 973 5694 (a)
995 5631 1053 5684 Gai.

249 5707 272 5762 3,
283 5713 353 5754 asso
445 5701 477 5760 ιιι
497 5704 570 5763 esset]
583 5701 809 5764 TGui.,iuissetB
902 5699 934 5764 (t)
953 5699 1053 5760 sivero]

248 5769 333 5820 TGnr'.
344 5771 374 5828 Θ,
387 5773 438 5818 sive
447 5773 474 5818 B
534 5775 570 5834 (ιι)
587 5774 623 5820 sic
631 5775 723 5836 scrrpss'
731 5791 783 5822 eam
794 5773 858 5834 Gaio
869 5779 894 5822 et
902 5769 935 5832 Θ,
947 5767 1053 5816 testatus

327 5851 392 5900 Inst.

1110 1757 1249 1812 commissa
1265 1761 1442 1826 praestentur,
1460 1755 1506 1810 ssd
1524 1755 1558 1810 ad
1577 1753 1716 1810 coheredes
1727 1757 1779 1810 hoc
1791 1771 1858 1812 onus
1870 1775 1911 1814 re-

1110 1823 1252 1882 dundaret:
1277 1825 1367 1878 multis
1394 1825 1452 1878 eliis
1477 1823 1583 1876 casibus
1605 1837 1622 1876 a
1644 1823 1719 1876 nobis
1741 1823 1769 1876 in
1791 1823 1913 1892 praelata

1111 1891 1297 1946 constitutione
1319 1907 1369 1946 con
1402 1889 1497 1960 egetis,
1521 1905 1587 1960 quos
1610 1889 1774 1944 necessarios
1798 1905 1855 1944 esse
1878 1895 1912 1948 ad

1110 1959 1258 2014 huiusmodi
1280 1957 1344 2014 iuris
1387 1957 1566 2028 ‘spositionem
1588 1957 1780 2026 perspeximusr
1804 1963 1836 2012 ut
1857 1963 1912 2014 tem

1109 2027 1215 2096 patroni
1236 2029 1416 2096 patronaeque
1434 2041 1513 2096 quam
1530 2025 1605 2080 liberi
1622 2039 1713 2080 eorum
1729 2039 1779 2080 nec
1796 2041 1850 2080 non
1868 2029 1913 2096 qui

1110 2109 1143 2148 ex
1159 2099 1308 2160 transverso
1328 2095 1412 2148 latere
1433 2095 1542 2148 veniunt
1565 2093 1699 2162 usquead
1716 2093 1836 2162 quintum
1852 2107 1912 2162 gra-

1110 2161 1172 2214 dum
1190 2161 1224 2216 ad
1241 2161 1433 2216 successionem
1450 2161 1605 2216 libertorum
1626 2165 1766 2226 vocentur,
1789 2159 1859 2214 sicut
1880 2175 1913 2214 ex

1110 2245 1142 2284 ea
1167 2229 1355 2284 constitutione
1379 2229 1581 2296 intellegendum
1608 2233 1660 2284 est:
1692 2233 1723 2282 ιι
1748 2227 1771 2284 si
1796 2225 1913 2284 maedam

1108 2297 1215 2366 patroni
1236 2298 1277 2352 vel
1302 2301 1431 2366 patronae
1453 2297 1494 2352 vei
1511 2297 1624 2350 duorum
1641 2295 1751 2350 duarum
1766 2295 1914 2366 pluriumve

1109 2365 1161 2420 sint
1178 2363 1268 2432 liberi,
1286 2365 1331 2434 qni
1348 2365 1490 2434 proximior
1508 2371 1560 2432 est,
1584 2365 1618 2420 ad
1635 2365 1722 2418 liberti
1739 2379 1786 2418 seu
1802 2365 1913 2418 libertae

1108 2437 1218 2488 vocetur
1240 2435 1434 2488 successionem
1460 2437 1487 2486 et
1509 2433 1536 2488 in
1559 2433 1659 2502 capita,
1685 2447 1740 2486 non
1764 2431 1791 2486 in
1817 2431 1912 2500 stirpes

1109 2499 1239 2554 dividatur
1262 2501 1409 2566 successio,
1436 2501 1527 2554 eodem
1549 2499 1627 2554 modo
1650 2503 1677 2554 et
1698 2499 1726 2554 in
1748 2499 1789 2554 his
1813 2499 1858 2566 qui
1881 2515 1913 2554 er

1108 2575 1258 2622 transverso
1276 2569 1359 2622 latere
1375 2569 1484 2624 veniunt
1499 2567 1637 2626 servando.
1662 2581 1748 2638 paens
1766 2567 1833 2622 enim
1849 2581 1913 2622 oon-

1109 2635 1231 2692 sonantia
1252 2635 1311 2692 iura
1333 2635 1501 2706 ingenuitatis
1526 2641 1552 2690 et
1567 2635 1744 2692 libertinitatis
1761 2635 1789 2690 in
1806 2651 1912 2690 sncces-

1108 2709 1125 2758 4
1159 2705 1275 2760 sionibus
1289 2703 1409 2760 fecimus.
1445 2703 1497 2758 Sed
1511 2705 1578 2758 haec
1594 2705 1628 2758 ds
1641 2703 1683 2758 his
1697 2703 1826 2758 libertinis
1835 2703 1914 2758 hodie

1109 2771 1221 2826 dicenda
1234 2779 1303 2838 sunt,
1319 2773 1364 2842 qui
1379 2773 1406 2824 in
1422 2773 1552 2826 civitatem
1566 2773 1713 2826 Romanam
1723 2777 1911 2852 pervenerunt,

1109 2855 1168 2892 curn
1185 2853 1234 2894 nec
1251 2845 1314 2894 sunt
1331 2839 1375 2894 alii
1391 2839 1479 2894 liberti
1493 2839 1570 2894 simul
1584 2845 1611 2894 et
1625 2839 1754 2894 deditionis
1769 2843 1795 2894 et
1808 2839 1913 2894 Latinis

1108 2907 1228 2972 sublatis,
1243 2921 1303 2962 cum
1316 2905 1473 2962 Latinorum
1487 2907 1617 2976 legitimae
1633 2907 1814 2962 successiones
1823 2905 1912 2962 nullae

1107 2975 1212 3044 penitus
1236 2977 1326 3040 erant,
1349 2975 1412 3044 qui⁹
1429 2975 1492 3029 licet
1514 2979 1545 3028 ut
1565 2975 1641 3028 liberi
1662 2975 1743 3030 vitam
1760 2989 1836 3030 suam
1852 2989 1913 3044 per·

1109 3043 1235 3110 agebant,
1259 3047 1377 3096 attamen
1398 3041 1457 3112 ipso
1480 3043 1571 3098 rrltimo
1593 3043 1686 3112 spiritu
1704 3041 1781 3096 simul
1798 3043 1913 3096 animam

1109 3115 1188 3178 atque
1205 3109 1354 3164 libertatem
1377 3109 1548 3176 amittebant,
1573 3115 1600 3164 ιι
1621 3109 1696 3178 quasi
1719 3123 1854 3166 servorum
1875 3111 1914 3164 ita
1935 3177 1938 3180 Ι

1107 3177 1179 3230 bona
1202 3191 1292 3230 eorum
1315 3177 1372 3232 iure
1390 3177 1583 3244 quodammodo
1601 3177 1698 3246 peculii
1715 3193 1747 3232 ex
1764 3177 1821 3246 lege
1837 3177 1914 3232 Iunia

1107 3245 1311 3298 manumissores
1334 3243 1494 3298 detinebant.
1522 3249 1616 3312 postea
1637 3259 1698 3300 sero
1722 3249 1830 3298 senatus
1848 3259 1913 3298 oon·

1108 3313 1177 3366 sulto
1195 3311 1327 3378 Largiano
1346 3317 1452 3364 cautum
1469 3311 1566 3376 fuerat,
1581 3317 1612 3364 ut
1625 3311 1701 3364 liberi
1714 3311 1914 3368 manumissoris

1108 3393 1162 3432 non
1185 3377 1340 3444 nominatim
1362 3379 1514 3432 exheredati
1535 3379 1601 3434 facti
1625 3379 1756 3434 extraneis
1772 3379 1914 3432 heredibus

1109 3461 1199 3500 eorum
1221 3445 1248 3498 in
1274 3445 1350 3502 bonis
1373 3445 1529 3500 Latinorum
1551 3451 1785 3514 praeponerentur.
1817 3445 1913 3514 quibus

1108 3513 1258 3582 supervenit
1275 3513 1354 3568 etiam
1371 3513 1424 3568 divi
1441 3511 1550 3568 Traiani
1567 3515 1695 3580 edictum,
1713 3513 1784 3584 quod
1802 3513 1914 3568 eundem

1107 3581 1253 3646 hominem,
1277 3581 1300 3636 si
1321 3583 1403 3636 invito
1426 3583 1467 3634 vel
1484 3583 1621 3648 ignorante
1658 3587 1750 3636 aisono
1769 3581 1804 3636 ad
1822 3581 1913 3636 civita-

1107 3653 1160 3702 tem
1177 3649 1266 3702 venire
1284 3663 1316 3702 err
1333 3649 1461 3702 beneficio
1479 3649 1606 3718 principis
1640 3649 1774 3714 estimavit,
1797 3649 1914 3704 iaciebat

1107 3717 1193 3770 virum
1211 3715 1316 3784 quidem
1334 3715 1416 3770 civem
1432 3715 1590 3782 Romanum,
1607 3715 1732 3770 Latinum
1751 3721 1840 3772 autem
1856 3733 1917 3782 mo,-¹

1106 3783 1225 3838 rientem.
1244 3783 1290 3838 sed
1304 3789 1397 3838 nostra
1410 3783 1597 3838 constitutions
1606 3787 1628 3816 ¹⁰
1640 3789 1750 3852 propter
1763 3783 1916 3838 huiusmodi

1108 3851 1292 3906 condicionum
1309 3851 1378 3904 vices
1397 3857 1424 3904 et
1441 3851 1506 3904 alias
1524 3851 1694 3906 difficultates
1709 3865 1769 3904 curn
1782 3851 1846 3920 ipsis
1859 3851 1914 3904 La-

1107 3919 1170 3984 tinis
1194 3919 1272 3972 etiam
1290 3919 1372 3988 legem
1389 3919 1493 3972 Iuniam
1511 3923 1538 3972 et
1555 3923 1662 3974 senatus
1679 3919 1829 3974 consultum
1844 3919 1914 3974 Lar·

1107 3987 1214 4056 glanum
1232 3991 1257 4040 et
1274 3985 1388 4042 edictum
1406 3987 1457 4042 divi
1475 3987 1582 4042 Traiani
1598 3987 1626 4040 in
1650 3993 1809 4054 perpetuum
1832 3985 1914 4042 deleri

1109 4055 1271 4120 censuimus,
1294 4057 1326 4108 ut
1349 4069 1438 4108 omnes
1455 4055 1544 4109 liberti
1562 4055 1666 4108 civitate
1683 4053 1805 4108 Romana
1820 4053 1914 4108 fruan-

1108 4127 1166 4188 tur,
1191 4127 1219 4174 et
1234 4121 1347 4174 mirabili
1363 4121 1441 4174 modo
1460 4121 1617 4190 quibusdam
1634 4121 1824 4176 adiectionibus
1841 4123 1914 4190 ipsas

1107 4189 1172 4254 vias,
1190 4203 1258 4258 quae
1271 4189 1299 4242 in
1313 4189 1487 4242 Latinitatem
1502 4189 1641 4254 ducebant,
1658 4187 1694 4242 ad
1711 4189 1844 4242 civitatem
1859 4187 1914 4240 Rc·

1107 4271 1212 4312 manam
1229 4255 1385 4328 capiendam
1401 4255 1622 4324 transposuimus.

1463 4395 1489 4454 V
1541 4393 1560 4426 rr

1224 4493 1270 4544 DE
1288 4395 1543 4546 nusiamsuiobbb.
1561 4489 1789 4542 LIBERTORUM.

1140 4593 1173 4648 In
1196 4609 1298 4648 summa
1322 4591 1395 4664 quod
1419 4591 1455 4646 ad
1469 4589 1553 4646 'hona
1576 4589 1731 4644 libertorum
1756 4589 1915 4646 admonendi

1107 4675 1198 4718 snmus
1217 4665 1338 4716 senatum
1355 4661 1503 4724 censuisse,
1521 4663 1552 4710 ut
1569 4657 1686 4726 quamvis
1704 4657 1739 4712 ad
1757 4675 1847 4714 omnes
1865 4665 1914 4738 pa·

1109 4729 1177 4782 troni
1201 4727 1313 4794 liberos,
1340 4727 1386 4796 qui
1410 4725 1528 4794 dusdem
1551 4723 1649 4792 gradus
1674 4723 1740 4792 sint,
1769 4727 1915 4798 aequahter

1109 4797 1179 4850 bona
1194 4795 1349 4850 libertorum
1392 4793 1536 4856 emineant,
1562 4797 1650 4846 tamen
1666 4793 1759 4848 liceret
1768 4795 1789 4828 ¹²
1809 4795 1915 4866 parenti

1108 4863 1153 4916 uni
1178 4877 1212 4916 ex
1235 4861 1324 4916 liberis
1347 4861 1487 4930 asignara
1508 4859 1645 4932 libertum,
1666 4867 1698 4914 nt
1738 4867 1781 4916 ost
1802 4867 1919 4916 mortem

1107 4931 1163 4984 eius
1181 4929 1254 4984 solua
1270 4929 1294 4982 is
1310 4933 1442 5008 patronus
1458 4927 1603 4994 habeatnr,
1628 4929 1669 4984 cui
1692 4879 1847 4998 aribignatus
1865 4935 1914 4996 est,

1108 5003 1135 5052 et
1152 4997 1233 5050 ceteri
1250 4995 1333 5060 libem,
1352 4995 1398 5064 qui
1412 4993 1465 5074 ipsi
1481 5011 1586 5064 quoqne
1603 4997 1638 5050 ad
1651 4997 1743 5050 eadem
1756 4999 1828 5052 bona
1841 4997 1919 5050 nrrlla

1107 5065 1290 5132 adsignatione
1305 5063 1497 5116 intervemente
1509 5065 1608 5134 pariter
1622 5065 1831 5130 admitterentur,
1850 5065 1915 5118 nihil

1106 5131 1171 5186 iuris
1187 5131 1216 5182 in
1231 5131 1274 5182 his
1290 5129 1366 5182 bonis
1382 5131 1509 5184 habeant.
1536 5131 1584 5186 sed
1600 5133 1639 5186 ita
1655 5131 1761 5186 demum
1773 5131 1915 5200 pristinum

1106 5199 1148 5252 ias
1164 5197 1309 5278 rccipiunt,
1321 5197 1347 5276 si
1360 5197 1383 5250 is
1398 5197 1443 5252 cui
1457 5197 1610 5268 adsignatus
1625 5203 1666 5254 est
1680 5197 1822 5254 decesserit
1834 5199 1915 5254 nullis

1109 5269 1134 5316 ιΙ
1157 5265 1246 5318 liberm
1262 5265 1369 5328 rehctrs.
1403 5265 1462 5320 Nec
1478 5271 1583 5322 tanturn
1604 5269 1741 5332 libertum,
1765 5267 1812 5320 sod
1835 5267 1915 5320 etiam

1106 5333 1236 5398 libertam,
1249 5335 1276 5386 ιι
1289 5347 1345 5386 ιιι
1358 5337 1463 5402 tautum
1475 5333 1530 5388 filio
1544 5335 1673 5404 nepotive',
1691 5335 1738 5390 ssd
1752 5335 1830 5388 etiam
1844 5335 1916 5396 filias

1108 5403 1122 5452 ι
1157 5401 1263 5466 neptivs
1279 5399 1419 5470 adsignare
1434 5403 1603 5472 permittitur.
1637 5401 1725 5456 Datur
1741 5407 1830 5456 autern
1846 5401 1919 5466 haec

1110 5573 1154 5620 ias.
1166 5571 1203 5632 Β,
1218 5573 1349 5620 intestatus
1364 5575 1408 5624 ius.
1422 5573 1447 5622 T
1519 5575 1551 5630 {ii
1573 5571 1630 5620 Coei.
1641 5573 1664 5632 6,
1674 5581 1717 5632 t,t
1803 5571 1836 5632 (s)
1856 5581 1913 5614 ten·

1106 5633 1263 5686 tenariiBT
1331 5641 1365 5702 (a)
1383 5637 1585 5704 qnifflquiaB
1653 5635 1698 5698 (rol
1718 5635 1772 5686 Cori
1788 5635 1863 5694 7,o‚t

1140 5701 1182 5762 (ιι)
1202 5701 1239 5766 Cfi
1249 5703 1383 5770 Dip.38,4
1417 5725 1419 5728 ·
1473 5705 1520 5768 (ta)
1536 5701 1735 5764 sicsslicereB
1787 5715 1788 5718 ’
1816 5725 1817 5728 ¹
1848 5713 1849 5716 ’
