4366 6258
249 377 287 426 oi
306 371 384 424 iuss
401 371 620 424 exinanires
1037 343 1101 430 Ι5133
1548 349 1549 352 '
1609 347 1611 350 ’
1683 343 1841 424 XXXVII
1864 363 1903 426 14

255 617 256 622 ,
281 553 484 614 turrenses
498 553 566 610 libro
583 551 701 610 semotio
718 553 914 610 institutionum
940 543 1043 622 Siquis
1133 543 1171 626 11
1200 541 1344 604 Uinicius
1364 549 1431 604 libro
1455 547 1558 626 decimo
1583 545 1622 600 od
1643 545 1730 624 trucci
1751 541 1852 596 sutton
1877 549 1905 598 ct

254 623 420 686 interdatur,
438 637 498 676 cuni
515 623 567 676 sibi
583 623 671 690 legata
688 627 759 676 esset
775 621 873 676 ancilla
890 627 918 676 et
934 627 1043 688 rogatus
1094 613 1211 682 Pupiam
1237 617 1263 670 Is
1276 623 1365 670 ιιιιιιιι
1375 631 1425 670 nec
1436 615 1471 670 ad
1482 615 1624 682 legitimam
1634 609 1819 690 hermanus
1835 625 1905 678 tute

254 709 301 752 un
327 689 523 754 manumittere,
554 687 738 742 manumiserit
766 689 874 756 adgnita
902 689 990 754 legato
1016 693 1044 742 et
1095 697 1130 736 ex
1147 679 1204 746 lege
1221 681 1359 736 duodecim
1375 685 1529 738 tabidarum
1547 681 1674 748 defertur,
1691 677 1869 756 admittitur·

253 759 324 820 tumla
344 757 438 826 pupilli
460 769 489 808 se
510 755 690 820 excusaverit,
714 753 767 808 divi
785 755 897 808 Severus
914 759 942 808 ιι
957 755 1043 808 Anto-
1131 743 1171 802 12
1188 745 1377 802 Moonsninus
1398 751 1467 804 libro
1485 751 1578 820 primo
1595 763 1785 820 responsorum
1818 741 1904 798 Gaius

254 831 319 890 umus
335 825 528 892 rescripserunt
544 823 615 876 hunc
635 837 693 876 esse
710 823 816 890 quidem
827 827 978 890 patronum,
997 823 1044 876 sed
1095 815 1173 896 Seius
1196 813 1327 894 decedens
1348 823 1507 872 testamento
1526 817 1647 874 ordmato
1665 817 1735 870 inter
1752 813 1821 870 filios
1839 827 1904 868 suos

255 895 327 956 ιιιιιι1
346 889 481 946 commodo
499 895 658 958 patronatus
677 905 777 944 carere.
1094 883 1193 938 Iulium
1203 883 1328 938 libertum
1340 899 1425 950 suum,
1444 885 1657 956 quasietipsum
1669 883 1761 952 filium,
1780 899 1813 938 ex
1826 887 1905 952 parte

280 961 388 1018 florii
399 959 467 1012 libro
480 959 574 1026 quinto
590 959 785 1012 institutionum
811 957 875 1010 Iura
887 956 1044 1010 libertorum
1094 949 1221 1028 heredem
1237 949 1395 1004 nommant:
1417 967 1530 1020 quaero,
1549 969 1584 1006 an
1601 953 1752 1008 huiusmodi
1769 949 1904 1020 scriptura

254 1037 408 1106 patronorum
425 1023 524 1092 liberis,
542 1039 603 1078 oum
616 1029 695 1092 peter
707 1039 801 1078 eorum
813 1029 872 1078 erat
883 1025 1043 1090 perduellio-
1095 1017 1182 1088 possit
1195 1017 1290 1096 liberto
1304 1023 1404 1072 statum
1418 1019 1581 1076 condidonis
1597 1027 1707 1076 mutare.
1734 1019 1903 1076 Modestinus

254 1101 286 1158 nis
302 1097 449 1156 damumm,
471 1093 546 1146 salva
566 1107 625 1146 esse
649 1091 702 1146 divi
719 1091 832 1146 Severus
849 1099 876 1144 et
892 1091 1044 1146 Antoninus
1095 1101 1140 1142 scs
1160 1085 1235 1138 ondit
1252 1089 1350 1140 statum
1366 1091 1470 1160 mutere
1487 1103 1541 1142 non
1557 1105 1646 1158 posse.

254 1161 422 1230 benignissime
439 1159 527 1212 rescri'
541 1165 641 1224 serunt,
660 1159 730 1212 sicut
748 1175 782 1212 ex
799 1159 852 1210 alia
869 1173 953 1212 causa
965 1159 1043 1228 puni-
1133 1102 1171 1212 p3
1190 1153 1269 1206 inin
1283 1153 1350 1232 libro
1359 1155 1453 1222 primo
1462 1155 1662 1234 pandectarum
1692 1157 1778 1212 Filius
1790 1155 1904 1210 familias

254 1243 327 1288 torum
344 1227 432 1282 liberis
449 1227 510 1280 iura
521 1177 681 1282 isinana
698 1225 773 1280 salva
791 1231 861 1280 sunt.
1095 1237 1201 1278 servum
1224 1221 1385 1300 peculiarem
1407 1227 1593 1276 manumittere
1615 1241 1669 1278 non
1691 1229 1788 1304 potest.
1826 1225 1905 1280 iussu

281 1295 394 1354 tinnit
413 1293 481 1348 libro
500 1297 577 1348 tertio
600 1293 702 1348 decimo
725 1295 923 1348 institutionum
959 1291 1043 1348 Divus
1095 1297 1185 1344 tamen
1211 1295 1294 1358 patris
1316 1289 1502 1344 manumittere
1523 1297 1626 1360 potest:
1654 1309 1699 1360 qui
1724 1293 1903 1348 manumissus

254 1363 364 1426 claudus
381 1361 519 1428 libertum,
542 1361 588 1430 quii
609 1363 740 1430 probatus
763 1359 816 1414 fuit
837 1367 952 1430 patrono
971 1361 1042 1416 dela-
1094 1359 1206 1414 libertus
1225 1357 1256 1412 fit
1271 1357 1364 1426 patris.

254 1447 312 1492 ιοιιι
338 1429 526 1494 summississe,
558 1429 604 1498 quii
633 1427 666 1484 de
692 1435 765 1484 statu
791 1429 848 1484 eius
874 1429 994 1484 facerent
1020 1431 1044 1486 ci
1133 1423 1171 1482 14
1198 1423 1343 1480 Uiuianus
1365 1425 1434 1482 libro
1460 1427 1553 1496 quisito
1579 1427 1617 1480 cd
1641 1427 1725 1498 lipom
1751 1429 1850 1486 Iuliam
1877 1435 1905 1484 ct

254 1499 432 1572 quaestionem,
454 1513 560 1552 servum
581 1497 689 1568 patroni
711 1513 770 1552 esse
791 1497 870 1552 iussit
887 1513 948 1552 eum
964 1497 1044 1552 liber-
1095 1495 1211 1566 Papium
1247 1493 1275 1548 Si
1297 1495 1419 1550 iuravere
1442 1511 1484 1548 me
1504 1501 1645 1564 patronum
1666 1511 1738 1562 esse,
1763 1497 1904 1554 dicendum

257 1579 264 1624 1
293 1567 370 1620 tamt.
399 1565 570 1632 Imperatoris
587 1565 673 1620 nostri
686 1565 817 1632 rescripto
830 1571 947 1630 cavetur,
964 1571 1003 1630 ut,
1022 1567 1045 1620 si
1097 1569 1138 1618 est
1161 1579 1215 1618 uon
1238 1579 1296 1618 esse
1319 1577 1365 1634 me
1383 1567 1511 1630 quantum
1535 1561 1569 1616 ad
1594 1563 1790 1618 successionem
1811 1573 1903 1636 patro·

254 1633 1044 1708 pauciuslibertumsuumnoneluerit,iuspatroniperdat.
1095 1647 1173 1696 num,
1198 1631 1261 1698 quia
1282 1631 1465 1686 iusiurandum
1487 1635 1630 1698 patronum
1651 1645 1706 1684 nori
1722 1631 1803 1688 facit:
1826 1633 1905 1688 aliter

281 1697 296 1756 6
317 1699 431 1754 Pronus
452 1699 519 1755 libro
543 1701 660 1754 secundo
685 1699 722 1754 ud
744 1701 829 1770 leuem
851 1701 954 1756 Aetium
980 1699 1045 1756 Seu-
1096 1705 1177 1768 atque
1195 1699 1218 1752 si
1234 1705 1377 1768 patronum
1394 1713 1453 1754 eise
1469 1699 1671 1768 pronuntiatum
1686 1699 1734 1754 sit:
1753 1705 1818 1756 tunc
1834 1703 1904 1756 cuim

254 1771 306 1826 riom
336 1767 448 1834 Adigere
459 1767 639 1832 iureiurando,
656 1783 690 1822 ne
700 1767 786 1822 nubat
796 1767 893 1822 liberta
905 1769 965 1822 ιιι3
978 1769 1044 1822 libe·
1095 1767 1227 1822 seruitia
1244 1767 1368 1822 stabitur.

254 1851 288 1894 vos
308 1835 394 1900 tollat,
416 1835 580 1904 intellegitur
597 1835 677 1888 etiam
693 1837 731 1900 is,
753 1837 800 1906 qui
816 1837 941 1890 libertum
956 1837 1045 1890 iurare
1131 1831 1169 1892 15
1187 1833 1307 1890 Pronus
1326 1835 1395 1888 libro
1419 1837 1512 1888 octauo
1534 1835 1572 1888 cci
1588 1835 1612 1890 le
1632 1851 1672 1888 em
1689 1833 1790 1888 Iulium
1806 1843 1833 1890 et
1849 1837 1903 1892 Pa-

253 1903 346 1976 pititur.
378 1903 425 1958 sed
442 1903 466 1958 si
482 1903 623 1982 ignorante
639 1919 671 1958 eo
689 1909 754 1958 sutis
771 1903 843 1958 iilius
861 1903 980 1972 adegerit
997 1903 1044 1958 sti·
1090 1903 1169 1972 pium
1203 1901 1255 1972 Qui
1277 1909 1372 1956 contra
1394 1903 1477 1972 legem
1494 1903 1598 1958 Aeliain
1611 1851 1733 1956 genuam
1754 1901 1791 1956 ad
1811 1903 1903 1958 iurau-

253 1969 345 2054 pilatus
359 1969 461 2036 frieritt
476 1971 542 2024 mhi]
556 1969 582 2024 ei
592 1971 713 2026 nocebit:
733 1977 805 2026 certe
817 1971 840 2024 si
851 1971 927 2024 iussu
938 1973 1045 2040 patroni
1096 1971 1158 2024 duni
1175 1969 1303 2026 libertum
1318 1969 1418 2040 adegit,
1442 1969 1509 2024 nihil
1529 1969 1593 2024 iuris
1611 1969 1693 2024 babet
1709 1985 1760 2024 nec
1777 1969 1836 2038 ipse
1853 1987 1903 2026 nec

253 2055 270 2094 is
288 2037 328 2104 qui
348 2037 375 2090 in
397 2041 531 2106 potestate
554 2043 595 2092 est
617 2037 694 2092 idem
709 2037 818 2104 fecerit,
841 2037 983 2092 dicendum
1004 2045 1045 2092 est
1095 2037 1172 2092 liberi
1190 2037 1254 2092 eius.

257 2113 264 2160 t
293 2119 348 2158 eum
364 2105 415 2160 liae
431 2105 490 2172 lege
507 2107 599 2160 teneri.
630 2105 780 2174 Stipiilatus
797 2111 839 2158 est
856 2111 963 2158 centum
981 2123 1044 2174 ope·
1132 2101 1169 2160 16
1183 2135 1185 2140 ,
1199 2103 1344 2160 Uarianos
1367 2107 1435 2160 tibro
1460 2105 1562 2158 decimo
1586 2105 1623 2160 oct
1645 2105 1731 2176 lipom
1754 2103 1855 2158 Iuliam
1878 2113 1906 2158 ct

253 2187 288 2228 ras
302 2179 345 2224 aut
361 2173 388 2224 in
405 2173 522 2240 singulae
540 2189 636 2226 ιιιιιιι
655 2173 750 2254 quinos
768 2173 839 2226 dari:
863 2189 918 2228 non
941 2173 1045 2228 videtur
1095 2173 1212 2246 Papium
1247 2173 1275 2226 Si
1291 2173 1401 2228 libertus
1420 2173 1548 2226 minorem
1565 2189 1594 2228 se
1612 2171 1764 2226 centenario
1784 2171 1813 2224 iii
1829 2171 1904 2224 irau-

253 2243 332 2294 ouitra
347 2239 429 2308 legem
447 2239 603 2308 stipulatus,
622 2255 684 2320 quia
701 2239 729 2294 in
746 2245 881 2308 potestate
897 2241 987 2296 liberti
1003 2247 1045 2296 est
1095 2239 1155 2292 deni
1171 2239 1236 2306 legis
1254 2239 1356 2304 fecerit,
1373 2239 1432 2308 ipso
1449 2239 1509 2294 iure
1525 2239 1696 2296 convalebit
1712 2239 1741 2290 id
1758 2237 1830 2306 quod
1846 2237 1904 2290 fac·

254 2313 265 2362 t
293 2323 381 2374 operas
410 2307 481 2362 daie.
523 2307 647 2374 Quamvis
675 2307 749 2362 nulla
773 2323 889 2376 persona
914 2307 972 2376 lege
998 2325 1044 2362 ex-
1094 2307 1183 2360 ιιιιιι12
1206 2311 1260 2372 ιιι,
1290 2311 1317 2362 ιι
1341 2305 1401 2362 ideo
1427 2307 1505 2376 quasi
1525 2309 1554 2362 iri
1576 2305 1722 2362 centenarii
1744 2305 1833 2358 liberti
1855 2305 1904 2360 bo·

254 2373 363 2440 cipiatur,
385 2377 474 2428 tamen
491 2375 698 2444 intellegendum
716 2381 757 2430 est
774 2377 807 2430 de
824 2375 866 2430 liis
882 2377 966 2444 legem
984 2393 1044 2430 seii·
1094 2375 1136 2428 nis
1153 2375 1242 2428 locum
1259 2375 1369 2430 hebebit
1384 2379 1528 2444 patronus:
1552 2375 1616 2444 quid
1634 2373 1680 2428 uid
1696 2373 1778 2442 igitur
1798 2387 1905 2440 quaqua

252 2443 299 2506 tire,
315 2443 357 2510 quii
374 2443 472 2496 liberos
490 2443 584 2498 tollere
597 2449 723 2524 possunt.
749 2443 840 2522 itaque
857 2443 880 2496 si
899 2449 1044 2498 castratum
1094 2441 1198 2496 ratione
1221 2443 1360 2508 alienarii,
1385 2457 1417 2496 ea
1439 2443 1563 2498 thanatio
1586 2459 1604 2496 n
1644 2441 1685 2494 'us
1706 2439 1834 2494 momenti
1854 2445 1903 2494 est.

252 2509 360 2562 bianum
374 2509 545 2566 iureiurando
560 2527 619 2578 quis
635 2511 761 2578 adegerit,
779 2511 921 2566 desidum
936 2515 978 2566 est
989 2527 1044 2566 non
1096 2509 1176 2578 plane
1199 2509 1223 2564 si
1244 2525 1296 2578 qua
1319 2509 1474 2564 alienaverit
1490 2509 1518 2564 in
1535 2509 1656 2564 fraudem
1672 2507 1794 2578 patroni,
1816 2507 1905 2560 adhuc

254 2581 264 2630 ³
293 2575 375 2644 puniri
391 2583 534 2644 patronum
551 2579 603 2632 hac
620 2578 686 2644 lege.
721 2579 750 2632 Si
770 2583 900 2648 patronus
921 2581 1044 2634 libertam
1094 2581 1184 2630 temen
1200 2583 1263 2646 post
1281 2577 1468 2632 alienationem
1485 2577 1571 2632 maior
1588 2575 1740 2632 ιιιιιιιιιιιι
1758 2579 1904 2638 remaneat,

253 2645 403 2698 iureiurando
423 2645 548 2712 adegerit,
566 2651 598 2698 ιιι
614 2645 666 2698 sibi
683 2647 804 2710 nuberet,
822 2647 845 2700 si
860 2647 965 2716 quidem
978 2645 1044 2700 duo·
1095 2643 1220 2698 aficuatio
1238 2645 1344 2712 quidem
1361 2645 1429 2698 vires
1448 2643 1569 2710 habebit,
1587 2647 1768 2700 verumtamen
1784 2657 1834 2710 per
1850 2641 1904 2694 Fi-

253 2719 315 2764 turus
333 2727 387 2764 eam
406 2711 505 2780 adegit,
529 2713 595 2766 nihil
617 2719 712 2768 contra
729 2713 814 2780 legem
830 2713 927 2768 fecisse
943 2713 1043 2768 videbi·
1096 2711 1201 2764 viariam
1229 2719 1256 2764 et
1284 2711 1461 2764 Caluisianam
1490 2711 1622 2764 actionem
1648 2711 1846 2766 revocabuntur
1873 2725 1905 2762 ιι

253 2787 298 2832 tir:
316 2779 412 2834 sivero
431 2797 485 2834 non
503 2779 632 2834 ducturus
649 2783 761 2848 propter
779 2781 831 2834 hoc
845 2781 932 2836 solum
946 2779 1041 2848 adegit,
1097 2793 1166 2846 quae
1182 2795 1231 2846 per
1246 2779 1368 2830 fraudem
1385 2785 1449 2832 sunt
1466 2779 1591 2832 meniu:
1610 2783 1637 2832 et
1652 2779 1693 2834 ita
1706 2777 1827 2830 Iulianus
1845 2791 1904 2830 sae·

253 2861 279 2900 ne
293 2847 333 2900 alii
349 2847 473 2912 nuberet,
496 2847 619 2902 fraudem
641 2847 693 2914 legi
708 2845 808 2902 factam
825 2847 944 2902 tubanus
962 2847 1001 2900 ait
1019 2851 1045 2900 et
1094 2845 1203 2914 pissime
1220 2845 1314 2900 scribit
1331 2861 1415 2912 eoque
1431 2845 1490 2898 iure
1505 2845 1613 2898 utimur.
1639 2845 1800 2900 diversitatis
1815 2851 1905 2898 autem

253 2915 344 2982 perinde
359 2919 502 2982 patronum
519 2915 612 2980 teneri,
632 2929 663 2968 ao
681 2915 705 2968 si
719 2915 848 2982 coegisset
859 2915 949 2968 iurare
962 2915 1044 2968 liber·
1096 2925 1128 2964 ea
1145 2911 1213 2966 ratio
1231 2919 1279 2966 est.
1315 2911 1437 2980 quotiens
1454 2911 1483 2964 in
1499 2911 1620 2966 fraudem
1636 2911 1702 2980 legii
1718 2911 1750 2964 fit
1767 2911 1903 2974 alienatio,

254 2987 265 3034 ι
293 2987 342 3034 tem
362 2997 415 3034 non
437 2987 588 3050 nupturam.
629 2981 702 3048 Lege
725 2981 812 3034 Iuliai
835 2981 867 3034 de
888 2981 1044 3034 maritandis
1095 2977 1419 3046 nonvmetquodactum
1435 2983 1488 3032 eet:
1506 2979 1535 3032 in
1548 2977 1671 3032 fraudem
1684 2983 1773 3032 autem
1785 2977 1824 3044 fit,
1842 2993 1905 3032 cuni

254 3049 372 3102 ordinibus
395 3049 561 3102 remittitur*
577 3049 774 3112 iusiurandum,
803 3049 875 3116 quod
897 3051 993 3102 liberto
1016 3049 1044 3100 iii
1096 3045 1154 3112 quis
1177 3047 1356 3100 seminarem
1379 3045 1530 3100 centenario
1553 3045 1618 3098 facit
1638 3045 1674 3100 ad
1694 3045 1761 3116 hoc,
1785 3051 1816 3100 ut
1838 3043 1904 3112 legis

253 3117 294 3170 boc
308 3115 455 3184 inpositum
473 3121 521 3180 est,
540 3133 574 3170 ne
590 3131 702 3168 uxorein
716 3115 827 3170 duceret
835 3119 854 3180 ⁷,
872 3115 991 3182 libertae,
1010 3129 1044 3168 ne
1095 3117 1269 3180 praeceptum
1286 3117 1395 3166 ιιιιιιι.
1430 3119 1459 3166 ιι
1476 3127 1536 3166 cuni
1553 3111 1713 3166 alienatione
1730 3111 1805 3168 facti
1820 3111 1903 3166 nihilo

253 3183 354 3248 nuberet,
374 3181 491 3238 simodo
509 3183 618 3252 nuptias
636 3183 795 3238 conuehere
812 3189 885 3238 recte
902 3185 992 3238 velim.
1095 3179 1181 3232 minus
1199 3181 1366 3234 centenarius
1384 3185 1436 3244 est,
1459 3195 1514 3232 nou
1534 3177 1638 3232 videtur
1653 3179 1683 3232 in
1700 3177 1821 3232 fraudem
1838 3179 1903 3246 legis

280 3247 496 3304 lMonnsiinus
512 3251 580 3304 libro
594 3251 733 3320 stipulari
744 3253 778 3304 de
791 3251 1045 3304 monuinissiouibus
1095 3245 1205 3310 factum,
1223 3247 1270 3300 sed
1286 3251 1391 3298 tantum
1405 3245 1434 3298 in
1451 3245 1573 3298 fraudem
1590 3247 1710 3312 patroni:
1730 3247 1832 3300 idcirco
1849 3247 1904 3300 Fa·
1960 3259 1962 3264 ‘

254 3319 322 3370 Divus
340 3317 517 3386 Vespasianus
536 3317 666 3382 decrevit,
683 3321 726 3382 ut,
746 3317 769 3372 si
787 3333 839 3384 qua
856 3319 907 3372 hac
924 3317 982 3384 lege
1000 3333 1044 3370 ve·
1095 3313 1173 3364 viutio
1190 3313 1231 3364 vel
1244 3313 1392 3366 Caluisiano
1409 3313 1507 3366 iudicio
1525 3311 1694 3366 revocabitur
1709 3311 1738 3364 id
1753 3313 1825 3382 quod
1838 3313 1903 3364 ulie-

254 3385 329 3450 uieiit,
350 3399 382 3436 ne
403 3385 607 3452 prostitueretur
629 3389 670 3448 et,
695 3383 718 3436 si
739 3385 884 3454 prostituta
908 3391 990 3448 esset,
1014 3389 1045 3436 ut
1098 3385 1109 3430 t
1145 3383 1238 3430 natum
1260 3387 1309 3432 est.
1349 3379 1458 3444 Siquis
1481 3379 1637 3446 plurcsres
1661 3379 1740 3432 simul
1763 3377 1903 3434 aberrando

254 3459 311 3506 esset
325 3451 406 3506 libera
413 3451 431 3514 ⁸,
455 3451 478 3506 si
496 3457 590 3520 postea
611 3451 646 3504 ab
671 3457 790 3532 emptore
813 3451 858 3502 alii
881 3451 957 3506 ιίιιι9
980 3467 1044 3504 con-
1096 3445 1222 3522 minorem
1240 3459 1270 3500 se
1287 3445 1440 3500 centenario
1457 3445 1558 3508 secent,
1577 3459 1690 3514 quarum
1706 3461 1762 3498 una
1778 3451 1905 3502 revocata

254 3521 341 3574 dicium
363 3517 456 3582 veniit,
483 3533 517 3572 ex
539 3519 597 3586 lege
620 3517 778 3574 venffitronis
800 3517 912 3572 liberam
936 3535 995 3574 esse
1018 3523 1045 3572 et
1096 3511 1797 3580 velomnmmpartibusmaioicentenarioefficitur:
1814 3519 1904 3568 utrum

256 3594 264 3641 t
293 3589 408 3642 libertam
422 3585 682 3656 priorisreuditoris.
706 3587 841 3640 Mandatis
854 3585 1045 3654 imperatorum
1095 3593 1250 3634 revocamus
1274 3595 1423 3658 ennoean
1444 3595 1493 3648 pro
1516 3583 1575 3660 rata
1593 3579 1767 3648 extinguite,
1792 3587 1823 3634 ut
1840 3597 1903 3636 cen-

254 3661 353 3720 seretur,
371 3661 401 3708 ut
418 3655 498 3710 etiam
514 3655 543 3706 in
560 3653 703 3722 prounciis
719 3653 857 3722 praesides
872 3653 905 3708 de
939 3653 1044 3706 uerellis
1096 3647 1227 3700 iciunum
1249 3661 1308 3726 ειμι
1330 3649 1480 3702 sufflamus?
1504 3661 1639 3718 maglstut
1661 3655 1716 3712 etl,
1739 3655 1770 3702 ul
1786 3649 1903 3704 Omnium

268 3721 591 3778 suenorumiusdicentes
604 3721 752 3776 secundum
765 3721 918 3776 debetuma
954 3721 1045 3774 ussum
1096 3721 1110 3768 2
1145 3729 1234 3768 rerum
1251 3715 1375 3770 thanatio
1392 3715 1467 3770 facta
1483 3715 1581 3770 umbus
1598 3717 1779 3770 momeiusit.
1805 3715 1902 3785 Siquis

253 3739 337 3844 iberus
347 3789 582 3860 poenasirrogent.
598 3787 732 3844 interdum
740 3787 1044 3858 illaepoenaealiberto
1095 3781 1174 3850 plane
1192 3797 1245 3836 1¹01]
1263 3781 1344 3836 Semel
1353 3783 1374 3816 ¹³
1391 3781 1553 3848 blieflbltfib
1571 3781 1619 3836 led
1633 3783 1761 3850 quasdam
1774 3799 1817 3838 1'0!
1831 3789 1902 3850 anm,

253 3857 509 3926 ugratoexiguutur:
527 3857 570 3910 vel
585 3871 648 3924 pars
668 3857 798 3910 bonorum
813 3857 869 3910 eius
882 3855 1005 3910 aufertur
1019 3859 1046 3910 et
1097 3849 1224 3928 quasdam
1241 3853 1344 3928 postea,
1364 3849 1489 3932 otiapatio
1508 3865 1599 3904 earum
1616 3865 1705 3904 rerum
1723 3865 1792 3920 quae
1808 3857 1904 3920 postea

253 3933 349 3994 petroio
368 3925 459 3980 datur:
476 3925 519 3980 vel
532 3923 650 3978 fustibus
663 3923 784 3978 caeditur
798 3929 825 3978 et
837 3923 876 3978 ita
890 3923 1044 3978 absolvitur.
1096 3919 1226 3970 alienatae
1248 3921 1311 3970 sunt
1325 3933 1392 3996 'ipso
1415 3933 1473 3972 iure
1490 3935 1545 3972 nou
1562 3919 1742 3986 revocabitur,
1766 3919 1813 3974 sed
1829 3919 1902 3988 prio·

281 3989 463 4052 Sternitur
473 3999 552 4048 scoto
563 3991 720 4062 copularum
747 3991 858 4046 Servum
872 3991 952 4046 afilio
967 3991 1044 4044 iami-
1095 4003 1169 4040 rum:
1187 3985 1215 4040 in
1232 3985 1424 4054 posterioribus
1442 3985 1576 4042 Favianae
1592 3987 1668 4042 locus
1686 3987 1744 4042 erit.

253 4059 292 4116 lias
314 4063 391 4114 milite
417 4059 606 4114 mauummsum
632 4059 707 4114 divus
731 4059 884 4114 Hadrianus
908 4057 1046 4128 rescripsit
1132 4051 1169 4110 17
1187 4051 1350 4132 Incultum
1367 4055 1508 4108 undecimo
1532 4053 1569 4110 od
1585 4055 1670 4124 lipom
1688 4055 1787 4108 lulium
1805 4059 1832 4108 ct
1848 4051 1902 4108 Po-

255 4135 262 4180 ι
293 4129 393 4184 militem
410 4129 535 4182 libertum
552 4141 630 4180 suum
647 4125 744 4194 facere,
762 4127 921 4196 nonpatris.
948 4125 1045 4180 Servus
1091 4123 1169 4192 piem
1197 4121 1259 4174 Divi
1268 4119 1365 4176 fratres
1379 4121 1486 4176 inbaeo
1496 4123 1577 4176 verba
1589 4123 1797 4190 rescripserunt:
1815 4119 1902 4174 ‘Gom-

253 4211 297 4250 nou
314 4197 488 4252 manumissus
512 4195 662 4250 libertatem
686 4195 858 4264 consequitur
880 4195 918 4262 is,
945 4195 991 4262 qui
1013 4209 1046 4248 ea
1097 4189 1428 4258 ‘perimusaperiiioribus
1441 4189 1592 4244 dubitatum
1603 4189 1755 4258 aliquando,
1773 4203 1809 4242 ³11
1819 4203 1903 4258 nepos

252 4261 300 4332 lege
320 4265 460 4318 distractus
483 4267 536 4328 est,
560 4269 590 4316 ut
611 4263 815 4316 manumittatur
836 4263 908 4318 intra
924 4267 1044 4330 tempus:
1096 4261 1200 4312 ‘contra
1220 4257 1326 4310 tabulas
1350 4257 1413 4310 aviti
1439 4257 1527 4312 liberti
1553 4257 1683 4314 bonorum
1707 4255 1903 4326 possessionem

255 4331 314 4398 quod
334 4331 533 4400 superveniens,
556 4331 619 4384 licet
640 4345 695 4384 nou
718 4331 934 4398 manumittatur,
963 4331 1046 4384 faciet
1097 4329 1194 4396 ‘troierit
1211 4325 1310 4394 possit,
1333 4325 1356 4380 ti
1378 4339 1439 4378 ium
1458 4325 1584 4380 liberium
1599 4331 1677 4394 puter
1694 4323 1818 4392 petisse,
1842 4339 1903 4378 cum

254 4403 330 4452 tamen
344 4399 466 4452 libertum
483 4399 619 4468 emptoris.
1096 4399 1235 4448 ‘annorum
1257 4393 1348 4462 viginti
1370 4393 1485 4462 quinque
1508 4399 1590 4456 esset,
1621 4393 1716 4462 capitis
1739 4397 1901 4458 accusasset,

281 4463 298 4522 9
321 4467 396 4520 loon
419 4467 487 4522 libro
512 4483 584 4520 nouo
608 4465 765 4536 reputarem
810 4465 872 4520 Filii
898 4465 1046 4521 hereditate
1097 4465 1132 4516 ‘et
1148 4461 1298 4526 Proculum,
1317 4477 1382 4516 sane
1398 4477 1452 4538 npn
1467 4459 1550 4514 levem
1564 4459 1629 4514 iuris
1643 4465 1790 4524 auctorem,
1807 4459 1836 4512 in
1850 4459 1902 4514 liae

256 4537 352 4598 paterna
374 4549 403 4588 se
426 4533 590 4590 abstinentes
611 4533 668 4598 ius,
692 4533 764 4602 quod
781 4533 809 4588 in
826 4535 928 4590 libertis
945 4535 1046 4588 babent
1097 4531 1227 4598 ‘opinione
1244 4529 1339 4594 fiisse,
1363 4533 1393 4582 ut
1414 4527 1505 4594 nepoti
1525 4529 1554 4580 in
1574 4525 1726 4582 huiusmodi
1748 4541 1830 4580 causa
1847 4543 1902 4582 nou

258 4605 267 4650 ι
314 4601 629 4666 ιιιιιιιι,ιιιιιιιιιίιιιιιιιι
644 4601 714 4654 idem
728 4603 795 4654 etin
809 4603 984 4672 emancipato.
1009 4603 1047 4658 Ut
1096 4603 1211 4666 ‘putaret
1228 4597 1340 4652 [landam
1358 4597 1488 4650 honorum
1504 4597 1708 4664 possessionem.
1743 4593 1819 4648 cuius
1840 4609 1901 4650 sen-

255 4663 277 4720 iu
296 4617 365 4744 Bonis
388 4669 477 4724 liberti
497 4669 587 4724 locum
610 4669 716 4738 quidam
742 4687 797 4724 noii
821 4669 961 4734 baberent,
987 4671 1046 4738 lege
1096 4665 1275 4720 ιιιιιιιιιιιιιιι
1290 4679 1395 4732 quoque
1409 4663 1495 4718 secuti
1508 4679 1608 4742 sumus,
1622 4677 1683 4714 cum
1692 4663 1902 4742 tesenberemus

256 4735 420 4800 excipiuntur:
438 4735 477 4790 rei
495 4735 616 4806 capitalis
633 4735 783 4802 damnatus,
801 4737 976 4792 sirestitutus
990 4753 1045 4792 non
1097 4733 1140 4788 ‘ad
1165 4733 1284 4786 libellum
1310 4731 1447 4786 Caesidiae
1472 4729 1623 4798 Longinam
1652 4729 1699 4784 sed
1725 4733 1753 4784 et
1775 4729 1902 4784 Volusius

256 4805 300 4852 est:
316 4801 337 4856 si
350 4803 429 4858 iudei
443 4803 519 4858 cuius
533 4803 626 4872 flagitii
640 4801 675 4856 sit
690 4803 803 4858 fueritve
816 4805 955 4858 velmeior
968 4807 1045 4860 anuis
1096 4801 1259 4854 ‘Maecianus
1282 4801 1383 4854 amicus
1404 4804 1494 4852 noster
1514 4803 1546 4852 ut
1568 4805 1595 4852 et
1611 4795 1677 4852 iuris
1695 4795 1778 4852 civilis
1814 4803 1902 4852 caeter

256 4867 461 4940 tantumnque
478 4887 539 4926 cum
556 4877 638 4938 esset,
661 4869 756 4940 capitii
778 4873 945 4926 accusaverit
965 4873 1045 4926 liber·
1096 4873 1219 4922 ‘ueterem
1242 4873 1269 4922 et
1291 4867 1359 4922 bene
1381 4867 1520 4920 fundatam
1542 4863 1665 4934 peritiam
1688 4865 1767 4920 auxie
1809 4865 1901 4934 ‘'geus

256 4937 303 4986 tum
311 4939 330 4968 ¹⁰
344 4945 492 5004 paternum.
1096 4935 1230 5004 ‘religione
1246 4935 1369 5004 rescripti
1386 4933 1470 4990 nostri
1487 4933 1584 4988 ductus
1606 4933 1641 4986 sit
1661 4939 1693 4986 ut
1716 4949 1806 4988 coram
1823 4933 1901 4990 nobis

284 4999 318 5058 10
333 5005 498 5062 Tnsrnrros
509 5005 719 5062 Uirunusiibro
728 5021 798 5060 nono
808 5005 846 5062 od
852 5007 877 5062 tc
896 5005 1045 5062 cmiuliom
1097 5005 1251 5058 ‘adfirmant
1262 5005 1281 5038 ²⁵
1298 5021 1351 5058 non
1365 5003 1524 5058 arbitratum
1538 5017 1566 5056 se
1583 5001 1660 5056 aliter
1676 5003 1839 5074 respondere
1855 5003 1901 5058 de-

256 5067 392 5140 ttPopiom
421 5073 492 5128 Eum
506 5081 656 5144 patronum,
669 5073 714 5144 qui
728 5023 987 5142 capitis¹¹lizertum
1001 5091 1045 5128 ac·
1097 5073 1206 5128 ‘uersu
1241 5069 1289 5128 sed
1312 5089 1372 5132 eum
1395 5077 1422 5128 et
1442 5071 1452 5126 i
1471 5087 1500 5126 so
1517 5071 1657 5126 Maeciano
1682 5077 1710 5126 ιι
1732 5071 1791 5128 aliis
1808 5071 1901 5128 amicis

256 5143 369 5216 ausisset,
382 5141 652 5198 excludiabouorum
659 5143 828 5212 possessione
837 5149 931 5198 contra
939 5143 1046 5198 tabulas
1097 5143 1202 5196 ‘nostris
1228 5139 1294 5194 iuris
1319 5141 1411 5210 peritis
1492 5139 1561 5194 ‘bitis
1586 5139 1689 5210 plenius
1716 5145 1904 5206 tractaremus,

255 5201 471 5288 llacmt3Labeo
485 5211 655 5266 existimabat
669 5209 764 5292 capitis
779 5209 975 5266 accusationem
987 5227 1046 5264 eain
1096 5209 1187 5276 ‘magis
1209 5209 1294 5262 visum
1315 5215 1356 5262 est
1378 5213 1500 5278 nepotem
1523 5225 1608 5278 neque
1628 5209 1716 5266 verbis
1736 5225 1823 5278 neque
1839 5223 1900 5268 sen·

255 5281 401 5350 essecutus
414 5293 503 5344 poena
515 5293 587 5332 mors
602 5283 648 5332 aut
662 5277 863 5346 exiliumesset.
889 5279 936 5344 qui
949 5293 1046 5332 nomen
1096 5277 1188 5332 ‘tentia
1203 5275 1269 5344 legis
1287 5281 1334 5328 out
1351 5275 1431 5330 edicti
1447 5277 1577 5344 praetoris
1595 5293 1629 5332 ex
1644 5293 1760 5346 perrona
1778 5277 1820 5332 vel
1836 5281 1902 5330 nota

256 5331 348 5418 detulit2
368 5355 511 5422 accusasse
525 5343 615 5398 intelle
667 5345 716 5400 dus
735 5349 790 5410 est,
807 5345 859 5398 uisi
875 5345 1045 5400 abolitionem
1096 5343 1248 5422 ‘patrissui
1262 5341 1368 5398 excludi
1381 5359 1397 5398 a
1411 5343 1675 5402 bouisavitiliberti:
1693 5345 1902 5428 pluriumetiam

254 5407 324 5464 petit:
339 5405 417 5476 idque
433 5415 512 5464 etiam
528 5411 598 5466 Proc
628 5411 795 5482 oplacuisse
812 5411 937 5466 Servilius
954 5413 1045 5466 refert.
1096 5411 1169 5466 buris
1187 5417 1334 5478 auctorum,
1352 5411 1399 5466 sed
1416 5419 1442 5468 et
1457 5413 1635 5468 Salviluliani
1652 5415 1730 5470 amici
1746 5413 1833 5470 nostri
1846 5413 1902 5466 cla·

256 5573 279 5630 {tl
295 5575 401 5654 sinisii*
436 5583 468 5642 (ι)
486 5595 543 5632 euin
551 5579 796 5632 EbertunidctHol.
837 5583 869 5646 tt)
887 5581 1047 5632 libertusias.
1097 5581 1194 5646 capitis]
1208 5583 1321 5646 eumqui
1335 5585 1623 5652 eapitispateriiumicr.
1697 5589 1742 5652 (ιι)
1760 5589 1842 5636 amum
1855 5603 1901 5634 scr.

257 5641 282 5702 tt)
297 5643 593 5722 stipulatusvefiieritsor.
634 5649 668 5710 (ι)
686 5647 787 5698 iuriaF
826 5653 858 5712 tt)
876 5647 1002 5702 sicScum
1011 5651 1047 5712 B,
1100 5649 1142 5710 (13)
1160 5649 1295 5702 simuledd.
1353 5655 1397 5716 (ιι)
1414 5657 1691 5722 patrispaterdelieter
1749 5655 1793 5716 (ib)
1810 5653 1903 5702 ιιιιίιιιιι

255 5713 428 5770 permittiturF
465 5716 498 5777 (ι)
516 5713 818 5780 insurrectionem
858 5719 892 5782 ts)
908 5713 999 5768 liberte
1007 5717 1048 5766 ιιι
1098 5717 1490 5772 ιιοιιιιιιιιΙιιιιιίιιιιιιιιιιιιιι
1554 5717 1903 5786 diligerereligione...duo-

254 5777 283 5842 (tt
300 5781 380 5830 etiae
449 5785 494 5848 (ιι)
511 5781 615 5832 libertus
629 5785 655 5832 F
724 5783 766 5848 (ιι)
785 5801 841 5836 eum
854 5787 988 5848 pauonum
1003 5785 1048 5848 qui
1098 5785 1509 5850 turcorumnobisadfirmavitsor.
1577 5793 1622 5854 (ιι)
1640 5787 1764 5842 dedereF

1652 5871 1706 5920 ti*
