4366 6258
278 355 375 426 XXX
1076 341 1138 416 490
1380 305 1381 308 ¹
1744 359 1788 410 ea
1809 359 1947 410 usensis

283 547 294 592 1
331 531 492 592 audiendum
505 535 635 590 εκίειίειε.
664 533 814 588 inureres.
845 531 874 586 si
888 531 960 586 Titio
977 531 1091 600 pecunia
1140 529 1269 598 isregan'
1286 534 1383 600 potest,
1402 525 1708 598 uteandempecuniam
1722 527 1947 584 alicuirestituat:

279 607 368 670 legata
383 603 466 656 tuerit
482 607 509 656 ει
526 601 584 662 eius
596 601 849 664 fideicommissum,
863 603 895 652 ει
907 599 1022 652 ahenum
1034 613 1090 652 ser·
1141 613 1203 652 nam
1227 613 1288 652 cem
1309 597 1395 666 possit
1420 603 1533 652 testator
1556 595 1686 652 codicillis
1712 611 1780 664 pure
1803 595 1958 652 libertatem

279 687 342 724 rum
358 669 562 732 manumitteret,
589 681 639 720 nec
656 667 777 724 dommus
787 697 788 700 =
800 681 861 722 eum
883 667 998 720 vendere
1019 667 1089 730 sciit,
1141 665 1206 720 dare
1223 671 1251 718 et
1267 667 1320 720 hoc
1337 663 1416 720 mode
1436 663 1619 720 condicionem
1636 663 1811 732 exstinguere,
1835 679 1884 718 cur
1899 679 1947 718 non

280 735 361 790 nihilo
380 737 466 790 minus
483 735 600 802 legatum
617 735 714 804 capiet,
725 735 795 804 quia
811 749 937 802 pereum
955 749 1010 788 non
1026 739 1090 798 stat,
1142 733 1221 788 etiam
1238 747 1287 802 per
1303 733 1535 788 fideicommissum
1547 733 1657 788 eandem
1668 731 1810 802 pecuniam
1822 731 1947 788 adimendi

280 803 421 872 quominus
446 799 678 858 fideicommissum
696 805 828 870 praestet:
848 817 912 856 nam
936 805 963 856 et
979 801 1004 856 si
1020 817 1090 856 mer·
1140 805 1302 870 potestatem
1318 801 1437 856 habeat?
1880 799 1882 808 ’

279 875 342 922 ιεεε
371 869 466 924 fuisset
497 883 603 934 servus,
634 885 651 936 a
675 871 763 936 legato
787 883 843 922 non
872 875 1089 924 summoveretur.
1175 865 1215 926 97
1235 867 1314 922 Iones
1328 869 1397 922 libre
1415 869 1623 940 quadrupcsime
1646 869 1764 924 secuede
1789 869 1945 940 dipertommr

280 941 295 990 2
330 937 415 992 Sicuti
432 935 588 992 conceditur
603 937 747 1006 unicuique
763 937 797 990 ab
815 951 856 1002 eo,
880 937 914 990 ad
932 951 1010 1004 quem
1027 937 1090 1006 legi·
1142 937 1171 990 Si
1189 937 1253 990 mihi
1270 937 1378 992 Stichus
1396 937 1497 1004 legatus
1517 941 1588 992 esset
1603 935 1717 1006 fideique
1733 951 1809 990 meae
1832 937 1946 992 commis-

279 1003 345 1058 fima
361 1003 419 1058 eius
429 1003 562 1060 hereditas
580 1007 621 1060 vel
632 1007 763 1060 bonerum
779 1005 913 1072 possessio
931 1009 1092 1072 perventura
1141 1021 1208 1066 sum,
1226 1009 1258 1058 ut
1277 1009 1324 1058 aut
1342 1005 1463 1058 Stichum
1486 1011 1534 1058 aut
1550 1005 1719 1074 Pamphilum
1743 1021 1833 1060 meum
1849 1021 1946 1060 servum

281 1075 329 1138 est,
347 1069 581 1150 fideicpmmissum
599 1073 669 1138 dare,
688 1073 727 1126 ita
743 1075 771 1126 et
782 1073 818 1126 ab
836 1087 876 1136 eo,
895 1071 930 1126 ad
947 1087 1026 1142 quem
1041 1071 1090 1126 im·
1140 1071 1287 1138 redderem,
1306 1077 1332 1126 et
1343 1073 1371 1124 in
1381 1073 1473 1126 Sticho
1487 1073 1589 1140 aliquid
1601 1087 1635 1126 ex
1646 1073 1733 1196 ιεξειε
1745 1077 1856 1142 prepter
1869 1073 1945 1140 legem

280 1141 387 1208 puberis
405 1139 452 1192 filu
468 1139 585 1208 legitima
602 1141 735 1196 hereditas
753 1139 795 1192 vel
806 1141 938 1194 benomm
955 1141 1089 1208 possessio
1141 1139 1289 1194 Falcidiam
1307 1139 1490 1210 perdidissem,
1507 1155 1617 1194 necesse
1634 1141 1670 1194 he
1690 1141 1739 1194 ebo
1763 1145 1812 1194 εει
1827 1139 1944 1210 Pamphi·

279 1213 440 1276 perventura
458 1213 507 1274 est,
524 1207 728 1264 fideicommissa
744 1213 818 1262 recte
835 1206 979 1264 dabuntur.
1140 1209 1195 1264 lum
1212 1223 1318 1264 serrum
1334 1223 1424 1262 meum
1439 1213 1526 1264 totum
1544 1207 1614 1262 Titio
1633 1207 1698 1264 dare
1715 1213 1764 1262 eut
1780 1213 1945 1278 campartem

314 1271 354 1332 93
377 1275 523 1330 Uuernaos
537 1275 605 1332 libre
620 1275 986 1348 primopideicemmisrorem
1013 1275 1090 1344 Quod
1142 1277 1235 1342 Stichi,
1254 1291 1334 1346 quam
1351 1277 1498 1344 legatorum
1516 1277 1621 1332 semiue
1639 1291 1775 1346 accepere.

279 1341 510 1398 fideicommissum
527 1345 666 1410 hactenus,
701 1347 814 1398 uatenus
831 1343 951 1414 impubes
969 1343 1089 1408 decedat,
1175 1339 1215 1402 98
1233 1343 1315 1398 ineu
1328 1345 1395 1400 libro
1414 1345 1637 1414 quinquepertito
1654 1345 1771 1400 succedo
1788 1345 1944 1414 clipeatorum

279 1411 390 1464 solebit:
410 1415 528 1468 ceterum
544 1413 567 1468 si
584 1411 669 1484 pubes
683 1359 776 1466 (iectus
787 1411 938 1478 decesserit,
957 1413 1092 1468 evanescit
1142 1413 1240 1468 Servus
1257 1413 1293 1466 ab
1310 1411 1432 1468 hostibus
1450 1417 1545 1480 eaptus
1571 1417 1645 1468 recte
1666 1411 1784 1486 legatur:
1808 1411 1862 1468 hee
1885 1413 1944 1472 enim

279 1477 519 1534 fideicommissum.
1140 1481 1199 1534 iure
1215 1479 1371 1548 postliminii
1387 1479 1427 1546 fit,
1445 1483 1483 1544 ut,
1502 1479 1725 1548 quemadmodum
1741 1477 1866 1534 heredem
1877 1479 1943 1534 insti-

315 1543 356 1604 94
377 1547 522 1604 insinues
552 1547 620 1604 libre
653 1547 789 1618 trigesimo
821 1561 893 1602 noce
926 1545 1091 1618 clipeatorum
1140 1553 1216 1602 tuere
1233 1563 1376 1618 pessumus
1394 1563 1497 1602 servum
1515 1549 1561 1616 qui
1577 1549 1605 1600 in
1621 1549 1740 1610 hostium
1753 1551 1887 1616 potestate
1904 1555 1944 1616 est,

279 1615 363 1670 Plane
392 1615 415 1672 si
446 1615 531 1672 filium
566 1615 729 1684 impuberem
763 1615 975 1680 exheredarerit,
1015 1615 1090 1670 fidei·
1140 1615 1179 1670 ita
1195 1615 1285 1684 legare
1302 1631 1409 1684 quoque
1426 1631 1486 1670 eum
1502 1631 1650 1684 possemus.

281 1683 448 1740 commissum
471 1687 496 1740 le
515 1685 603 1738 'timus
625 1681 702 1736 heres
719 1687 858 1750 praestare
881 1697 912 1738 co
930 1681 1013 1738 eudes
1036 1699 1091 1738 non
1176 1679 1216 1740 99
1235 1683 1392 1738 Innmlebro
1404 1685 1602 1756 scpurupesime
1613 1683 1779 1756 dipcsterum
1808 1681 1836 1738 Si
1848 1681 1944 1738 demine

281 1755 294 1804 1
331 1753 389 1818 erit,
407 1753 459 1808 nisi
478 1701 547 1808 idglm
565 1757 592 1806 et
608 1751 678 1820 patri
695 1751 773 1806 ireres
790 1751 878 1832 firerit.
912 1699 965 1820 diui
980 1757 1090 1832 rogatus
1141 1751 1248 1832 Sfichus
1265 1751 1585 1832 legatusessetetserre
1604 1751 1660 1832 eius
1674 1751 1747 1822 optio
1761 1751 1832 1832 data,
1849 1755 1943 1820 parton

279 1825 339 1876 erat
361 1821 549 1886 hereditatem,
575 1835 609 1874 ex
634 1835 688 1888 qua
713 1833 804 1876 servus
831 1835 887 1874 erus
912 1821 989 1874 heres
1013 1825 1090 1874 msti-
1141 1819 1277 1874 drmrdram
1304 1819 1389 1874 Strchr
1412 1819 1471 1876 dico
1495 1819 1531 1874 ad
1553 1819 1688 1874 dommum
1710 1825 1858 1888 pertrnere,
1883 1823 1944 1888 qued

278 1893 354 1944 artus
376 1895 440 1954 erat,
458 1889 612 1952 restituere,
637 1889 714 1942 cum¹
731 1887 777 1942 alii
796 1903 900 1942 serrum
920 1887 1089 1954 confidisset,
1140 1887 1228 1958 possit
1244 1903 1334 1942 sersus
1352 1887 1530 1942 manumissus
1548 1887 1660 1944 eundem
1679 1888 1800 1942 Stichum
1817 1893 1918 1956 optare.

279 1957 429 2026 quaesitum
452 1963 505 2022 εει,
533 1971 568 2010 an
590 1955 764 2010 hereditatem
789 1957 930 2010 restituere
957 1955 1091 2026 cogendus
1178 1951 1238 2014 100
1255 1955 1336 2008 Iona
1351 1955 1419 2010 libro
1436 1957 1633 2026 scptuupcsimo
1659 1957 1772 2026 septime
1790 1957 1944 2024 clipeatorum

280 2027 368 2092 estis,
387 2025 423 2080 ad
440 2041 518 2094 quem
535 2023 668 2080 hereditas
695 2041 727 2080 ex
745 2025 878 2094 emptione
899 2023 969 2080 servi
986 2023 1090 2080 heredis
1142 2023 1172 2078 Si
1189 2023 1254 2078 mihi
1271 2023 1443 2092 Sempronius
1461 2039 1479 2078 a
1496 2023 1567 2078 Titio
1590 2023 1687 2080 herede
1711 2023 1837 2092 legaverit
1855 2021 1942 2078 Titius-

280 2095 371 2162 scripti
389 2093 546 2164 peruenerit.
582 2091 636 2146 diri
653 2093 863 2164 compellendum
889 2107 947 2148 esse
965 2093 999 2148 ad
1015 2089 1089 2146 fidei·
1141 2107 1194 2160 que
1211 2091 1276 2146 mihi
1293 2093 1344 2148 sub
1358 2093 1449 2146 eadem
1462 2093 1617 2148 condicione
1629 2091 1740 2146 eandem
1753 2107 1809 2146 rem
1820 2091 1942 2162 legaverit,

280 2161 449 2218 commissum
466 2161 659 2218 restituendum
676 2177 745 2228 enm,
764 2161 810 2230 qui
827 2177 932 2218 serrum
950 2177 1029 2216 suum
1045 2161 1091 2216 he·
1142 2161 1287 2216 exsistente
1305 2159 1462 2216 condicione
1479 2161 1583 2230 capiam
1605 2159 1722 2230 legatum
1745 2175 1779 2216 ex
1795 2163 1942 2216 testamento

278 2231 369 2284 sedem
391 2231 520 2300 scriptum
542 2229 672 2296 confide,
702 2247 763 2286 cum
786 2231 901 2300 pretium
926 2229 1090 2294 hereditatis
1143 2227 1204 2284 Sem
1223 2229 1301 2282 reuii.

279 2313 359 2368 quem
375 2299 515 2354 restituere
532 2303 641 2366 regatus
665 2305 719 2364 est,
741 2299 849 2352 hebeat.
889 2299 912 2352 is
930 2303 1033 2364 autem,
1056 2297 1092 2350 ad
1178 2245 1236 2354 101
1256 2297 1338 2350 Ioarr
1357 2297 1425 2350 libre
1448 2299 1646 2368 septeoqcsime
1672 2301 1767 2352 octove
1791 2295 1943 2368 depenerent

279 2383 357 2436 quem
368 2367 545 2422 hereditasex
563 2365 696 2434 emptione
713 2367 782 2422 serti
798 2365 903 2422 heredis
920 2365 1014 2434 scripti
1030 2379 1090 2434 per·
1142 2365 1173 2420 Si
1190 2379 1264 2420 seruo
1283 2379 1340 2420 mee
1359 2363 1466 2418 Stichus
1484 2365 1588 2444 legatus
1604 2365 1687 2418 fuerit
1703 2367 1863 2418 testamento
1876 2363 1944 2432 idque

278 2437 388 2500 venerit,
407 2449 439 2488 er
457 2449 539 2488 cause
557 2433 690 2500 cogendus
708 2435 758 2488 erit
769 2433 1001 2488 fideicommissum
1012 2447 1090 2504 prae·
1142 2431 1260 2502 legatum
1277 2431 1461 2502 repudiavere,
1478 2431 1573 2486 demde
1590 2431 1701 2502 prolatis
1724 2431 1852 2488 codicillis
1871 2445 1943 2502 appa-

279 2507 360 2566 stare,
377 2501 406 2556 id
424 2507 464 2554 εει
477 2501 499 2556 si
518 2503 639 2556 dominus
657 2501 726 2556 serri
739 2501 843 2556 heredis
862 2501 955 2570 scripti
965 2501 1091 2556 solvendo
1142 2501 1226 2556 ruerit
1242 2501 1308 2556 mihi
1319 2515 1426 2572 queque
1439 2501 1551 2556 eundern
1562 2499 1682 2554 Stichum
1699 2501 1817 2570 legatum
1829 2515 1895 2566 esse,
1912 2503 1942 2554 ni-

279 2573 294 2622 2
329 2569 461 2624 nouerit.
497 2569 525 2624 Si
542 2569 586 2622 cui
602 2569 710 2624 Stichus
728 2575 776 2624 aut
792 2569 880 2626 Dama
899 2571 1003 2638 legatus
1022 2575 1092 2626 esset
1143 2575 1155 2624 1
1193 2569 1247 2623 hile
1270 2571 1357 2626 miuus
1382 2569 1495 2626 eundem
1511 2569 1647 2624 vindicare
1669 2585 1787 2638 possum.
1823 2567 1851 2622 Si
1869 2569 1893 2622 ei
1909 2575 1943 2638 qui

280 2637 409 2692 electione
425 2637 552 2706 legatario
566 2637 631 2692 data
643 2641 669 2692 et
680 2637 743 2692 fidei
760 2635 817 2692 eius
830 2637 999 2692 commissum
1012 2641 1089 2704 esset,
1141 2637 1170 2692 in
1192 2637 1309 2692 hostium
1331 2641 1464 2708 potestate
1487 2643 1528 2692 est
1550 2639 1667 2706 legatum
1688 2637 1771 2692 inerit
1793 2641 1821 2692 et
1842 2635 1865 2692 is
1883 2641 1942 2708 apud

278 2709 309 2758 ut
322 2705 442 2760 Stichum
455 2707 531 2760 elteri
542 2709 705 2774 praestaret:
722 2705 746 2760 si
754 2703 867 2760 Damam
882 2705 1018 2760 vindicare
1035 2719 1091 2758 ma·
1141 2705 1233 2758 hostes
1245 2705 1396 2772 decesserit,
1414 2707 1512 2760 nrrllius
1524 2707 1650 2760 momenti
1659 2707 1775 2776 legatum
1787 2705 1844 2772 erit,
1863 2721 1941 2776 quam-

278 2773 370 2840 luerit,
398 2773 478 2828 nihilo
497 2775 584 2830 minus
601 2773 722 2830 Stichum
739 2791 772 2828 ex
789 2789 873 2830 causa
894 2773 1091 2830 fideicommissi
1141 2773 1181 2828 vis
1197 2773 1359 2900 gestiiminio
1379 2773 1531 2830 confirmari
1547 2773 1644 2854 potuit.

278 2849 417 2912 praestare
434 2841 549 2898 debebit.
585 2841 640 2896 sive
657 2843 726 2896 enim
743 2843 828 2914 pluris
846 2847 887 2898 est
903 2841 1000 2908 Dama,
1018 2857 1089 2896 com·
1178 2839 1192 2900 1
1219 2839 1420 2898 21onrrlr'bre
1440 2843 1709 2914 octupesrmeprime
1727 2841 1890 2914 clipeatorum
1922 2843 1942 2898 Si

280 2911 416 2982 pellendus
434 2917 475 2966 est
492 2911 614 2966 Stichum
630 2911 767 2978 redimere,
790 2911 845 2968 sire
860 2911 984 2978 minoris,
1007 2925 1093 2980 aeque
1141 2911 1229 2966 minor
1246 2927 1326 2982 quam
1343 2911 1436 2980 viginti
1452 2913 1530 2966 annis
1542 2909 1665 2966 deminus
1682 2925 1787 2966 serrum
1799 2927 1884 2968 eausa
1900 2927 1942 2968 nee

280 2979 402 3034 Stichum
418 2979 488 3034 iuste
506 2979 570 3034 dare
588 2985 710 3050 cogetur,
737 2995 798 3034 oum
821 2995 869 3050 per
893 2995 953 3034 eum
979 2977 1090 3046 steterit,
1141 2979 1256 3060 probata
1280 2981 1463 3036 manumiserit
1492 2987 1519 3034 et
1547 2983 1643 3050 postea
1663 2979 1780 3048 legatum
1804 2981 1830 3036 ei
1852 2979 1942 3036 dederit

279 3065 331 3118 quo
349 3049 436 3104 minus
454 3065 487 3102 ex
504 3055 663 3104 testamento
680 3049 794 3104 haberet
810 3047 888 3118 quod
905 3049 1090 3104 fideicommis-
1140 3063 1216 3118 isque
1235 3049 1365 3104 alienatus
1382 3049 1418 3102 ed
1433 3049 1584 3104 libertatem
1601 3049 1746 3118 perductus
1763 3049 1866 3116 fuisset,
1884 3049 1941 3120 legs·

280 3123 294 3172 3
329 3133 388 3172 sum
405 3117 511 3172 iuerit‘2.
547 3117 598 3186 Qui
614 3123 774 3174 testamento
792 3117 987 3172 manumittitur
1003 3123 1030 3172 et
1046 3133 1091 3172 ne
1140 3121 1198 3172 tum
1217 3133 1272 3172 nen
1291 3117 1377 3200 capit:
1395 3133 1458 3172 nem
1474 3115 1586 3188 perinde
1601 3117 1700 3172 uulfius
1718 3123 1759 3172 est
1775 3119 1900 3174 momenti
1915 3119 1941 3174 le·

279 3201 330 3256 que
348 3187 464 3252 legatum
481 3201 567 3256 neque
578 3185 753 3242 hereditatem
767 3187 846 3256 capit,
858 3187 1092 3242 fideicommissum
1141 3191 1242 3256 gutum,
1260 3203 1293 3242 ae
1311 3203 1335 3242 ει
1351 3185 1408 3242 sine
1424 3187 1548 3242 libertate
1567 3185 1658 3242 datum
1675 3185 1779 3242 finisset.

281 3259 417 3326 praestare
440 3255 576 3326 cogendus
599 3271 654 3310 non
677 3261 732 3322 est,
755 3271 788 3310 ac
805 3255 879 3310 rreis
897 3255 1018 3326 quidem,
1046 3255 1092 3336 qui
1179 3251 1238 3314 103
1256 3253 1356 3310 ‘Ione
1370 3255 1438 3310 labro
1455 3255 1617 3328 coraposimo
1630 3255 1708 3310 tertio
1726 3255 1889 3328 clipeatorum
1919 3255 1941 3310 ir

280 3339 385 3378 servum
403 3324 519 3394 legatum
536 3331 646 3394 rogetus
663 3325 744 3380 finerit
761 3323 961 3380 manumittere:
980 3325 1003 3380 is
1022 3341 1092 3380 emm
1142 3323 1232 3380 tacitis
1248 3323 1458 3380 fideicommissis
1472 3323 1547 3378 fraus
1565 3323 1616 3394 legi
1632 3323 1691 3378 fieri
1702 3323 1815 3392 videtur,
1832 3323 1941 3394 quotiens

279 3391 384 3448 demum
410 3395 550 3462 pecuniam
577 3409 609 3448 ex
628 3409 711 3450 eausa
735 3393 932 3448 fideicommissi
953 3397 1091 3464 praestare
1142 3393 1201 3460 quis
1224 3407 1312 3462 neque
1342 3397 1502 3448 testamento
1532 3407 1619 3462 neque
1650 3391 1778 3448 codicillis
1807 3397 1941 3462 rogaretur,

279 3463 413 3532 cogendus
430 3471 479 3528 est,
498 3463 543 3532 qui
560 3463 660 3532 aliquid
677 3461 794 3518 eiusdem
815 3463 918 3532 generis
941 3463 983 3518 vei
1000 3463 1092 3518 similis
1141 3461 1190 3516 sed
1207 3461 1355 3518 domestica
1373 3463 1495 3516 cautione
1512 3463 1555 3518 rel
1579 3461 1755 3532 chirographo
1772 3461 1902 3532 obligaret
1922 3477 1942 3518 se

279 3543 313 3584 ex
329 3535 488 3586 testamento
505 3531 684 3600 consequitur.
1142 3527 1178 3586 ad
1194 3529 1386 3600 praestandum
1411 3529 1642 3586 fideicommissum
1668 3529 1693 3586 ei
1717 3529 1763 3600 qui
1787 3545 1884 3600 cepere
1899 3547 1941 3586 uon

314 3595 353 3654 95
377 3597 523 3654 Uarianos
544 3599 612 3656 libre
630 3601 723 3670 prime
744 3597 1010 3668 fideicommissorum
1044 3597 1091 3652 Vi·
1141 3605 1239 3668 potest.

280 3665 396 3722 deudum
412 3673 502 3720 tamen
519 3671 568 3734 est,
585 3665 722 3736 numquid,
740 3665 764 3720 si
779 3667 837 3722 rice
854 3681 996 3736 operarum
1012 3681 1090 3736 roge·
1179 3665 1419 3726 idolocultore
1456 3669 1525 3724 rime
1553 3669 1590 3724 ecl
1611 3667 1730 3724 Urseium
1748 3667 1876 3724 Ferocem
1909 3667 1941 3722 si

278 3735 345 3788 verit
362 3751 423 3790 eum
434 3735 543 3804 aliquid,
561 3735 658 3790 debeat
674 3735 728 3790 hoc
739 3733 971 3790 fideicommissum
988 3737 1089 3790 valere:
1142 3735 1265 3792 omnibus
1282 3735 1425 3790 heredibus
1431 3685 1558 3804 imarum
1581 3737 1620 3792 ita
1643 3743 1714 3792 erat:
1739 3735 1868 3806 ‘quisquis
1891 3735 1941 3790 mih'

279 3803 351 3874 qued
367 3817 536 3874 nequaquem
553 3803 694 3860 dicendum
712 3811 761 3868 est,
784 3801 846 3874 quia
863 3817 912 3858 nec
936 3817 1033 3874 operae
1050 3805 1091 3858 in·
1142 3805 1228 3860 ‘heres
1245 3805 1303 3870 erit,
1328 3805 1440 3860 damnas
1457 3809 1515 3860 esto
1533 3805 1603 3862 Titio
1622 3805 1686 3862 dare
1704 3805 1833 3862 centnm’:
1861 3805 1941 3860 deinde

278 3873 343 3942 poni
359 3871 513 3928 huiusmodi
528 3873 623 3928 liberto
641 3877 756 3944 possunt
767 3889 817 3928 nec
827 3873 968 3944 impositae
981 3873 1090 3946 exiguo·
1141 3871 1212 3928 iufra
1230 3875 1441 3944 conprehensum
1465 3877 1537 3940 erat,
1561 3889 1595 3932 ne
1616 3889 1686 3931 unus
1709 3889 1742 3930 ex
1764 3873 1905 3928 heredibus
1925 3871 1941 3928 ei

278 3947 331 4006 tur,
350 3943 468 4012 quamvis
485 3949 600 4000 testator
615 3943 655 3998 ita
672 3941 779 3998 cavent.
1142 3941 1233 3998 daret:
1256 3943 1401 4012 quaeritur,
1420 3943 1515 4012 reliqui
1530 3943 1643 4000 heredes
1665 3949 1756 4000 utrum
1772 3949 1830 4000 tota
1847 3949 1940 3998 cenum

312 4007 353 4070 96
370 4009 516 4066 Iustinus
543 4011 612 4068 libro
646 4011 683 4066 tri
701 4011 783 4066 crime
816 4027 888 4066 eoae
926 4009 1091 4082 clipeatorum
1142 4011 1206 4080 dare
1224 4011 1351 4066 deberent
1368 4011 1621 4084 andeductaunius
1636 4011 1940 4084 illiushereditariapor·

279 4079 392 4146 Quidam
408 4085 567 4136 testamento
585 4081 627 4136 vel
644 4027 772 4136 codicillis
788 4077 829 4132 ita
844 4079 954 4150 legerit:
979 4083 1091 4136 ‘Aureus
1141 4081 1222 4136 tione.
1263 4097 1306 4136 res
1326 4081 1402 4138 ondit
1423 4081 1510 4136 remus
1535 4097 1593 4136 esse
1617 4081 1734 4150 reliques
1762 4079 1873 4136 heredes
1895 4083 1940 4136 ae

280 4147 486 4216 ‘qiudringentes
504 4149 661 4228 Pamphilae
678 4149 736 4204 dari
748 4145 808 4202 reio
821 4147 859 4204 ita
875 4153 907 4204 ut
923 4147 996 4228 inira
1006 4147 1090 4220 scrip·
1142 4153 1247 4204 centum
1267 4097 1371 4216 deffere,
1391 4165 1451 4204 oum
1469 4153 1496 4204 et
1512 4149 1670 4218 significatio
1682 4149 1823 4228 verborum
1839 4163 1894 4204 uon
1909 4161 1939 4204 re·

280 4223 346 4272 ‘tum
362 4223 420 4272 est:
448 4219 481 4272 ab
498 4217 566 4272 luho
590 4223 681 4274 actore
705 4231 801 4272 eureos
824 4221 866 4272 tot
888 4223 915 4272 et
931 4233 960 4270 m
977 4219 1092 4272 εεειειε8
1140 4223 1241 4288 pugnet
1256 4219 1320 4272 huic
1334 4219 1481 4272 sententiae
1492 4223 1520 4272 et
1530 4219 1654 4274 veluntas
1665 4221 1802 4272 testatoms
1815 4219 1939 4290 congrua,

278 4293 355 4356 ‘ques
372 4285 459 4342 habeo
477 4291 519 4342 tot
536 4291 562 4340 et
574 4285 602 4338 in
620 4291 758 4342 numerate
770 4301 838 4356 ques
849 4285 936 4342 habeo
948 4287 1011 4342 tot’:
1029 4291 1092 4356 pest
1144 4291 1156 4340 1
1192 4285 1224 4340 In
1241 4291 1401 4342 testamento
1419 4285 1458 4342 sio
1475 4291 1534 4342 erat
1550 4285 1694 4356 scriptum:
1721 4285 1815 4342 ‘Lucio
1833 4285 1940 4348 Titias

279 4355 376 4410 multos
395 4371 478 4410 annos
497 4355 589 4410 eedem
606 4355 742 4410 voluntate
753 4359 877 4410 manente
888 4355 1010 4420 decessit,
1029 4369 1091 4408 cum
1142 4355 1173 4408 ‘is
1190 4355 1282 4410 heredi
1298 4369 1356 4410 mee
1374 4355 1501 4424 tabellas,
1528 4355 1624 4424 quibus
1648 4353 1672 4408 ei
1693 4353 1835 4424 pecuniam
1858 4369 1939 4424 expre-

279 4437 370 4480 omnes
383 4439 502 4478 summae
514 4423 619 4478 inalios
629 4439 694 4478 usus
705 4423 961 4480 nansiataeessent:
980 4437 1090 4492 quaero,
1141 4423 1281 4490 ‘miseram
1300 4421 1410 4490 dederit,
1429 4427 1539 4478 centum
1556 4423 1643 4478 dato’:
1661 4421 1747 4476 'litias
1765 4421 1860 4478 dende
1877 4429 1939 4476 ente

279 4507 313 4546 an
332 4491 461 4548 debeatur
473 4491 712 4546 fideicommissum.
746 4491 888 4562 respondi:
906 4491 1091 4548 verosimilius
1142 4507 1222 4560 quam
1233 4491 1346 4546 tabelias
1357 4491 1449 4546 heredi
1462 4489 1593 4558 redderet,
1608 4489 1786 4546 decesseratir
1804 4491 1939 4560 quaesitum

279 4567 320 4616 εει
348 4567 452 4628 patrem
480 4561 592 4614 familias
625 4561 808 4616 demonstrare
833 4561 922 4630 potius
947 4559 1091 4616 heredibus
1142 4565 1191 4626 εει,
1216 4575 1251 4612 an
1268 4560 1360 4614 heredi
1373 4561 1434 4614 ‘eius
1452 4561 1569 4628 legatum
1595 4559 1743 4614 deberetur.
1779 4557 1887 4614 Cassius
1907 4573 1938 4612 re

278 4627 402 4696 voluisse,
419 4629 491 4684 unde
509 4643 605 4684 aureos
623 4627 832 4698 quadringentos
849 4629 906 4684 sine
922 4627 1089 4684 incommodo
1141 4627 1257 4696 spondit,
1277 4627 1299 4682 si
1316 4627 1425 4684 tabidae
1433 4627 1557 4692 fuissent,
1574 4643 1629 4682 nen
1641 4625 1739 4692 deberi,
1757 4623 1938 4698 qedauenred·¹

278 4699 317 4750 rei
333 4697 472 4750 familiaris
491 4697 648 4752 contrahere
664 4699 784 4764 possint,
809 4711 889 4768 quam
907 4695 1091 4752 condicionem
1142 4695 1203 4750 ditis
1220 4695 1262 4750 his
1280 4695 1337 4750 dies
1354 4695 1436 4764 legati
1453 4711 1508 4750 uon
1535 4695 1621 4750 cessit.
1655 4695 1801 4750 leuiores
1814 4699 1903 4750 corut:
1924 4703 1939 4746 sl

278 4765 482 4822 fideicommisse
499 4765 630 4828 iniecisse,
649 4765 720 4834 qued
734 4765 810 4822 initio
841 4781 889 4820 ure
906 4765 1000 4820 danem
1011 4771 1090 4832 esset,
1140 4765 1293 4820 testamenti
1314 4763 1432 4820 faciendi
1454 4767 1575 4834 tempore
1596 4761 1706 4818 tabulae
1730 4763 1821 4818 nudae
1836 4761 1939 4820 fuerunt

283 4839 291 4886 l
330 4839 356 4888 ει
373 4835 432 4888 ideo
447 4833 631 4902 quadringenti
643 4781 987 4902 Pamphilaeddbebuntur.
1018 4831 1090 4900 Quo·
1140 4847 1196 4888 una
1212 4831 1316 4888 ratione
1333 4831 1386 4888 dici
1430 4837 1499 4888 otest
1522 4831 1641 4900 legatum
1658 4831 1728 4886 Titio
1752 4831 1857 4898 deberi,
1881 4825 1939 4900 quod

278 4903 347 4956 tiens
365 4903 421 4970 lege
438 4903 507 4954 iulia
530 4903 602 4956 bona
624 4903 750 4956 vacantia
772 4903 808 4956 ed
830 4901 925 4956 fiscum
947 4901 1090 4970 pertinent,
1142 4905 1156 4954 2
1185 4893 1399 4954 dddvaroricon
1419 4899 1468 4954 'cie
1478 4915 1528 4970 pro
1538 4915 1593 4954 non
1602 4899 1704 4968 scripta
1715 4897 1837 4954 habetur.
1862 4897 1938 4954 Eam

276 4977 306 5024 et
323 4971 410 5038 legata
422 4975 449 5024 et
459 4969 664 5024 fideicommissa
675 4975 855 5038 praestantur,
874 4985 942 5038 quae
951 4975 1092 5048 praestare
1140 4983 1196 5024 rem
1214 4969 1330 5024 hostium
1347 4983 1428 5038 posse
1444 4967 1527 5036 legari
1544 4967 1659 5022 Sabinus
1676 4969 1722 5032 eit,
1740 4967 1764 5022 si
1780 4965 1869 5038 alique
1886 4977 1938 5044 case

279 5043 294 5090 2
330 5043 469 5106 cogeretur
485 5037 764 5106 heresaquerelieta
776 5043 860 5092 eram.
894 5035 923 5092 Si
938 5037 1090 5092 trbiserrus
1142 5041 1158 5092 3
1191 5035 1243 5092 emi
1258 5035 1353 5106 pessit.
1388 5035 1417 5090 Si
1433 5035 1507 5090 Attio
1524 5035 1564 5088 ita
1580 5035 1697 5104 legatum
1712 5035 1807 5090 inerit:
1825 5035 1938 5104 ‘quisque

278 5106 380 5174 legatus
397 5105 480 5160 firerit
497 5111 524 5160 et
540 5107 654 5174 petitnm
671 5119 689 5158 a
704 5109 740 5170 te,
758 5113 789 5160 ut
806 5105 876 5160 Titio
894 5105 996 5174 aliquid
1030 5119 1089 5158 rae·
1142 5105 1215 5158 ‘mihi
1226 5105 1302 5158 heres
1316 5103 1374 5168 erit,
1387 5103 1497 5158 damnes
1511 5107 1569 5158 esto
1581 5103 1654 5156 Attio
1663 5101 1756 5158 heredi
1766 5101 1858 5158 decem
1870 5099 1938 5174 darc',

279 5179 364 5228 stares
382 5189 467 5254 usque
484 5173 519 5226 ad
540 5173 655 5242 pretium
673 5173 756 5236 semi,
778 5173 874 5228 deinde
890 5187 981 5226 sersus
1017 5187 1089 5228 eces-
1140 5177 1157 5224 4
1192 5171 1307 5226 deducta
1324 5185 1374 5224 sua
1396 5175 1473 5240 perte
1490 5171 1580 5224 Attius
1607 5169 1698 5224 decem
1742 5173 1802 5226 etet.
1845 5171 1938 5224 itemst

279 5241 357 5306 serit,
380 5241 447 5294 milui
464 5239 660 5296 fideicommissi
677 5239 785 5294 nemine
800 5245 939 5308 praestare
956 5239 1089 5308 cogendus
1139 5239 1230 5294 iussus
1247 5239 1342 5292 fuisset
1353 5239 1431 5292 heres
1443 5239 1535 5292 decem
1546 5237 1610 5292 dare
1622 5239 1707 5292 etfun
1726 5255 1771 5292 um
1782 5237 1833 5292 sibi
1844 5239 1938 5296 habere

279 5313 303 5388 3·
329 5307 390 5362 eris.
425 5307 454 5362 Si
470 5309 588 5386 scriptus
605 5311 726 5388 erparte
743 5307 821 5362 heres
836 5307 997 5374 rogatussit
1012 5323 1090 5376 prae·
1141 5311 1160 5386 ⁵.
1192 5305 1309 5386 deducpa
1326 5319 1376 5360 sua
1393 5311 1470 5374 perte
1487 5305 1580 5386 decem
1597 5303 1695 5386 dabit..
1713 5305 1835 5386 Denique
1853 5303 1938 5385 consti·

279 5383 655 5512 trttfeutututtut
668 5375 1091 5510 illitteratissimis
1139 5377 1262 5496 trab
1279 5371 1938 5512 tdttlttttttttisfidfittsttl

279 5515 344 5564 tunc
361 5515 516 5580 praecipere
533 5511 649 5578 debebit,
668 5527 728 5566 cum
746 5511 867 5566 condicio
887 5511 1031 5566 exstiterit:
1049 5511 1089 5564 in-
1141 5509 1215 5566 nium
1231 5509 1359 5564 heredum
1375 5515 1466 5578 partes
1490 5525 1536 5574 ee,
1561 5509 1632 5580 quod
1656 5511 1840 5582 unusquisque
1857 5517 1883 5566 ει
1898 5503 1937 5566 sib'

279 5577 357 5632 terim
380 5585 427 5632 aut
451 5581 475 5634 ei
498 5585 546 5632 eut
568 5581 610 5634 his
635 5581 730 5648 quibus
756 5579 873 5648 legatum
899 5585 948 5634 est
965 5579 1092 5634 satisdsri
1142 5583 1158 5632 6
1193 5581 1220 5632 ει
1238 5577 1361 5632 coheredi
1377 5593 1426 5632 suo
1445 5577 1503 5634 dari
1516 5577 1779 5636 demnatusvidetur.
1815 5577 1937 5650 cumqe·

279 5653 294 5700 4
329 5653 442 5714 eportet.
478 5647 527 5702 Coi
543 5647 684 5702 statuliber
701 5649 841 5716 pecuniam
854 5647 917 5702 dare
934 5647 1023 5702 iussus
1041 5653 1091 5710 est,
1142 5645 1203 5700 dam
1220 5645 1344 5700 heredem
1360 5645 1482 5710 instituit,
1506 5647 1666 5716 quandoque
1682 5653 1769 5704 mater
1786 5649 1842 5704 eius
1859 5649 1938 5704 deces·

281 5823 309 5884 [ij
329 5819 497 5872 cumomFS
554 5821 586 5880 iil
604 5819 710 5872 fuitscr.
752 5821 795 5882 ’(3)
815 5817 925 5870 (laeteris
935 5837 981 5870 :cr-
1032 5819 1066 5882 (t)
1085 5815 1161 5884 cf.D.
1171 5817 1213 5882 ts,
1223 5827 1278 5880 itt
1283 5835 1324 5886 pr.
1384 5821 1416 5882 (5)
1435 5817 1603 5872 decesseritll'
1654 5821 1687 5886 (6)
1706 5819 1958 5904 iclestimposeibiiisffx
