4366 6258
315 445 447 494 FRUCTU

314 615 330 664 ³
364 609 470 664 Cassius
494 625 597 676 quoque
620 613 712 664 scribit
734 613 800 666 libro
824 619 916 668 octavo
941 615 1004 668 iuris
1031 613 1111 668 civilis

312 675 485 732 bustuarium
492 691 540 744 per
548 679 675 730 arbitrum
691 679 747 744 cogi
761 681 876 746 reficere,
895 679 1110 748 quemadmodum

313 745 434 798 adaerere
458 745 558 822 cogitur
581 745 702 798 arbores:
725 753 751 798 et
768 747 855 802 Aristo
874 753 950 800 notat
966 749 1032 800 haec
1049 761 1110 798 vera

312 827 375 866 esse.
410 809 534 864 Neratrus
552 817 639 862 autem
656 811 721 864 libro
740 821 833 880 qrrarto
848 815 1058 868 membranarum
1072 815 1110 866 ait

311 895 365 934 non
383 891 462 944 posse
477 877 651 930 fructuarium
668 879 809 946 prohiberi,
827 895 879 946 quo
896 879 982 932 minos
998 879 1107 938 reficiat,

311 943 372 1014 quia
386 959 435 996 uec
450 957 526 996 erare
539 943 672 1010 prohiberi
686 949 772 1012 potest
785 953 832 996 aut
845 945 945 998 colere:
962 959 1011 998 nec
1025 945 1109 996 solum

310 1009 470 1066 necessarias
483 1009 640 1064 refectiones
654 1011 793 1072 iacturum,
812 1009 858 1062 sed
873 1009 951 1062 etiarn
966 1009 1107 1076 voluptatis

310 1089 390 1132 cause
407 1079 446 1136 tut
457 1075 568 1128 tectoria
579 1083 606 1128 et
619 1077 767 1144 pavimenta
785 1081 810 1128 et
827 1075 929 1140 similia)
946 1075 1041 1138 ferme,
1060 1091 1105 1128 ue·

308 1159 358 1214 que
374 1149 462 1196 eutem
479 1141 604 1210 ampliare
621 1159 669 1196 nec
687 1141 749 1194 utile
767 1141 903 1194 detrahere
919 1157 1005 1210 posse,

341 1205 360 1264 8
377 1207 457 1260 Inna!
470 1207 537 1264 libro
554 1209 778 1276 quadrupemtmo
796 1209 833 1260 ad
848 1207 962 1262 edictam
988 1209 1104 1276 quemvis

308 1277 397 1332 melius
414 1277 577 1342 repositurus
594 1275 642 1328 rit:
662 1287 728 1342 quae
746 1275 876 1328 sententia
892 1289 954 1328 rere
971 1283 1019 1330 est.

340 1339 376 1398 θ’
393 1341 473 1396 Inna
491 1341 559 1396 libro
576 1341 687 1410 septimo
705 1341 804 1394 decimo
822 1341 859 1394 ad
875 1339 1003 1396 Sabinam
1037 1343 1103 1396 Item

306 1411 329 1462 si
344 1407 419 1462 fundi
436 1423 500 1462 usus
517 1407 620 1462 hactus
638 1407 672 1460 ait
689 1407 804 1474 legatus,
829 1407 954 1474 quidquid
976 1409 1002 1462 iu
1019 1407 1102 1462 tundo

305 1475 428 1540 nescitam,
446 1473 571 1542 quidquid
587 1471 648 1526 inde
663 1473 762 1540 percipi
779 1479 882 1542 potest,
899 1475 981 1542 ipsius
998 1475 1102 1528 fructus

304 1547 351 1600 cst,
369 1541 408 1594 sic
424 1547 511 1594 tamen
529 1547 559 1594 ut
575 1539 639 1594 boni
655 1541 702 1594 riri
719 1541 848 1594 arbitratu
864 1541 975 1594 fruatur.
996 1555 1056 1594 uem
1073 1547 1103 1596 et

304 1609 393 1660 Celsus
416 1609 483 1660 libro
509 1611 601 1660 octavo
625 1607 724 1660 decimo
749 1609 907 1676 digestorum
930 1609 1021 1662 scribit
1043 1609 1101 1676 cogi

305 1681 315 1726 t
352 1689 411 1726 eum
432 1687 510 1742 posse
532 1681 604 1726 recte
622 1675 714 1726 colere.
749 1673 786 1726 Et
803 1675 826 1726 si
842 1689 906 1796 apes
923 1675 951 1728 in
968 1689 999 1728 eo
1016 1675 1099 1728 fundo

301 1741 367 1804 siut,
390 1755 480 1794 earum
519 1755 605 1808 uoque
629 1741 816 1794 ususfructus
839 1757 855 1794 a
896 1755 954 1796 eum
977 1741 1098 1810 pertinet.

301 1813 315 1860 2
350 1807 402 1860 Sed
413 1807 435 1884 si
446 1757 600 1884 lapiiioinas
617 1807 715 1860 haheat
732 1815 759 1862 et
774 1807 887 1876 lapidem
905 1807 1014 1862 caedere
1028 1807 1098 1872 velit,

300 1873 339 1928 νε]
357 1873 525 1928 cretrfodmas
537 1875 636 1926 haheat
649 1873 689 1928 νε]
706 1873 826 1940 harenas,
845 1875 965 1928 omnihus
980 1875 1021 1930 bis
1034 1889 1098 1928 usu·

299 1955 356 1994 rum
371 1939 484 1992 Sabinus
498 1939 535 1992 ait
552 1941 627 2008 quasi
644 1939 742 1994 bonum
758 1947 860 2008 petrem
875 1939 1001 1994 famihas:
1020 1957 1098 2008 quam

299 2011 313 2060 3
347 2007 575 2074 sententiamputo
584 2021 678 2060 veram.
714 2005 784 2060 θεν]2
801 2011 824 2062 si
838 2007 904 2062 haec
917 2009 1023 2060 metella
1036 2013 1098 2074 post

298 2089 373 2126 usum
390 2071 506 2126 fructum
522 2073 636 2140 legatum
654 2073 705 2126 sint
721 2073 841 2138 invente,
866 2089 925 2128 curn
942 2077 1023 2128 nnus
1040 2073 1096 2140 agri
1115 2089 1116 2092 ’

297 2139 458 2206 relinquatur
473 2139 672 2204 ususfructus,
699 2153 751 2194 non
773 2141 902 2210 partium,
929 2143 1096 2194 continentur

297 2211 312 2260 4
344 2207 438 2272 legato.
473 2207 540 2260 Huic
558 2209 658 2260 vicinus
680 2213 886 2270 necatusest,
911 2209 956 2276 qui
978 2209 1046 2262 solet
1067 2209 1095 2260 in

296 2287 326 2326 eo
343 2271 414 2340 quod
430 2273 543 2326 accessit
559 2275 678 2326 tractari:
704 2281 729 2326 et
751 2275 850 2342 placuit
874 2273 1011 2328 alluvionis
1028 2291 1093 2392 qino·

296 2353 345 2410 que
360 2353 437 2392 usum
452 2339 568 2392 fructum
585 2341 619 2392 ad
641 2341 815 2396 fructuarium
836 2341 975 2410 pertinere.
1007 2355 1035 2394 se
1070 2341 1094 2394 si

293 2407 379 2460 insula
395 2407 470 2458 iuxta
486 2407 597 2460 fundum
613 2407 641 2458 iu
657 2407 765 2462 flumine
782 2415 844 2462 nata
861 2407 909 2472 sit,
934 2409 989 2462 eina
1015 2425 1092 2462 usum

293 2471 407 2528 nuatum
429 2473 463 2528 ad
485 2473 659 2528 fructuarium
676 2491 729 2528 nou
746 2475 877 2544 pertinere
893 2475 1008 2542 Pegasus
1027 2475 1091 2528 scri·

293 2541 344 2604 hit,
367 2541 429 2594 licet
470 2541 607 2608 roprietati
625 2543 747 2594 accedat:
773 2557 829 2596 εεεε
846 2543 915 2596 enim
932 2541 1011 2596 veluti
1028 2557 1090 2610 pro·

292 2609 377 2678 prium
400 2557 526 2670 iunium,
552 2607 626 2660 cuius
644 2607 828 2662 ususfructus
845 2609 879 2660 ad
895 2615 922 2662 te
939 2623 992 2662 non
1008 2611 1088 2674 perti·

291 2681 360 2728 ucet.
387 2689 455 2742 quae
472 2675 601 2728 sententia
619 2689 672 2728 nou
689 2679 729 2728 est
746 2675 803 2728 sine
820 2677 936 2728 ratione:
959 2691 1020 2728 nam
1043 2677 1089 2728 uhi

291 2743 375 2796 latitet
397 2743 599 2804 incrementum,
627 2747 653 2794 et
678 2757 741 2794 usus
766 2743 870 2796 fructus
893 2749 1017 2810 augetur,
1043 2743 1089 2794 ubi

291 2815 378 2862 autern
402 2813 512 2876 apparet
537 2813 700 2874 separatum,
727 2807 872 2862 huctuario
898 2825 951 2862 non
977 2809 1085 2862 accedit.

290 2881 304 2926 5
338 2877 518 2940 Aucupiorum
541 2889 644 2942 quoque
668 2881 695 2926 et
710 2875 877 2928 venationum
893 2875 1006 2928 reditum
1023 2875 1085 2930 Cas·

289 2943 342 2996 sius
359 2941 396 2994 ait
412 2941 478 2996 libro
497 2947 588 2996 octavo
605 2941 670 2994 iuris
688 2941 768 2996 civilis
785 2941 819 2996 ed
835 2941 1008 2996 fructuarium
1025 2957 1084 3010 per-

289 3013 304 3064 6
336 3011 432 3062 tinere:
448 3023 508 3076 ergo
524 3013 551 3060 et
563 3009 745 3076 piscationum.
773 3007 1084 3064 Seminariiautemfruc·

288 3081 342 3128 tum
352 3079 416 3142 puto
428 3075 462 3128 ad
478 3075 652 3128 fructuarium
671 3075 807 3142 pertinere,
826 3077 864 3130 ita
881 3077 993 3140 tamen³,
1012 3079 1042 3128 ut
1059 3081 1085 3130 et

287 3143 429 3196 venderent
443 3147 471 3194 et
485 3143 613 3196 seminare
628 3139 720 3194 liceat:
738 3139 917 3210 debettemen
932 3143 1084 3196 conserendi

287 3209 341 3276 agri
350 3223 431 3262 causa
440 3209 606 3262 seminarium
614 3215 735 3276 paratum
750 3223 853 3278 semper
867 3223 994 3262 renovare
1008 3211 1083 3276 quasi

285 3277 483 3328 instrumentum
508 3277 577 3342 agri,
600 3281 631 3328 ut
653 3273 727 3328 finito
744 3291 794 3328 usu
811 3277 901 3328 fructu
919 3275 1023 3328 domiuo
1041 3291 1081 3328 re-

287 3347 299 3392 7
333 3343 465 3394 stituatur.
491 3343 1082 3394 Instrumentiautemfructumhaberedebet:

284 3409 410 3462 tendendi
433 3415 522 3462 temen
543 3407 696 3462 facultatem
719 3423 772 3462 nou
800 3409 888 3462 hahet.
920 3425 981 3462 narn
1007 3415 1034 3462 et
1059 3409 1080 3462 si

284 3475 357 3530 fundi
374 3493 437 3530 usus
455 3475 557 3528 fructus
579 3475 659 3528 fuerit
680 3475 780 3542 legatus
806 3481 832 3530 et
855 3475 889 3530 sit
911 3491 986 3544 ager,
1011 3475 1080 3532 unde

302 3543 342 3594 alo
360 3543 387 3594 iu
404 3541 522 3606 fundum,
541 3543 615 3596 cuius
633 3557 696 3594 usus
713 3541 815 3596 fructus
829 3543 930 3610 legatus
946 3549 994 3606 est,
1012 3543 1078 3596 sole-

283 3559 327 3660 iim
344 3615 419 3676 pater
435 3607 549 3662 familias
567 3609 613 3672 uti,
632 3607 671 3660 νε]
689 3607 768 3662 salice
785 3609 825 3662 νε]
841 3609 995 3674 harundine,
1013 3615 1077 3676 puto

281 3673 454 3728 fructuarium
476 3677 604 3728 hactenus
631 3675 669 3728 uti
691 3689 782 3742 posse,
808 3691 842 3728 ne
865 3691 897 3730 ex
918 3689 950 3730 eo
973 3677 1076 3738 tendat,

282 3743 330 3794 nisi
347 3741 415 3794 forte
432 3741 518 3796 salicti
535 3741 558 3792 ei
575 3741 616 3796 νε]
633 3741 712 3794 silvae
728 3741 826 3808 palaris
848 3743 890 3796 vel
911 3743 1076 3796 harundineti

281 3807 462 3862 ususfructus
480 3807 513 3862 sit
533 3805 647 3874 legatus:
670 3811 734 3860 tunc
758 3807 825 3868 enim
848 3809 1000 3862 attendere
1028 3829 1076 3880 po·

281 3877 339 3940 test.
361 3889 421 3928 nam
447 3877 474 3928 et
499 3873 638 3928 Trebatius
665 3873 755 3926 scribit
781 3873 873 3928 sileam
899 3875 1025 3928 caeduam
1051 3883 1076 3928 et

279 3939 477 3994 harundinetum
494 3955 573 4008 posse
589 3941 762 3994 fructuarium
780 3941 898 4006 caedere,
917 3945 984 3996 sicut
1000 3949 1076 4010 pater

279 4007 389 4062 familias
403 4007 538 4070 caedebat,
557 4013 583 4060 et
597 4007 716 4070 vendere,
733 4009 795 4062 licet
806 4015 882 4076 pater
896 4009 1007 4060 familias
1022 4025 1074 4062 uon

279 4075 378 4126 solebat
391 4075 531 4136 *venderet
555 4075 601 4126 sed
617 4073 675 4140 ipse
692 4075 743 4126 utit
768 4075 803 4130 ad
826 4075 930 4128 modurn
949 4079 1016 4128 euim
1033 4091 1072 4126 re·

278 4139 410 4192 ferendum
428 4147 475 4204 est,
494 4157 546 4194 uon
565 4141 598 4192 ad
616 4141 768 4208 qualitatem
785 4141 882 4194 utendi.

314 4205 348 4262 10
366 4205 535 4260 Postremus
549 4207 615 4260 labro
634 4207 922 4276 quintaedecimae
956 4207 1071 4262 Exedra

277 4273 539 4342 caeduapedamenta
553 4279 579 4326 et
592 4289 678 4328 ramos
693 4291 725 4328 ex
741 4277 835 4330 arbore
849 4277 1070 4330 usufructuarium

277 4347 450 4408 sumpturum:
476 4357 508 4392 ex
531 4357 585 4394 non
608 4341 708 4394 caedua
730 4343 757 4394 in
781 4343 879 4396 vineam
898 4349 1069 4410 sumpturum,

276 4405 335 4456 dum
353 4421 385 4456 ne
402 4405 513 4458 fantium
531 4407 684 4460 deteriorem
701 4407 790 4462 faciat.

309 4471 341 4528 1]
363 4471 480 4524 Pronus
501 4475 567 4526 libro
590 4473 1016 4546 ecrandocpr'tomatcramAlfcnt'
1028 4473 1066 4526 df-

273 4543 403 4658 pcrtornpiz
439 4537 489 4592 Sed
507 4539 530 4592 si
545 4539 657 4606 grendm
675 4541 781 4596 arbores
800 4549 901 4604 esseut,
920 4555 972 4594 nou
989 4555 1067 4606 posse

274 4617 318 4658 eas
336 4619 383 4658 cae
401 4619 452 4658 ere.

272 4839 300 4900 (1)
317 4851 419 4890 extrema
428 4843 483 4890 inde
492 4857 508 4890 c
519 4847 530 4898 t·
540 4851 550 4890 t
561 4837 648 4888 silvam
658 4863 689 4882 =
702 4839 755 4888 Vnt.
767 4851 793 4890 to
872 4843 903 4900 (a)
923 4841 963 4888 sed
974 4845 999 4888 et
1008 4843 1063 4888 dett.

273 4905 303 4966 (3)
321 4909 400 4954 tamen
412 4907 457 4954 del.
565 4909 596 4968 (4)
614 4903 688 4966 [Nam
698 4909 722 4952 et
731 4903 861 4954 Trebatius
871 4905 968 4964 scribit]
977 4905 1064 4954 silvam

271 4971 384 5020 ceednam
393 4975 475 5036 pos[se
490 4971 653 5020 fructuarium
668 4969 776 5030 caedere,
792 4973 858 5020 siout
872 4977 945 5034 peter
958 4969 1062 5020 familias

269 5037 399 5098 caedebat}
419 5041 477 5086 item
487 5037 708 5100 utarundinetu[rn
724 5039 811 5088 caedat
825 5037 982 5098 fructuarius,
998 5037 1063 5100 quod

269 5103 385 5154 credendi
393 5119 467 5152 cauea
475 5111 546 5168 peter
556 5103 674 5164 familias]
684 5101 773 5168 nebat,
782 5119 832 5152 nou
841 5103 1061 5168 putoprohihetur.

269 5169 336 5230 [item
345 5173 439 5234 poterit
448 5173 560 5232 rendere,
576 5171 636 5218 licet
645 5175 714 5236 pater
722 5171 830 5220 familias
838 5171 951 5230 vendere]
962 5185 1011 5218 uon
1022 5185 1059 5218 eo·

268 5233 397 5288 lebath.
449 5239 480 5300 (s)
501 5237 883 5296 §misnenses-alfara
935 5237 966 5298 (ε)
987 5243 1060 5294 §aaa

271 5303 372 5368 Ulpiani
378 5305 414 5354 ad
420 5305 537 5356 Sabinum
547 5305 606 5354 libro
617 5305 689 5354 XVI
700 5305 807 5368 efferant
817 5305 877 5366 Vct,
889 5305 932 5354 nbi
939 5305 1015 5368 periit
1023 5305 1059 5352 in·

266 5371 360 5434 scriptio
368 5369 613 5436 excerptorumearnm
624 5389 685 5434 qaae
691 5371 812 5434 permeent
820 5373 875 5428 odi
888 5381 925 5422 ta
968 5371 999 5432 (t)
1012 5371 1058 5432 [De

265 5435 333 5500 liguo
341 5435 425 5486 Labeo
434 5437 480 5498 ait]
494 5451 570 5500 usque
586 5437 615 5486 ed
625 5451 696 5484 usum
707 5451 777 5486 sunm
792 5439 827 5500 [et
835 5437 909 5488 tiliae
919 5451 990 5500 posse
999 5451 1056 5484 usu-

265 5501 425 5552 fructuarium
434 5503 496 5552 ferre
511 5517 555 5552 nec
572 5503 674 5552 matoria
687 5517 741 5550 enm
755 5519 801 5566 pro
814 5503 885 5568 ligno
900 5519 1008 5560 usurum,
1023 5503 1055 5564 si]

256 5569 350 5620 'hebeat
357 5569 423 5620 uude
436 5575 521 5620 utetur
530 5569 615 5634 li[gno.
632 5569 697 5618 idem
706 5569 742 5618 ait
752 5587 851 5620 usurum
861 5587 916 5620 cunr
926 5569 1055 5620 arboribus

263 5637 351 5686 evulsis
360 5635 398 5686 νε]
408 5637 431 5684 ν]
441 5639 578 5698 ventorum]
589 5635 663 5686 etiam
674 5635 784 5698 deiectis,
800 5641 862 5702 puto
872 5647 951 5688 tamen
967 5641 1054 5700 [usqae

263 5703 292 5752 ed
302 5719 371 5752 nsum
382 5719 465 5752 sunm:
476 5701 596 5764 alioquin]
609 5703 663 5752 Vnt·
716 5705 748 5764 (8)
766 5705 820 5768 ipss
829 5705 965 5766 su[ceidere
974 5719 1052 5766 quan-

263 5775 313 5818 tum
322 5771 352 5818 ed
362 5769 435 5822 tiliae
444 5771 601 5820 refectionem
610 5769 712 5832 poterit,
727 5775 755 5818 ut
769 5769 1051 5836 pntath1ratiuslibro

1115 431 1157 502 tt

1860 443 1953 504 Vnt

1197 611 1253 670 12³
1275 613 1418 670 Uarianae
1431 615 1499 668 libro
1515 613 1625 684 septimo
1642 609 1760 664 deamat
1777 613 1814 664 ad
1829 613 1956 668 Setinum

1160 679 1305 734 Arboribus
1329 683 1422 736 evolsis
1446 683 1486 734 νε]
1503 683 1527 732 ei
1544 685 1680 734 ventorum
1697 675 1803 730 deiectis
1821 695 1905 746 usque
1922 681 1956 734 ed

1159 763 1237 798 usum
1254 763 1331 800 suum
1348 751 1374 800 et
1390 747 1466 798 villae
1483 763 1560 814 posse
1577 743 1800 800 usufructuarium
1816 745 1885 798 ferre
1901 747 1955 798 La-

1159 813 1208 864 beo
1226 815 1277 864 ait:
1302 827 1351 864 uec
1369 811 1477 864 materia
1495 829 1552 866 eum
1570 829 1618 880 pro
1635 813 1705 880 liguo
1722 825 1843 872 usurum,
1867 813 1889 864 si
1907 813 1955 862 ha-

1159 877 1483 942 heetundeutaturliguo.
1509 895 1586 944 quarn
1601 877 1755 932 sententiam
1769 883 1834 944 puto
1851 889 1955 930 reram:

1158 943 1292 1012 alioquim
1313 951 1341 996 et
1362 943 1386 996 si
1407 949 1478 996 totus
1502 957 1563 1008 ager
1586 945 1621 996 sit
1642 947 1712 998 hunc
1736 959 1825 996 casum
1850 955 1954 1010 passus,

1158 1023 1247 1064 omnes
1265 1011 1373 1062 arbores
1391 1009 1506 1062 auferret
1522 1007 1695 1064 fructuarius:
1713 1011 1848 1064 materiam
1865 1013 1953 1060 temen

1156 1077 1242 1144 ipsum
1259 1075 1393 1130 succidere
1410 1079 1537 1144 quantum
1555 1075 1589 1126 ed
1606 1077 1682 1130 ullae
1695 1077 1863 1132 refectionem
1877 1079 1954 1142 putat

1155 1143 1266 1262 posseiz
1283 1141 1500 1210 quemadmodum
1524 1141 1634 1206 calcem,
1657 1143 1753 1210 inquit,
1778 1157 1890 1210 coquere
1912 1139 1953 1192 νε]

1175 1223 1281 1262 arenam
1303 1207 1393 1262 fodere
1417 1207 1518 1260 aliudve
1544 1207 1606 1273 quid
1631 1209 1749 1264 aedificio
1775 1207 1952 1264 necessarium

1160 1283 1167 1324 t
1207 1277 1335 1330 sumeret
1370 1273 1450 1328 Navis
1466 1291 1517 1328 usu
1533 1273 1623 1326 fructu
1639 1275 1723 1342 legato
1747 1275 1921 1344 navigandum
1931 1275 1952 1306 ¹⁰

1154 1341 1305 1396 mittendam
1322 1345 1401 1408 puto,
1418 1341 1480 1394 licet
1497 1339 1626 1406 naufragii
1642 1343 1787 1408 periculum
1803 1343 1950 1396 imminente

1154 1413 1169 1460 2
1204 1409 1277 1462 navis
1295 1407 1389 1462 etenim
1408 1407 1442 1460 ad
1458 1409 1509 1460 hoc
1526 1413 1644 1474 paratur,
1661 1413 1692 1458 ut
1707 1411 1810 1476 naviget
1820 1411 1848 1462 ¹¹.
1881 1407 1950 1462 Usu·

1151 1473 1313 1528 fructuarius
1330 1473 1369 1528 νε]
1385 1475 1443 1542 ipse
1459 1473 1511 1528 frui
1529 1489 1560 1526 ea
1577 1489 1605 1526 re
1621 1473 1662 1526 νε]
1676 1471 1719 1526 alii
1733 1473 1870 1528 fruendam
1886 1491 1949 1528 con·

1152 1538 1244 1596 cedere
1260 1543 1302 1594 νε]
1317 1541 1407 1594 locare
1422 1541 1464 1594 νε]
1479 1541 1591 1594 rendere
1607 1545 1708 1606 potest:
1727 1555 1787 1594 nam
1805 1549 1830 1594 et
1847 1543 1891 1610 qui
1908 1541 1947 1594 lo·

1151 1613 1194 1660 cet
1217 1609 1311 1670 utitur,
1335 1615 1361 1660 et
1383 1609 1428 1674 qui
1450 1607 1538 1660 tandm
1560 1607 1650 1660 adnm.
1678 1607 1723 1660 ssd
1745 1613 1771 1662 et
1788 1609 1809 1660 si
1827 1609 1871 1662 alii
1887 1625 1947 1676 pre·

1151 1675 1222 1728 catio
1241 1675 1368 1728 concedat
1385 1675 1424 1726 νε]
1442 1673 1535 1738 donet,
1559 1679 1623 1742 puto
1647 1687 1706 1726 eum
1730 1673 1767 1726 uti
1791 1680 1870 1740 etque
1886 1675 1946 1728 ideo

1149 1741 1263 1794 retinere
1283 1757 1358 1794 usum
1380 1741 1509 1804 fructum,
1536 1747 1562 1794 et
1583 1741 1634 1794 hoc
1658 1739 1764 1792 Cassius
1788 1745 1814 1792 et
1830 1741 1946 1808 Pegasus

1148 1823 1191 1860 res
1211 1809 1341 1860 cuderunt
1363 1813 1389 1860 et
1405 1807 1566 1876 Pomponius
1589 1807 1655 1860 libro
1696 1805 1769 1860 ninto
1793 1821 1825 1858 ex
1848 1807 1944 1860 Sabino

1148 1825 1250 1942 probat.
1277 1889 1330 1926 non
1355 1875 1440 1928 solum
1463 1881 1550 1928 autem
1574 1873 1596 1928 si
1618 1889 1664 1942 ego
1679 1825 1821 1936 (incavare,
1844 1875 1946 1928 retineo

1147 1941 1368 2002 usumfructum,
1386 1939 1463 1992 sed¹²
1479 1947 1506 1992 et
1523 1943 1545 1994 si
1562 1939 1629 1994 alius
1647 1939 1779 2006 negotium
1796 1953 1882 1990 meum
1899 1955 1943 2006 ge·

1795 2005 1944 2124 tripeusimo

1856 2077 1944 2126 tamen

1146 2021 1206 2060 reus
1216 2007 1338 2060 locaverit
1354 2005 1567 2070 usumfructum,
1582 2005 1698 2060 lulianus
1713 2005 1780 2058 libro

1146 2073 1237 2142 quinto
1246 2073 1352 2140 scripsit
1359 2071 1474 2128 renuere
1484 2087 1527 2126 me
1541 2089 1616 2126 usum
1629 2073 1753 2128 hucmm.
1780 2071 1824 2140 qui

1146 2141 1167 2194 si
1186 2157 1238 2194 nou
1256 2141 1375 2194 locavero
1385 2139 1413 2204 ¹³,
1432 2139 1478 2194 sed
1496 2139 1603 2194 absente
1618 2145 1644 2194 et
1657 2139 1794 2208 ignorante
1808 2153 1848 2192 me
1864 2155 1941 2206 nego·

1145 2209 1210 2260 tium
1226 2221 1311 2260 meum
1328 2221 1421 2274 gerens
1438 2211 1530 2260 utatur
1546 2207 1604 2274 quis
1619 2213 1645 2260 et
1658 2207 1782 2260 fruatur?
1799 2203 1878 2260 nihilo
1894 2205 1941 2258 mi-

1144 2289 1194 2326 nus
1216 2275 1314 2326 retineo
1332 2287 1410 2326 usum
1426 2271 1541 2326 fructum
1559 2273 1638 2342 (quod
1655 2281 1682 2326 et
1697 2271 1857 2338 Pomponius
1874 2271 1941 2326 libro

1143 2341 1233 2408 quinto
1251 2341 1355 2406 prohatt
1374 2353 1422 2406 per
1437 2341 1502 2404 hcc,
1528 2339 1599 2408 quod
1622 2339 1785 2406 negotiorum
1807 2345 1940 2408 gestorum

1143 2411 1158 2460 3
1192 2407 1322 2460 achonem
1346 2407 1479 2476 adquisivi.
1515 2407 1555 2460 De
1577 2407 1620 2460 illo
1643 2407 1803 2476 Pomponius
1827 2407 1939 2470 dubitat,

1142 2475 1164 2526 ai
1181 2473 1313 2542 fngidvus,
1330 2475 1357 2528 in
1375 2489 1425 2542 quo
1444 2487 1515 2528 meus
1533 2491 1596 2528 usus
1613 2473 1745 2528 fructus¹⁴
1763 2479 1812 2536 est,
1830 2473 1938 2542 stipule-

1140 2549 1185 2594 tur
1208 2541 1305 2608 aliquid
1329 2557 1361 2594 ex
1383 2557 1413 2596 re
1429 2543 1518 2594 111εεὶ]
1533 2541 1574 2594 νε]
1590 2557 1637 2620 per
1653 2539 1851 2594 traditionem¹⁸
1868 2539 1937 2594 ecci-

1158 2611 1206 2660 iat:
1226 2623 1260 2660 au
1277 2623 1325 2674 per
1340 2609 1391 2660 hoc
1407 2609 1507 2674 ipsum,
1530 2623 1604 2674 quast
1622 2611 1694 2670 utar,
1718 2607 1845 2660 retineam
1862 2623 1938 2660 usum

1139 2623 1273 2728 bustum?
1301 2673 1436 2794 mensque
1458 2673 1572 2726 admittit
1593 2673 1704 2728 retinere
1714 2677 1742 2726 ¹⁷.
1775 2689 1835 2728 nam
1858 2689 1938 2742 saepe

1139 2741 1242 2796 etiamsi
1258 2741 1389 2808 praesenti
1408 2755 1440 2794 us
1457 2741 1537 2794 servis
1556 2757 1608 2794 uon
1626 2745 1737 2806 utamur,
1754 2747 1842 2796 tamen
1859 2755 1936 2794 usum

1138 2809 1254 2860 fructum
1271 2809 1426 2860 retinemusz
1446 2813 1475 2860 ut
1492 2815 1557 2876 puta
1574 2811 1727 2874 aegrotante
1743 2821 1818 2860 servo
1836 2809 1878 2860 νε]
1894 2807 1935 2860 in·

1137 2875 1248 2938 sanast,
1272 2875 1346 2928 cuius
1370 2887 1467 2940 operae
1483 2873 1571 2926 nullae
1587 2879 1662 2936 sant,
1686 2873 1728 2926 νε]
1751 2873 1870 2928 defectae
1892 2887 1934 2926 εε-

1137 2941 1249 2994 nectutis
1266 2941 1371 2994 homine
1379 2941 1412 2994 ¹⁹:
1439 2957 1501 2992 nam
1524 2947 1550 2992 et
1573 2941 1594 2992 ri
1617 2955 1707 3008 agrum
1730 2955 1848 3004 aremus,
1871 2941 1934 2994 licet

1137 3015 1190 3062 tarn
1205 3007 1299 3062 sterilis
1313 3007 1355 3070 sit,
1373 3013 1404 3060 ut
1416 3007 1504 3060 nullus
1520 3007 1623 3060 fruetus
1641 3013 1774 3070 nascatur,
1791 3009 1932 3062 retinemus

1136 3091 1212 3126 usum
1235 3073 1350 3128 fructum
1358 3073 1389 3124 ²⁰.
1424 3071 1540 3126 lulianus
1566 3079 1654 3126 tamen
1684 3073 1750 3126 libro
1781 3075 1932 3140 trigeusimo

1134 3141 1224 3208 quinto
1242 3139 1400 3208 digestorum
1418 3139 1515 3202 scribit,
1535 3139 1634 3192 etiamsi
1650 3155 1702 3192 uou
1716 3139 1856 3206 stipuletur
1870 3139 1933 3208 quid

1133 3223 1223 3262 servus
1245 3205 1407 3274 argutiones,
1433 3205 1539 3260 retineri
1561 3207 1680 3260 tameu²2
1701 3221 1778 3260 usum
1800 3205 1929 3260 fructum:

1133 3289 1194 3328 nam
1211 3289 1263 3340 qua
1280 3275 1393 3336 ratione,
1416 3271 1513 3340 iuquit,
1537 3273 1665 3326 retinetur
1686 3287 1701 3324 a
1725 3273 1930 3340 proprietario²³

1133 3341 1277 3408 possessio,
1304 3339 1404 3392 etiamsi
1427 3337 1455 3390 in
1476 3339 1540 3404 fuga
1562 3355 1651 3392 servus
1675 3337 1722 3402 sit,
1747 3339 1806 3406 pari
1828 3339 1930 3394 ratione

1132 3411 1146 3458 t
1181 3407 1331 3460 etiamusus
1344 3405 1447 3460 fructus
1462 3405 1625 3460 retinetur²t
1651 3403 1722 3458 Idem
1735 3409 1848 3460 tractat:
1867 3405 1929 3474 quid

1131 3473 1152 3526 si
1170 3473 1228 3540 quis
1245 3473 1435 3540 possessiouem
1454 3473 1509 3526 eius
1526 3479 1620 3526 nactus
1638 3471 1680 3538 sit,
1697 3487 1740 3536 an,
1759 3471 1926 3540 quemadmo-

1130 3541 1192 3592 dum
1209 3555 1226 3592 a
1242 3539 1414 3608 proprietario
1430 3539 1559 3606 possideri
1577 3539 1683 3602 desinit,
1704 3541 1742 3592 ite
1768 3541 1845 3592 etium
1863 3555 1926 3594 usus

1129 3607 1231 3660 fructus
1255 3607 1408 3658 amittetur?
1433 3613 1460 3658 et
1481 3607 1565 3676 primo
1589 3607 1692 3674 quidem
1714 3607 1752 3658 eit
1772 3621 1852 3674 posse
1875 3607 1926 3660 dici

1130 3673 1213 3726 amitti
1229 3687 1306 3726 usum
1322 3673 1452 3736 fructum,
1469 3673 1516 3726 sed
1532 3673 1594 3724 licet
1610 3673 1757 3736 amittatur,
1781 3679 1869 3726 temen
1886 3673 1924 3726 di-

1130 3739 1257 3818 cendum²
1276 3739 1346 3808 quod
1362 3739 1432 3792 intra
1451 3739 1622 3792 coustitutum
1638 3745 1740 3806 tempus
1759 3753 1790 3792 ex
1808 3757 1836 3794 re
1853 3739 1923 3794 fruc·

1127 3805 1205 3858 tuarii
1223 3811 1256 3858 str
1275 3805 1362 3858 ulatus
1380 3811 1428 3868 est,
1445 3805 1590 3860 fructuario
1608 3805 1709 3874 adquiri
1725 3807 1852 3874 potest²⁵.
1876 3823 1924 3874 per

1127 3871 1197 3940 quod
1216 3887 1246 3926 co
1267 3871 1301 3940 igi
1317 3881 1397 3940 posse·
1412 3871 1476 3936 dici,
1496 3871 1647 3940 nequidem
1665 3873 1687 3926 si
1704 3871 1871 3940 possideatur
1887 3873 1922 3928 ab

1125 3941 1185 4004 elio,
1204 3937 1287 3992 amitti
1304 3939 1525 4004 usumfructum,
1547 3941 1664 3994 simodo
1682 3939 1743 3994 mihi
1760 3939 1859 4008 ahquid
1876 3941 1922 3994 sti-

1124 4007 1244 4074 puletur,
1267 4007 1392 4072 parvique
1408 4007 1521 4070 referre,
1538 4007 1572 4060 eb
1589 4009 1684 4062 herede
1700 4007 1866 4076 possideatur
1881 4009 1922 4062 νε]

1124 4073 1157 4126 eh
1175 4073 1264 4136 alio²⁶,
1284 4073 1326 4126 cui
1343 4073 1473 4126 hereditas
1490 4073 1596 4128 vendite
1613 4075 1647 4128 sit
1663 4075 1703 4128 vel
1718 4075 1760 4128 cui
1792 4075 1920 4142 roprietaa

1122 4141 1209 4208 legata
1226 4141 1266 4202 sit,
1286 4155 1318 4192 au
1337 4155 1352 4192 a
1369 4139 1513 4208 praedone:
1532 4141 1654 4194 sufficere
1672 4141 1738 4194 euim
1755 4091 1791 4194 ei
1805 4141 1919 4194 retinen-

1122 4207 1185 4258 dum
1202 4221 1278 4258 usum
1295 4207 1408 4258 fructum
1427 4221 1484 4260 εεεε
1502 4205 1625 4260 affectum
1640 4207 1752 4262 retinere
1769 4207 1878 4260 volentis
1893 4213 1920 4258 et

1121 4289 1224 4326 savum
1241 4273 1346 4326 nomine
1361 4273 1500 4328 fructuarii
1522 4273 1556 4328 ali
1574 4273 1620 4328 uid
1642 4273 1743 4328 fecere:
1767 4289 1834 4340 quae
1859 4287 1917 4326 sen·

1121 4345 1135 4392 5
1169 4343 1253 4394 tentia
1269 4339 1349 4394 habet
1365 4343 1501 4396 rationem.
1536 4341 1549 4394 I
1580 4341 1653 4394 'auus
1676 4341 1743 4394 libro
1766 4339 1917 4406 tugensimo

1120 4405 1210 4474 quinto
1229 4407 1255 4460 di
1273 4411 1386 4460 estonum
1403 4415 1514 4472 tractat,
1538 4407 1561 4462 si
1577 4407 1622 4462 fur
1638 4405 1797 4484 decerpserit
1812 4405 1853 4458 νε]
1870 4403 1915 4458 de-

1118 4473 1231 4526 secuerit
1247 4423 1350 4526 tinetur
1367 4481 1482 4528 maturos
1505 4473 1662 4540 pendentes,
1686 4489 1728 4524 eur
1751 4471 1916 4524 condictione

1118 4545 1245 4602 teneatur,
1264 4541 1368 4594 domino
1384 4541 1459 4594 fundi
1473 4555 1508 4594 an
1521 4537 1687 4594 fructuario?
1705 4543 1731 4588 et
1747 4543 1831 4602 putat,
1849 4551 1914 4604 quo·

1116 4605 1188 4660 niam
1204 4605 1305 4660 fructus
1324 4623 1376 4660 non
1393 4609 1460 4660 fiunt
1476 4605 1626 4666 fructuarii,
1650 4603 1699 4654 nisi
1724 4603 1756 4654 ab
1781 4619 1811 4656 eo
1829 4603 1912 4670 perci-

1116 4841 1154 4888 III
1165 4855 1359 4890 membranarum
1373 4843 1427 4888 Vnt.
1505 4839 1536 4898 (a)
1554 4849 1634 4888 secuto
1644 4855 1694 4888 esse
1703 4839 1771 4902 apud
1780 4837 1908 4902 Ulpianum

1115 4925 1167 4956 cnm
1177 4909 1228 4956 alia
1238 4917 1283 4956 tam
1292 4923 1354 4970 quac
1364 4909 1388 4954 in
1398 4905 1496 4968 digestas
1506 4903 1614 4968 leputatur
1624 4903 1640 4954 i·
1649 4915 1680 4954 11.
1691 4915 1717 4956 tt
1727 4905 1748 4954 d.
1760 4915 1773 4954 t.
1785 4907 1911 4954 ostendunt

1113 4983 1227 5038 excerpta
1241 4973 1360 5022 Vaticana
1453 4973 1497 5032 (11))
1515 4971 1657 5032 navigatum
1668 4973 1721 5022 edd.
1815 4975 1854 5032 (11)

1112 5039 1198 5100 [iidem
1211 5041 1245 5100 elt
1256 5037 1380 5098 S]abinus,
1391 5037 1501 5098 quamvis
1511 5035 1581 5086 navis
1590 5037 1644 5098 [usu
1653 5039 1736 5088 fructu
1744 5039 1827 5102 legato
1836 5035 1906 5086 nati·

1111 5115 1197 5166 gaeum
1208 5105 1350 5154 mittendam
1361 5103 1449 5164 putelt,
1463 5101 1524 5152 licet
1533 5103 1659 5168 naufragii
1668 5105 1815 5170 peri[culum
1823 5105 1905 5154 immi-

1110 5177 1168 5220 neat
1183 5209 1199 5222 ..
1257 5173 1341 5232 n]aves
1351 5169 1414 5218 cuim
1427 5167 1459 5218 ed
1469 5169 1515 5218 hoc
1524 5175 1652 5234 parantur,
1663 5173 1837 5236 [utnavigent]
1851 5173 1903 5222 Vnt.

1110 5241 1153 5298 trit
1175 5237 1253 5286 seuF
1352 5239 1392 5294 (13)
1411 5235 1528 5286 locaverit
1538 5257 1584 5290 scr,
1678 5241 1720 5302 (lt)
1739 5239 1903 5288 ususfructus

1109 5319 1176 5352 meus
1193 5305 1244 5354 Vnt.
1323 5307 1365 5362 (15]
1384 5317 1510 5354 erremea
1520 5323 1561 5356 orn.
1575 5305 1626 5356 Vct.
1709 5307 1754 5366 (lt)
1770 5321 1815 5368 per
1826 5305 1903 5354 tradi·

1108 5371 1210 5430 fiunem]
1222 5371 1346 5434 mancipio
1360 5371 1411 5420 Vct.
1488 5375 1530 5434 (rt)
1539 5373 1641 5422 retineri
1649 5373 1702 5422 Vnt.
1778 5373 1821 5432 (ιε)
1832 5387 1902 5434 egro·

1107 5441 1173 5486 tante
1188 5453 1257 5484 semro
1266 5435 1361 5484 infante
1374 5437 1436 5500 Vnt,
1447 5439 1584 5504 aegrotanti
1594 5455 1663 5488 servo
1671 5437 1708 5488 νε]
1720 5437 1845 5488 infautiF

1107 5509 1150 5566 (19)
1172 5503 1301 5552 hominii*
1338 5507 1383 5562 «tol
1403 5503 1662 5570 usumfructumieum
1676 5505 1729 5554 Vnt.
1773 5509 1814 5564 tall
1832 5503 1900 5552 intra

1105 5585 1195 5620 annum
1210 5571 1479 5636 mancipioreaecipiat
1488 5575 1532 5624 ine.
1546 5573 1599 5620 Vct.
1684 5573 1729 5626 (11)
1747 5573 1828 5620 tamen
1839 5569 1897 5618 reti·

1103 5637 1159 5686 neri
1175 5637 1229 5686 Vnt.
1314 5645 1359 5700 tat)
1376 5639 1551 5704 proprieterio]
1560 5635 1721 5702 proprietatis
1729 5635 1829 5684 domino
1843 5635 1897 5684 Vnt.

1103 5707 1148 5766 (tt)
1169 5705 1298 5768 retinetur]
1307 5721 1356 5756 uon
1365 5707 1491 5756 emittitur
1503 5705 1557 5754 Vnt.
1697 5703 1742 5760 itti
1760 5705 1840 5762 potest
1852 5701 1896 5748 rial.

1103 5773 1148 5836 (25)
1170 5771 1221 5822 elio
1228 5773 1254 5824 F
1255 5777 1269 5806 ⁹
1277 5791 1326 5824 curn
1334 5773 1383 5830 RS,
1394 5789 1421 5822 co
1432 5773 1456 5824 F
1457 5773 1491 5822 fS
