4366 6258
253 371 297 416 DE
319 367 455 414 stimans
476 369 519 416 ΕΤ
540 371 680 418 ramosis
701 373 852 418 amnonis
889 381 890 384 ’

287 531 305 590 4
323 529 442 586 Ptoios
460 533 528 588 labro
552 533 792 604 quinquagensimo
815 537 914 602 quarto
931 535 967 586 od
987 533 1057 586 odio-

254 607 307 656 tam
341 599 438 654 Pedius
479 617 540 654 osse
563 603 642 654 etiam
662 599 715 652 dici
736 613 771 652 ex
792 601 931 670 naufragio
954 615 1056 670 rapere,

254 671 305 738 qui,
323 667 387 720 dum
400 619 570 736 nauliagium
585 667 641 730 fiat,
657 667 686 718 in
701 667 749 718 illa
766 667 942 736 trepidatione
959 667 1056 736 rapiat.

256 745 266 790 l
302 735 386 790 Divus
407 737 560 790 Antoninus
583 735 615 788 de
636 733 690 796 his,
720 733 765 800 qui
788 733 914 802 praedam
938 751 970 788 ex
991 751 1057 788 nau·

253 805 335 872 hagio
354 801 538 872 diripuissent,
557 803 595 854 ita
611 801 759 868 rescripsit:
796 799 881 868 ‘Quod
899 801 931 856 de
948 801 1057 854 naufra-

254 871 326 940 ‘giis¹
350 871 425 922 naris
443 875 470 922 et
493 869 559 922 ratis
578 867 707 936 scripsisti
722 867 801 932 mibi,
826 883 856 922 ec
875 869 1002 934 pertinet,
1028 873 1058 922 ut

254 939 390 1008 ‘explores
408 953 462 1004 qua
478 951 566 1006 poena
580 935 741 990 adficiendos
755 951 801 988 eos
818 943 918 1002 putem,
936 935 1058 1004 quidiri-

254 1009 352 1078 ‘puisse
369 1005 459 1072 aliqua
476 1021 510 1058 ex
523 1003 569 1056 illo
587 1005 742 1072 probantur.
761 1009 789 1058 et
802 1001 889 1066 facila
908 1009 939 1054 ut
956 1003 1057 1070 opinor,

254 1075 386 1132 ‘constitui
407 1077 509 1140 potest:
538 1087 600 1126 nam
624 1071 766 1140 plurimum
789 1071 912 1134 interest,
941 1071 1059 1138 peritura

254 1141 416 1208 ‘collegerint
437 1155 472 1192 an
495 1155 564 1208 quae
586 1139 685 1194 servari
706 1141 810 1208 possint
832 1137 963 1206 flagitiose
984 1139 1059 1192 inva-

254 1209 353 1266 serint.
388 1207 501 1276 ideoque
524 1207 666 1276 signarier
686 1207 830 1276 praedari
852 1205 970 1274 adpetita
986 1207 1057 1260 vide-

254 1279 346 1340 ιιίιιι,
369 1277 467 1330 liberos
491 1273 596 1342 quidem
617 1275 732 1330 fustibus
756 1291 849 1330 caesos
866 1273 895 1326 in
917 1273 1059 1330 triennium

254 1345 390 1410 ‘relegabis
404 1347 458 1408 aut,
476 1343 500 1396 si
516 1343 677 1396 sordidiores
695 1349 780 1406 erunt,
797 1343 826 1396 in
840 1357 909 1408 opus
922 1341 1059 1408 pubiicum

254 1411 378 1468 ‘eiusdem
398 1411 525 1478 temporis
548 1409 636 1464 dabis:
665 1425 756 1464 servos
780 1409 891 1478 flagellis
915 1423 1007 1464 caesos
1031 1411 1059 1464 iu

254 1479 395 1534 ‘metallum
418 1477 564 1532 damnabis.
599 1477 622 1534 si
648 1493 704 1532 non
727 1493 839 1546 magnae
866 1477 994 1546 pecuniae
1016 1493 1059 1534 res

254 1547 372 1612 ιιἰιιιιι,
395 1547 494 1600 liberos
515 1543 645 1608 fustibus,
671 1561 761 1600 serros
779 1545 891 1614 flagellis
909 1561 1001 1600 caesos
1019 1547 1059 1600 di-

254 1615 364 1668 ‘mittere
381 1615 499 1684 poteris'.
531 1621 558 1666 et
575 1615 680 1668 omnino
697 1619 728 1666 ut
744 1615 772 1666 in
791 1615 894 1678 ceteris,
911 1615 950 1668 ita
966 1615 1059 1670 huius-

254 1681 324 1738 modi
352 1683 457 1736 ιιιιίι2
485 1697 517 1734 ex
539 1697 714 1750 personarum
737 1683 893 1738 condicione
917 1687 944 1736 et
971 1699 1059 1738 rerum

254 1751 380 1818 qualitate
404 1749 541 1816 diligenter
563 1757 624 1804 sunt
645 1749 838 1816 aestimandae,
869 1767 903 1804 ne
926 1749 988 1820 quid
1011 1755 1058 1804 aut

254 1817 344 1870 durius
358 1823 405 1870 aut
417 1817 554 1872 remissius
568 1819 753 1882 constituatur,
773 1835 852 1886 quam
866 1835 949 1872 causa
965 1825 1058 1888 postu-

254 1891 268 1938 ι
302 1885 375 1940 labit.
401 1885 460 1940 Hae
478 1885 596 1940 actiones
613 1887 754 1942 heredibus
773 1887 879 1940 dantur.
904 1887 930 1938 in
948 1885 1059 1940 heredes

256 1957 363 2006 eatenus
382 1951 486 2006 dandae
503 1959 575 2018 sunt,
593 1961 723 2020 quatenus
741 1955 776 2008 ad
794 1969 838 2008 eos
856 1953 982 2022 pervenit.

287 2017 305 2074 5
326 2019 418 2074 ortos
439 2021 507 2074 libro
529 2023 670 2074 vicensimo
689 2023 781 2092 priore
807 2021 844 2074 od
861 2019 974 2074 edictum
991 2035 1059 2090 pro-

254 2087 365 2140 vinciale
398 2089 429 2140 Si
450 2089 508 2156 quis
530 2105 564 2142 ex
585 2089 724 2156 naufragio
746 2087 788 2142 vel
809 2103 843 2140 ex
861 2085 986 2140 'incendio
1004 2087 1059 2142 rui·

253 2169 319 2208 nare
341 2161 472 2210 servatam
494 2173 550 2210 rem
568 2161 594 2210 et
611 2155 663 2210 alio
680 2157 740 2210 loco
764 2155 879 2224 positam
897 2155 1059 2208 subtraxerit

254 2227 300 2276 aut
323 2223 456 2290 rapuerit,
489 2223 555 2278 furti
581 2223 682 2278 scilicet
710 2227 759 2276 aut
785 2223 852 2276 alias
873 2221 909 2274 ri*
928 2221 1059 2276 bonorum

253 2295 389 2356 raptorum
405 2291 504 2344 iudicio
518 2295 630 2354 tenetur,
648 2291 762 2344 maxime
779 2291 802 2344 si
818 2305 873 2344 non
889 2289 1060 2358 intellegebat

254 2373 285 2410 ex
302 2357 442 2426 naufragio
460 2359 502 2412 vel
518 2357 640 2412 incendio
664 2359 773 2412 ruinave
791 2373 850 2412 eam
868 2373 933 2412 esse.
969 2359 1059 2412 iacen-

253 2431 306 2486 tem
329 2441 435 2494 quoque
455 2441 512 2480 rem
533 2443 567 2480 ex
595 2425 747 2494 naufragio,
774 2441 843 2494 quae
865 2425 990 2482 fluctibus
1013 2443 1059 2480 ex·

254 2491 331 2560 pulsa
353 2493 401 2558 sit,
425 2493 524 2562 siquis
548 2493 701 2558 abstulerit,
745 2493 846 2562 lenique
861 2493 931 2548 idem
953 2499 1057 2564 putant.

253 2559 324 2628 quod
345 2561 386 2614 ita
401 2575 491 2614 rerum
509 2569 562 2626 est,
586 2563 609 2614 si
626 2511 744 2628 aliquotiJ
762 2575 855 2630 empus
871 2567 933 2630 post
950 2563 1059 2616 naufra-

253 2629 323 2696 gium
339 2629 532 2682 intercesserit:
551 2629 667 2698 alioquin
684 2629 708 2682 si
723 2629 753 2682 in
768 2629 828 2698 ipso
845 2629 978 2698 naufragii
992 2635 1058 2684 tern-

252 2709 317 2764 pore
332 2695 362 2750 id
378 2695 520 2762 acciderit,
538 2695 604 2750 nihil
619 2695 742 2764 interest,
760 2703 850 2750 utrum
868 2713 901 2752 ex
917 2697 975 2766 ipso
991 2697 1060 2752 mari

254 2761 363 2830 quisque
380 2763 469 2832 rapiat
487 2779 522 2818 an
539 2781 573 2818 ex
589 2763 735 2832 naufragiis
752 2779 789 2818 an
806 2779 839 2818 ex
855 2765 941 2818 litore.
977 2765 1010 2820 de
1027 2781 1058 2820 eo

254 2845 371 2898 quoque,
396 2833 467 2900 quod
488 2847 522 2886 ex
545 2837 603 2886 rate
624 2847 691 2886 nave
714 2839 867 2902 expugnata
888 2839 993 2902 raptum
1015 2833 1058 2900 sit,

254 2899 363 2952 eandem
379 2899 624 2968 interpretationem
645 2899 771 2954 adbibere
789 2899 924 2956 debemus.

287 2963 305 3022 6
326 2965 540 3022 Cnaarsranrus
555 2967 622 3022 libro
634 2969 728 3036 nmmo
746 2967 828 3022 edicti
842 2969 979 3022 meritorii
1002 2967 1058 3022 Ex-

253 3039 387 3102 pugnatur
413 3035 501 3100 naris,
536 3051 597 3088 cum
624 3035 754 3102 spoliatur
782 3039 831 3088 ant
857 3037 983 3104 mergitur
1012 3041 1059 3088 aut

254 3101 406 3156 dissolvitur
431 3109 479 3154 aut
506 3103 675 3170 pertunditur
701 3105 750 3154 aut
776 3103 854 3156 funes
877 3103 933 3156 eius
956 3103 1059 3172 praeci-

240 3169 351 3292 guntur
365 3175 413 3222 aut
426 3169 485 3222 vela
494 3169 704 3226 conscinduntur
716 3175 763 3222 aut
778 3185 894 3224 ancorae
908 3171 1060 3226 insolenter

272 3251 384 3292 amare.

287 3301 404 3358 isara
424 3301 491 3358 libro
512 3305 629 3358 secundo
650 3305 837 3374 quaestionum
876 3303 917 3358 Ne
941 3303 1004 3372 quid
1025 3321 1060 3358 ex

253 3371 398 3440 naufragiis
422 3371 563 3440 diripiatur
585 3371 627 3426 rel
652 3371 711 3440 quis
734 3377 875 3426 extraneus
902 3371 1059 3426 interveniat

255 3439 407 3508 colligendis
425 3439 471 3504 eis,
490 3439 663 3494 multifariam
680 3445 852 3518 prospectum
869 3445 917 3494 est.
953 3455 1014 3492 nam
1032 3445 1059 3494 et

254 3507 328 3562 divus
351 3505 504 3562 Hadrianus
527 3507 614 3562 edicto
634 3511 783 3574 praecepit,
807 3511 837 3560 ut
854 3507 896 3572 hi,
919 3507 963 3576 qui
984 3509 1059 3562 iuxta

253 3577 331 3630 litora
353 3575 433 3628 maris
457 3573 607 3642 possident,
625 3575 737 3638 sonent,
763 3573 909 3642 siquando
927 3575 999 3628 naris
1017 3575 1059 3628 rel

254 3643 345 3698 inficta
362 3643 403 3696 vel
419 3641 507 3696 fracta
523 3643 596 3696 intra
611 3641 678 3696 fines
695 3643 753 3712 agri
770 3643 899 3711 cuiusque
915 3641 1007 3708 inerit,
1025 3657 1059 3696 ne

254 3711 393 3778 naufragia
416 3709 555 3778 diripiant,
582 3709 611 3764 in
636 3709 709 3780 ipsos
730 3709 828 3764 iudicia
850 3709 986 3778 praesides
1008 3709 1058 3774 his,

255 3779 300 3850 qui
316 3793 360 3832 res
377 3793 441 3832 suas
459 3777 577 3848 direptas
593 3783 744 3846 queruntur,
762 3777 920 3844 reddituros,
938 3783 969 3832 ιι
983 3777 1060 3846 quid·

1047 349 1111 420 tro

1616 349 1804 416 XXXXVII
1826 357 1854 418 9.
1877 359 1915 416 id

1107 535 1227 604 iubetur,
1250 537 1274 592 si
1296 535 1375 590 modo
1400 533 1486 588 sciens
1509 529 1678 600 prudensque
1700 528 1734 606 id·
1746 529 1914 584 commiserit.

1109 601 1131 652 si
1148 617 1209 656 vero
1227 619 1301 664 casu,
1319 601 1404 656 idest
1421 599 1592 670 neglegentia,
1610 601 1656 650 aut
1673 597 1798 648 ιοιιιιιΘ
1814 599 1914 652 sarcire

1108 669 1214 722 iubetur
1231 677 1291 734 aut,
1315 669 1339 724 si
1355 669 1442 722 minus
1458 667 1569 722 idoneus
1586 667 1635 730 sit,
1659 661 1741 718 levius
1760 661 1912 730 castigatur.

1109 739 1287 802 appellatione
1314 741 1403 790 autem
1432 735 1536 790 aedium
1565 747 1655 788 omnes
1676 729 1777 800 species
1801 729 1915 784 aedificii

1109 805 1287 858 continentur.

1146 869 1183 926 it)
1207 871 1349 924 Πιιιιιιι
1370 871 1438 924 libro
1457 871 1548 940 primo
1573 869 1728 938 opinionum
1762 865 1803 920 Ne
1826 865 1914 934 pisca-

1110 941 1182 992 tores
1199 943 1278 990 nocte
1294 939 1392 992 lumine
1411 943 1516 994 ostenso
1533 937 1630 990 fallant
1646 937 1813 1006 navigantes,
1839 933 1916 1000 quasi

1109 1003 1137 1054 in
1160 1009 1267 1072 portum
1288 1007 1401 1072 aliquem
1425 1005 1551 1070 delaturi,
1581 1019 1665 1072 eoque
1690 1003 1770 1058 modo
1793 1003 1821 1056 in
1845 1001 1915 1070 peri-

1110 1071 1200 1124 culum
1226 1085 1307 1126 naves
1334 1079 1362 1126 et
1388 1075 1432 1140 qui
1459 1073 1488 1126 in
1510 1075 1548 1128 eis
1570 1079 1635 1126 sunt
1656 1071 1790 1126 deducant
1812 1071 1916 1138 sibique

1110 1139 1285 1192 execrandam
1309 1141 1435 1206 praedam
1460 1141 1581 1208 parenti
1610 1141 1739 1210 praesidis
1763 1139 1915 1210 provinciae

1109 1205 1231 1274 religiosa
1250 1207 1399 1260 constantia
1417 1207 1524 1264 efficiat.

1147 1271 1182 1330 11
1203 1273 1378 1334 Marcianos
1397 1275 1465 1330 libro
1484 1275 1698 1344 quartodecimo
1717 1277 1914 1330 institutionum

1112 1341 1140 1396 Si
1157 1339 1266 1396 fortuito
1283 1339 1433 1394 incendium
1449 1341 1551 1396 iactum
1568 1345 1616 1408 sit,
1634 1345 1708 1396 venia
1725 1343 1840 1412 indiget,
1865 1345 1915 1396 nisi

1109 1415 1164 1464 tam
1180 1409 1236 1464 lata
1254 1407 1334 1474 culpa
1349 1407 1409 1472 init,
1427 1413 1458 1462 ut
1473 1411 1578 1464 luxuria
1596 1417 1643 1464 aut
1660 1411 1720 1466 dolo
1734 1411 1769 1464 sit
1783 1413 1913 1480 proxima.

1146 1471 1215 1532 121⁰
1243 1473 1387 1528 Uarianos
1412 1477 1479 1530 libro
1505 1483 1598 1532 octono
1625 1479 1658 1532 de
1679 1477 1773 1548 officio
1796 1495 1914 1550 procon-

1109 1543 1205 1600 ιιιῐιί11
1241 1543 1335 1596 Licere
1357 1543 1500 1612 unicuique
1522 1543 1689 1614 nauhamum
1713 1561 1790 1600 suum
1806 1547 1914 1614 impunc

1111 1613 1233 1680 colligere
1260 1615 1380 1666 constat:
1407 1611 1487 1678 idque
1512 1611 1656 1682 imperator
1677 1615 1830 1668 Antoninus
1853 1631 1913 1666 cum

1112 1687 1124 1732 l
1161 1681 1220 1734 divo
1236 1685 1313 1748 patre
1331 1693 1379 1732 suo
1397 1681 1541 1750 rescripsit.
1568 1681 1618 1748 Qui
1635 1681 1698 1736 data
1712 1697 1794 1750 opera
1807 1681 1836 1736 in
1852 1685 1913 1736 civi-

1109 1753 1165 1804 tate
1178 1747 1328 1804 incendium
1341 1747 1460 1812 fecerint,
1478 1747 1502 1802 si
1515 1747 1655 1804 humiliore
1668 1749 1728 1804 loco
1745 1751 1804 1816 sint,
1823 1751 1914 1804 hestiis

1110 1819 1179 1870 obici
1196 1816 1295 1872 solent:
1319 1815 1343 1870 si
1363 1815 1392 1868 in
1418 1815 1506 1886 aliquo
1526 1817 1611 1882 gradu
1633 1817 1661 1870 id
1676 1817 1803 1882 fecerint,
1828 1819 1914 1888 capite

1110 1885 1257 1952 puniuntur
1274 1889 1321 1936 ant
1338 1883 1454 1936 certain
1471 1885 1584 1938 insulam
1602 1883 1777 1954 deportantur
1787 1887 1815 1936 ¹2.

1224 2139 1225 2144 ,
1481 2085 1546 2146 X¹³.

1205 2189 1251 2238 DE
1268 2187 1413 2240 minans
1430 2187 1475 2236 ΕΤ
1491 2185 1635 2236 ramosis
1652 2185 1818 2236 LIBELLIS.

1146 2287 1160 2344 1
1187 2287 1330 2344 literatos
1350 2283 1428 2344 libro*
1454 2287 1676 2356 ninqaoqcnsimo
1692 2289 1771 2338 reato
1793 2287 1830 2338 ad
1846 2287 1914 2340 edic-

1111 2361 1167 2410 tam
1205 2355 1305 2410 Iniuria
1328 2371 1361 2410 ex
1382 2371 1413 2410 eo
1436 2301 1509 2408 dicta
1530 2359 1583 2418 est,
1607 2353 1677 2422 quod
1698 2369 1753 2408 non
1772 2351 1831 2406 iure
1853 2353 1914 2408 fiat:

1111 2441 1188 2480 omne
1206 2425 1287 2492 enirn,
1312 2425 1383 2494 quod
1399 2433 1454 2476 non
1469 2423 1527 2478 iure
1544 2421 1589 2486 iit,
1610 2421 1706 2476 iniuria
1726 2419 1785 2476 iieri
1808 2421 1914 2476 dicitur.

1109 2494 1161 2548 hoo
1175 2493 1340 2562 generaliter.
1367 2491 1518 2560 specialiter
1531 2495 1620 2544 autem
1631 2489 1728 2544 iniuria
1742 2489 1839 2542 dicitur
1852 2507 1914 2544 con·

1110 2563 1226 2614 tumelia.
1243 2561 1375 2614 interdum
1387 2559 1527 2614 iniuriaea
1546 2557 1688 2626 pellatione
1699 2559 1824 2612 damnum
1836 2559 1914 2626 culpa

1110 2629 1202 2682 datum
1225 2629 1401 2698 significatur,
1425 2633 1456 2681 ut
1477 2627 1506 2680 in
1527 2577 1587 2694 iege
1607 2627 1713 2696 Aquilia
1735 2625 1823 2680 dicere
1845 2627 1914 2682 sole-

1109 2713 1180 2752 mus:
1203 2695 1335 2752 interdum
1357 2695 1524 2764 iniquitatem
1540 2695 1663 2750 iniuriam
1680 2695 1792 2748 dicimus
1802 2695 1830 2758 ¹⁴,
1853 2711 1914 2748 nam

1110 2781 1171 2818 curn
1193 2765 1252 2832 quis
1272 2765 1361 2834 inique
1382 2765 1423 2818 vel
1443 2763 1541 2818 iniuste
1562 2763 1720 2818 sententiam
1743 2761 1824 2828 anit,
1846 2763 1914 2816 iniu-

1109 2833 1206 2886 ιίιιι15
1228 2847 1262 2886 ex
1284 2847 1314 2886 eo
1339 2831 1451 2896 dictam,
1469 2831 1549 2900 ¹quod
1571 2831 1629 2886 iure
1654 2835 1682 2884 et
1707 2831 1809 2884 iustitia
1832 2837 1914 2896 caret,

1110 2899 1187 2968 quasi
1199 2915 1252 2954 non
1264 2899 1365 2966 iuriam,
1379 2899 1566 2954 contumeliam
1579 2905 1667 2952 autem
1682 2913 1698 2952 ι
1712 2899 1913 2954 contemnendo.

1112 2973 1124 3018 l
1160 2967 1285 3022 iniuriam
1302 2973 1390 3022 autem
1406 2967 1465 3022 fieri
1481 2967 1572 3022 Labeo
1589 2967 1626 3020 ait
1644 2971 1690 3020 ant
1707 2983 1736 3020 rc
1751 2971 1799 3022 aut
1812 2967 1913 3022 verbis:

1110 3049 1153 3100 re,
1179 3035 1297 3100 quotiens
1315 3051 1408 3088 manus
1425 3033 1588 3088 inferuntur:
1612 3035 1698 3088 verbis
1721 3039 1823 3098 autem,
1848 3049 1914 3102 quo·

1110 3105 1125 3154 2
1160 3101 1229 3156 tiens
1246 3117 1301 3156 non
1318 3119 1410 3158 manus
1427 3101 1586 3168 inferuntur,
1604 3103 1751 3156 convicium
1764 3103 1795 3154 fit
1805 3103 1838 3154 ¹⁶:
1858 3117 1913 3154 om·

1109 3183 1222 3237 nemque
1239 3169 1362 3222 iniuriam
1379 3175 1426 3222 aut
1442 3169 1470 3224 in
1487 3185 1584 3238 corpus
1600 3169 1693 3224 inferri
1713 3175 1760 3222 aut
1777 3169 1812 3224 ad
1829 3169 1911 3238 digni-

1109 3241 1193 3290 tatem
1209 3241 1257 3290 aut
1274 3237 1308 3290 ad
1325 3237 1460 3290 Maniam
1473 3239 1620 3304 pertinere:
1638 3239 1666 3290 in
1684 3253 1782 3304 corpus
1796 3237 1834 3304 fit,
1853 3253 1914 3292 cum

1110 3303 1169 3370 quis
1186 3303 1323 3372 pulsatur:
1347 3305 1383 3360 ad
1403 3303 1569 3372 dignitatem,
1594 3321 1653 3358 cum
1671 3319 1759 3358 comes
1776 3311 1913 3358 matronae

1110 3371 1264 3424 abducitur:
1287 3371 1322 3426 ad
1337 3371 1485 3436 infamiam,
1505 3387 1564 3424 cum
1580 3373 1707 3442 pudicitia
1724 3373 1912 3440 attemptatur.

1110 3443 1125 3490 3
1160 3439 1227 3492 Item
1250 3443 1297 3492 aut
1316 3453 1365 3506 per
1386 3445 1469 3494 semet
1490 3439 1577 3508 ipsum
1599 3439 1678 3494 alicui
1698 3439 1731 3494 fit
1751 3439 1849 3494 iniuria
1867 3445 1914 3492 aut

1109 3521 1158 3574 per
1180 3505 1246 3560 alias
1266 3521 1404 3626 personas.
1439 3523 1488 3574 per
1509 3513 1604 3570 semet,
1628 3523 1686 3562 cum
1709 3507 1809 3562 directo
1831 3509 1883 3578 ipsi
1893 3505 1910 3538 ¹¹¹

1110 3573 1154 3628 cui
1176 3573 1246 3640 patri
1275 3575 1380 3642 amilias
1401 3573 1443 3628 vel
1458 3575 1538 3628 matri
1553 3575 1667 3628 familias
1683 3573 1715 3628 fit
1730 3575 1841 3628 iniuria:
1865 3589 1913 3642 per

1109 3641 1184 3706 alias,
1202 3657 1263 3694 cum
1279 3655 1328 3708 per
1344 3641 1546 3710 consequentias
1563 3641 1602 3708 fit,
1620 3657 1679 3696 cum
1695 3641 1727 3696 fit
1743 3643 1833 3698 liberis
1847 3643 1912 3694 meis

1109 3709 1152 3762 vel
1169 3709 1250 3762 serris
1268 3709 1332 3762 meis
1349 3709 1391 3762 rel
1413 3709 1491 3762 uxori
1514 3709 1637 3764 narrare:
1661 3715 1766 3778 spectat
1787 3711 1857 3764 enim
1878 3709 1912 3762 ad

1109 3791 1159 3830 nos
1176 3775 1280 3842 iniuria,
1299 3775 1410 3844 quaein
1428 3775 1469 3830 bis
1486 3775 1524 3840 fit,
1543 3777 1588 3844 qui
1604 3779 1644 3832 rel
1661 3779 1788 3846 potestati
1805 3783 1912 3832 nostrae

1110 3847 1125 3896 4
1160 3843 1202 3896 rel
1224 3841 1332 3896 affectui
1355 3843 1468 3898 subiecti
1489 3843 1549 3898 sint.
1590 3845 1628 3898 Et
1650 3847 1673 3898 si
1695 3845 1766 3898 forte
1790 3843 1912 3898 cadaveri

255 3847 318 3916 quid
335 3847 506 3916 probaverint
522 3847 599 3898 adem
617 3853 673 3900 tum
690 3847 741 3900 sibi
754 3845 902 3914 naufragio,
919 3845 947 3898 id
964 3859 981 3898 a
996 3861 1059 3914 pos·
1221 3911 1227 3922 .
1295 3911 1327 3922 ..
1364 3911 1370 3922 Ι

255 3913 404 3970 sessoribus
422 3913 560 3982 recipiant.
597 3863 630 3968 de
645 3913 686 3968 bis
704 3919 807 3980 autem,
832 3931 897 3982 quos
920 3913 1059 3982 diripuisse
1110 3909 1229 3964 defuncti
1246 3911 1276 3962 tit
1292 3925 1395 3974 iniuria,
1415 3911 1458 3964 cui
1475 3911 1584 3966 heredes
1598 3913 1759 3966 bonorumve
1794 3927 1898 3966 ossesso

254 3983 395 4052 probatum
419 3981 466 4046 eit,
489 3979 637 4050 praesidem
660 3985 709 4036 ut³
734 3981 766 4036 de
787 3981 936 4036 latronibus
954 3997 1059 4048 gravem
1109 3993 1152 4032 res
1177 3979 1336 4042 exstitimus,
1364 3979 1520 4032 iniuriamm
1542 3985 1633 4034 nostro
1657 3979 1762 4034 nomine
1820 3981 1911 4032 bemus

255 4051 412 4106 sententiam
435 4049 531 4104 dicere,
572 4051 618 4104 4ιι
637 4049 742 4104 facilior
764 4049 800 4104 sit
821 4051 943 4118 probatio
967 4049 1059 4104 buius·
1110 4045 1254 4100 actionem:
1279 4051 1382 4114 spectat
1403 4045 1473 4100 enim
1494 4045 1529 4100 ad
1550 4047 1768 4102 existimationem
1785 4051 1912 4108 nostram,

255 4117 325 4172 modi
347 4117 468 4182 admissi,
491 4117 611 4186 permisit
631 4117 672 4172 his
695 4123 722 4172 et
744 4117 891 4186 quidquid⁵
913 4131 1007 4186 passos
1030 4131 1059 4172 se
1109 4115 1134 4168 si
1151 4129 1203 4182 qna
1220 4111 1246 4166 ei
1262 4111 1310 4166 fiat
1325 4113 1431 4168 iniuria.
1465 4113 1587 4182 idemque
1604 4121 1631 4168 et
1647 4115 1670 4168 si
1685 4113 1758 4168 fama
1775 4113 1845 4178 eius,
1870 4115 1913 4166 cui

255 4185 406 4240 huiusmodi
423 4191 584 4254 queruntur,
608 4185 679 4240 adire
702 4183 852 4254 praefectos
875 4189 902 4240 et
924 4183 976 4238 ιιι6
998 4199 1059 4238 eum
1110 4187 1125 4234 ι
1160 4179 1270 4236 heredes
1286 4183 1441 4246 exstitimus,
1456 4183 1611 4234 lacessatur.
1638 4181 1729 4248 Usque
1744 4181 1810 4236 adeo
1824 4185 1913 4234 autem

255 4255 347 4308 testari
364 4269 477 4322 reosque
493 4259 591 4324 petere,
608 4259 639 4308 ut
656 4271 705 4324 pro
720 4253 799 4308 modo
814 4253 909 4322 culpae
921 4253 963 4306 vel
978 4251 1060 4306 ancti
1109 4249 1219 4314 miuria,
1247 4263 1314 4318 quae
1337 4247 1368 4302 fit
1390 4249 1480 4304 liberis
1502 4249 1615 4312 nostris,
1642 4255 1762 4304 noenum
1784 4249 1913 4316 pudorem

258 4323 296 4376 rel
318 4323 369 4378 sub
392 4321 593 4376 fideiussoribus
615 4321 650 4374 ad
665 4321 815 4390 praesidem
831 4321 1007 4378 remittantur.
1043 4333 1059 4372 a
1109 4315 1247 4386 pertingit,
1268 4321 1300 4370 ut
1317 4317 1419 4372 etiamsi
1436 4317 1565 4372 volentem
1582 4315 1665 4370 filium
1682 4315 1739 4396 quis
1756 4315 1911 4394 vendiderit,

257 4389 361 4444 domino
385 4405 490 4458 quoque
511 4389 699 4456 possessionis,
727 4389 756 4444 in
785 4405 837 4458 qua
863 4389 891 4444 id
916 4387 1059 4442 admissum
1109 4385 1180 4504 fiatri
1198 4399 1246 4440 suo
1264 4385 1371 4464 quidem
1387 4385 1492 4440 nomine
1509 4383 1634 4462 competit
1655 4381 1911 4462 insudarumactro,

257 4455 368 4522 ιιίιιιιι,
386 4457 452 4512 satis
470 4459 563 4526 accipi,
581 4471 615 4510 ne
632 4457 776 4524 cognitioni
793 4457 868 4524 desit,
885 4455 1057 4526 praecipitur.
1130 4453 1157 4504 ln
1179 4467 1241 4508 vero
1265 4469 1369 4506 nomme
1392 4467 1446 4506 non
1469 4457 1606 4520 competit,
1635 4465 1698 4528 qma
1719 4449 1793 4504 nulla
1814 4465 1913 4528 rmurra
1939 4509 1940 4512 Ἴ

257 4525 303 4578 sed
325 4539 375 4578 nec
397 4523 557 4580 intervenire
578 4525 724 4592 naufragiis
747 4525 902 4594 colligendis
924 4529 970 4578 aut
990 4523 1058 4576 mili-
1110 4525 1125 4574 6
1161 4525 1209 4586 est,
1227 4535 1296 4588 quae
1310 4521 1338 4572 in
1351 4519 1481 4574 volentem
1493 4519 1549 4570 fiat.
1575 4517 1701 4586 Quotiens
1720 4523 1809 4570 autem
1826 4517 1913 4570 fanen

256 4597 309 4644 tem
332 4597 379 4646 aut
401 4591 533 4662 privatum
554 4597 603 4648 aut
623 4591 748 4648 libertum
773 4609 910 4648 servamve
931 4591 1059 4662 principis
1109 4589 1245 4642 testatoris
1255 4589 1275 4622 ²⁸
1298 4587 1338 4642 vel
1361 4585 1484 4642 cadaveri
1507 4585 1664 4664 titiniano,
1688 4585 1711 4640 si
1728 4583 1833 4664 quiden
1850 4591 1912 4654 post

256 4659 431 4730 placere'sibi
447 4661 486 4714 ait
503 4665 619 4714 senatus.
1110 4655 1209 4710 aditam
1231 4655 1404 4710 hereditatem
1425 4653 1486 4720 fiat,
1509 4653 1648 4708 dicendum
1671 4658 1713 4708 ιιι
1729 4651 1823 4724 heredi
1846 4669 1911 4722 quo-

290 4725 480 4786 dannanus
497 4727 565 4782 libro
582 4727 698 4782 secondo
715 4743 906 4798 responsorum
940 4729 1017 4782 Ratis
1034 4729 1060 4782 vi
1110 4723 1248 4778 dammodo
1269 4723 1368 4778 iactam
1390 4727 1503 4792 (semper
1523 4723 1593 4776 enim
1612 4719 1716 4776 heredis
1737 4721 1849 4776 interest
1866 4721 1911 4776 de-

255 4795 370 4852 fluminis
393 4795 422 4848 in
443 4811 536 4864 agrurn
552 4809 638 4850 meum
656 4795 759 4850 delatae
777 4811 831 4852 non
848 4795 924 4852 aliter
941 4801 1059 4866 potesta·
1109 4793 1195 4846 functi
1212 4791 1429 4846 existimationem
1445 4793 1582 4860 purgaret:
1605 4789 1725 4858 quotiens
1743 4795 1831 4844 autem
1849 4795 1911 4846 ante

256 4867 309 4918 tem
330 4863 380 4918 tibi
398 4863 560 4930 taciendam,
584 4879 663 4932 qnam
686 4863 709 4916 si
732 4863 765 4918 de
786 4865 930 4932 praeterito
954 4879 1059 4934 queque
1109 4861 1209 4916 aditam
1225 4861 1409 4926 hereditatem,
1432 4859 1514 4938 magis
1537 4857 1689 4924 hereditati,
1712 4861 1737 4912 et
1759 4859 1797 4912 sic
1817 4859 1908 4916 heredi

256 4929 352 4986 damno
370 4931 435 4984 mihi
453 4931 576 4984 cavisses.
1109 4945 1158 4998 per
1184 4927 1355 4982 hereditatem
1382 4927 1495 4996 adquiri.
1534 4925 1647 4996 denique
1665 4925 1785 4982 Iulianus
1808 4929 1909 4994 scribit,

290 4997 309 5056 9
334 4999 425 5056 Getes
446 4999 513 5054 libro
537 5003 633 5068 qnarto
656 4997 692 5052 od
716 4997 799 5068 legem
822 4999 960 5054 duodecim
984 4999 1059 5054 tatu·
1109 4999 1133 5052 si
1151 5011 1248 5066 corpus
1264 4995 1398 5050 testatoris
1419 5003 1482 5050 ante
1503 4993 1602 5050 aditam
1622 4993 1796 5050 hereditatem
1819 4995 1909 5052 deten-

257 5065 345 5122 torum
379 5065 431 5134 Qui
452 5065 531 5122 aedes
549 5081 702 5120 centumve
719 5065 846 5122 frumenti
861 5067 936 5122 iuxta
953 5065 1059 5122 domum
1108 5071 1166 5118 tum
1184 5071 1231 5128 ιιι
1250 5063 1353 5134 adquiri
1367 5063 1509 5120 hereditati
1522 5061 1639 5118 actiones
1654 5061 1830 5120 dubiumnon
1843 5083 1908 5122 esse.

256 5137 371 5200 positum
389 5135 572 5200 combusserit,
589 5135 711 5210 rinctus⁷¹
728 5135 882 5190 verberatus
899 5135 953 5204 igni
970 5137 1060 5190 necari
1109 5135 1230 5204 idemque
1249 5139 1328 5204 putat
1350 5137 1377 5188 ιι
1399 5133 1423 5188 si
1445 5135 1507 5188 ante
1529 5131 1628 5188 aditam
1644 5131 1816 5188 hereditatem
1833 5149 1908 5190 serre

257 5307 285 5362 (1)
303 5305 435 5370 naufragio
448 5323 495 5356 scr.
593 5305 625 5368 (a)
643 5307 672 5354 nt
685 5303 713 5354 in
728 5305 816 5356 ceteris
830 5305 909 5354 causis
923 5305 959 5354 ita
971 5305 1059 5356 haine·
1109 5301 1909 5372 humillimolocosunt,bestiissubicisolentsiinaliqnogradn

257 5371 378 5422 moditor.
413 5373 445 5436 (a)
463 5371 501 5438 ιι]
511 5375 535 5424 ιι
543 5371 639 5438 qnoF²
674 5371 933 5436 (detinebatis)
969 5373 1002 5434 (a)
1020 5371 1060 5422 bis
1109 5375 1134 5422 et
1146 5371 1237 5424 Romae
1249 5371 1404 5436 idiotarum,
1418 5371 1497 5438 capite
1508 5373 1608 5438 puniri:
1626 5379 1670 5424 ant
1681 5377 1748 5426 certe
1763 5377 1911 5438 (acciderant

258 5443 282 5484 et
296 5439 426 5504 quidquid]
441 5443 477 5492 sic
490 5441 538 5506 F1,
555 5443 590 5492 eis
605 5439 665 5506 quid
679 5439 741 5504 quid
753 5437 802 5502 ΙΝ,
819 5439 859 5490 his
872 5437 917 5502 qui
932 5439 993 5504 quid
1011 5459 1059 5490 scr.
1109 5441 1236 5506 quaedum)
1246 5437 1377 5492 adficiendi
1385 5445 1443 5492 sant
1451 5441 1496 5506 qui
1503 5443 1563 5494 haee
1572 5443 1729 5494 committunt
1740 5443 1800 5494 cort.

258 5507 290 5566 ts)
308 5509 423 5572 apndF²
490 5509 521 5572 (r)
539 5509 654 5560 nctueF
714 5509 747 5572 (ι)
765 5505 902 5560 noxamffl
965 5507 999 5572 (ι)
1016 5507 1059 5558 da·
1144 5509 1188 5572 ιιι)
1205 5509 1253 5560 lid.
1263 5521 1331 5562 nra.
1341 5521 1426 5564 n...ar.
1436 5523 1476 5572 ιιι
1490 5509 1593 5566 Sotae.
1604 5521 1693 5572 ts...n;
1712 5509 1774 5578 Pap.
1785 5521 1819 5560 ιι.
1829 5519 1863 5560 ιι.
1873 5519 1907 5560 ts.

257 5575 349 5648 rentF
411 5579 455 5640 (to)
476 5579 723 5642 s1=002ttt,a‚1
793 5577 834 5640 (ι)
852 5575 1061 5640 deuamrngiiset
1109 5575 1538 5644 -Bos.6t,m.-t's.1asn4,t;
1556 5581 1728 5642 Gadasena
1781 5579 1824 5640 (ιι)
1842 5575 1908 5626 dice-

258 5637 435 5708 [incendiariis]
445 5647 502 5696 odd.
515 5647 574 5698 Gall.
615 5641 1059 5710 (ralincendiaiiislerquidemdor-
1109 5645 1196 5694 musF
1256 5649 1298 5710 (tt)
1315 5663 1361 5698 ιιι
1369 5647 1473 5700 dicimus
1481 5647 1719 5716 accepissaaiudiee.
1738 5647 1763 5694 et
1770 5647 1832 5710 puto
1840 5643 1908 5692 iniu-

257 5707 324 5758 nelis
338 5725 403 5774 aqua
419 5713 444 5762 et
457 5713 511 5776 igni
525 5713 642 5764 interdici
657 5713 741 5764 iussit:
758 5713 801 5764 sed
814 5711 882 5762 varie
895 5713 954 5762 sunt
966 5713 1059 5776 puniti.
1109 5713 1171 5762 riam
1183 5715 1299 5768 similiore
1308 5719 1353 5768 ins.
1406 5719 1449 5782 (ιι)
1464 5715 1692 5770 conmoiumfitdet
1744 5713 1789 5774 (tr)
1802 5713 1851 5776 ipsi
1861 5713 1905 5764 det

258 5787 315 5824 nam
329 5779 374 5840 qni
389 5779 447 5828 data
461 5795 535 5842 opera
548 5781 576 5830 in
590 5781 689 5830 civitate
698 5779 843 5832 incendium
855 5779 980 5842 iecerunt,
998 5779 1059 5830 siin
1110 5781 1155 5842 ιιι)
1173 5781 1304 5836 asamar
1775 5779 1782 5794 ⁶

1658 5861 1707 5912 os*
