4366 6258
245 371 309 428 REM
331 375 463 422 PUPILLI
478 373 550 420 ¹VEL
572 375 820 422 annnnscnnnls

276 541 293 604 3
312 543 389 600 Inna
411 541 479 596 fibro
497 543 651 612 trigessimo
675 541 769 610 quinto
788 541 828 594 (ιιι
841 541 955 596 edictum
990 541 1048 604 (aut

245 619 304 676 dare
320 611 435 678 aliquem
452 615 559 676 praetor
576 609 666 674 debet,
684 607 729 660 cui
746 613 894 676 careatnrlr

1044 345 1109 418 tat

1647 349 1820 414 XXXXVI
1842 357 1871 416 6.
1890 359 1908 416 ἰ’

1100 553 1158 592 esse
1175 555 1235 594 eum
1253 541 1470 610 distringendum,
1489 535 1536 592 sed
1552 535 1581 592 in
1596 553 1679 592 unum
1693 533 1812 616 ‘dandam
1826 537 1908 590 actio-

1099 619 1159 658 nem
1175 607 1227 674 ita,
1250 615 1281 664 ut
1298 611 1335 676 ei,
1360 609 1405 676 qui
1427 607 1623 670 conveniretur,
1647 609 1765 658 senones
1787 609 1909 670 praesta·

275 683 293 738 4
319 679 400 734 Inna
423 677 490 732 libro
519 677 736 748 septuagenario
765 691 837 730 cono
868 677 905 730 ud
933 675 1047 730 edictum
1097 679 1198 730 rentur.
1233 691 1283 732 nec
1307 677 1446 746 quisquam
1468 673 1602 744 putaverit
1619 673 1653 726 ab
1670 673 1729 726 iure
1754 669 1909 738 discessum,

245 769 294 816 nou
317 745 393 818 quasi
414 745 474 866 ipso
497 745 555 798 iure
583 745 684 814 pupillo
707 743 831 812 adquirat
860 743 1047 814 (nequeenim
1098 749 1240 812 postquam
1259 761 1311 826 pro
1334 761 1366 798 ea
1388 749 1466 814 parte
1487 743 1591 812 placuit
1610 745 1713 796 tutores
1731 739 1909 804 condemnari,

245 815 376 890 adquirit),
395 829 423 868 εε

459 817 490 866 ut
506 813 579 866 utilis
597 813 667 866 actio
686 827 719 864 cx
736 811 866 880 stipulatu
884 811 984 880 pupillo
1002 811 1047 864 de-
1099 825 1179 878 quam
1196 811 1454 874 administraverunt,
1473 817 1500 864 et
1517 811 1555 864 ita
1573 809 1678 864 demum
1694 807 1867 872 insolidum,
1886 809 1909 862 si

246 901 254 950 q
290 893 342 940 tur.
379 881 493 936 (lavetur
510 887 600 934 autern
622 879 723 948 pupillo
741 879 793 934 bac
810 881 982 948 stipulatione
999 893 1048 946 per
1098 893 1142 932 res
1166 895 1182 932 a
1206 881 1302 934 ceteris
1325 895 1380 934 non
1403 883 1524 934 servetur
1546 883 1572 932 et
1594 877 1708 932 idoneai
1733 877 1812 946 culpa
1835 873 1908 928 dete-

244 969 257 1020 ι
289 949 498 1008 satisdationem.
525 947 594 1001 illud
608 947 863 1000 sciendumesthac
878 947 1048 1016 stipulatione
1097 951 1187 1014 gatur,
1219 944 1290 1014 quod
1313 949 1485 1016 ειιερεειιιιιιὅ
1514 945 1603 1000 facere
1625 945 1818 1016 supersederit:
1847 961 1909 998 nam

242 1021 322 1084 teneri
338 1023 399 1072 tam,
412 1033 484 1082 eum,
513 1017 558 1084 qui
579 1021 652 1070 tutor
670 1021 722 1082 est,
741 1031 822 1084 quam
840 1033 912 1080 eum,
936 1015 982 1084 qui
998 1029 1047 1082 pro
1099 1013 1220 1080 aeqrritas
1238 1015 1331 1066 arbitri
1349 1021 1429 1084 atque
1447 1015 1565 1068 officium
1583 1015 1631 1068 viri
1649 1015 1712 1070 boni
1729 1015 1833 1070 ridetur
1851 1029 1908 1068 earn

242 1099 327 1152 tutore
343 1087 449 1156 negotia
465 1087 548 1154 gessit
561 1085 603 1138 rel
617 1089 700 1152 gerat,
718 1089 746 1138 et
762 1083 933 1138 fideiussores
948 1099 1046 1138 eorum.

244 1173 257 1220 a
290 1155 342 1212 Sed
365 1153 435 1210 enim
453 1153 499 1222 qui
515 1169 569 1208 non
585 1153 680 1222 gessit,
705 1153 810 1208 omnino
828 1169 883 1206 non
900 1151 1045 1206 tenebitur:

244 1243 300 1290 nam
317 1241 366 1280 nec
384 1225 456 1276 actio
474 1225 574 1288 tutelae
592 1237 651 1276 eum
669 1221 714 1292 qui
731 1237 786 1276 non
802 1221 885 1290 gessit
902 1225 981 1288 tenet,
1001 1221 1047 1274 sed

244 1297 299 1358 utili
326 1293 429 1348 acdona
459 1291 654 1346 conveniendus
682 1297 735 1358 est,
766 1291 828 1360 quia
852 1307 900 1344 ειιο
928 1291 1047 1358 periculo

244 1363 363 1426 oessamt:
395 1367 421 1416 et
443 1365 532 1414 tamen
554 1375 588 1414 ex
611 1361 740 1430 stipulatu
762 1359 867 1414 actione
890 1373 973 1426 neque
989 1359 1047 1428 ipse

243 1447 323 1502 neque
350 1429 522 1484 fideiussores
551 1429 608 1484 cius
637 1431 807 1484 tenebuntur.
849 1427 1047 1496 compellendus

242 1503 318 1574 igitur
341 1499 390 1552 erit
408 1499 444 1552 ad
467 1497 720 1554 administrationem
737 1501 892 1568 propterea,
916 1503 947 1552 ut
963 1499 1047 1570 stipu-

242 1581 256 1626 4
287 1567 386 1622 latione
408 1583 459 1636 quo
479 1583 513 1620 ue
530 1567 583 1620 ista
605 1567 691 1636 possit
713 1567 806 1620 teneri.
841 1567 919 1620 Hanc
937 1567 1047 1636 stipula·

242 1639 336 1694 ιιοιιειιι
359 1636 448 1704 placet
463 1585 541 1690 tdnita
564 1635 669 1690 demum
692 1637 776 1690 tutela
794 1635 921 1690 committi
938 1643 966 1692 et
982 1637 1047 1692 fide

242 1705 384 1762 iussoribus
404 1705 473 1758 diem
491 1703 584 1758 exinde
605 1705 723 1774 incipere
741 1705 842 1760 cedere.
877 1705 906 1758 in
925 1713 1047 1760 curatore
1119 1735 1122 1740 ·

242 1771 310 1830 aliud
328 1777 380 1826 est:
399 1773 447 1826 scd
464 1777 491 1828 et
506 1773 535 1826 in
548 1789 588 1840 eo,
607 1775 654 1842 qui
669 1791 719 1844 pro
734 1781 823 1828 tutore
836 1775 942 1844 negotia
956 1773 1046 1844 gessit,

242 1839 309 1898 aliud
333 1841 474 1896 dicendum
503 1847 552 1896 εει.
587 1843 677 1912 itaque
701 1843 769 1898 istae
797 1843 996 1912 stipulationes,
1025 1843 1048 1896 si

242 1909 342 1978 quidem
360 1909 419 1978 quis
435 1915 510 1966 tutor
527 1909 589 1978 fuit,
610 1909 686 1966 finita
704 1913 810 1966 demum
827 1911 911 1966 tutela
928 1911 1047 1966 commit·

242 1981 339 2032 tantur:
359 1977 462 2032 sivero
478 1995 528 2060 pro
546 1985 636 2034 tutore
653 1981 760 2050 negotia
776 1981 870 2050 gessit,
890 1979 1047 2034 conveniens

242 2051 279 2100 εει
296 2045 396 2112 dicere,
422 2053 513 2102 statim
529 2053 609 2116 atque
627 2065 747 2118 quaeque
765 2065 808 2104 res
827 2049 900 2102 salva
917 2065 972 2102 non
990 2063 1048 2102 esse

242 2121 255 2168 5
288 2113 432 2182 coepisset,
461 2119 588 2186 committi
613 2119 819 2186 stipulationem.
860 2115 888 2170 Si
914 2121 988 2170 tutor
1013 2117 1047 2170 ab

242 2181 357 2236 hostibus
377 2191 471 2252 captus
489 2185 531 2250 sit,
549 2201 585 2238 an
600 2185 780 2238 committatur
794 2185 939 2252 stipulatio,
959 2185 1047 2238 ridea-

241 2265 303 2302 mus.
338 2257 440 2318 movet,
464 2255 527 2322 quia
548 2253 624 2306 finita
646 2253 731 2308 tutela
748 2257 800 2314 εει,
824 2253 888 2306 iicet
904 2253 1048 2320 reciperari

242 2323 255 2374 6
287 2325 422 2386 speretur:
448 2327 474 2374 et
497 2327 561 2390 puto
585 2335 665 2390 posse
687 2319 738 2390 agi.
776 2321 942 2374 Generaliter
960 2323 1046 2376 scien-

242 2387 371 2440 domest:
396 2403 430 2442 ex
452 2389 548 2458 quibus
567 2389 655 2444 causis
677 2389 790 2444 diximus
815 2389 915 2446 tutelae
933 2389 975 2458 agi
992 2407 1047 2444 non

241 2469 323 2524 posse,
342 2471 375 2510 ex
392 2457 476 2512 isdem
494 2457 581 2512 causis
599 2461 653 2512 net
675 2473 708 2512 ex
725 2457 856 2526 stipulatu
873 2473 930 2512 rem
947 2459 1047 2512 salvam

242 2527 253 2576 t
287 2521 345 2578 fore
368 2527 411 2594 agi
434 2541 515 2596 posse
542 2525 681 2578 dicendum
710 2533 759 2580 cst.
801 2527 829 2578 Si
857 2527 915 2596 quis
940 2533 1047 2582 curator

241 2591 315 2670 datus
341 2609 396 2646 non
424 2593 535 2662 gesserit
558 2609 661 2658 curam,
691 2611 856 2662 consequens
887 2595 937 2648 erit
959 2595 1047 2650 dicere

240 2659 433 2728 stipulationem
463 2677 517 2716 non
543 2663 684 2716 committi:
713 2663 762 2716 sed
784 2661 877 2716 cadem
901 2665 945 2718 bic
969 2671 1047 2718 erunt

241 2727 360 2794 dicenda,
389 2745 459 2798 quae
481 2731 510 2784 in
530 2735 619 2784 tutore
642 2731 768 2798 diximus,
790 2731 838 2784 illo
863 2747 951 2796 secus,
976 2731 1047 2800 quod

240 2797 301 2874 haec
320 2797 457 2866 stipulatio
476 2799 577 2862 statim,
602 2803 682 2866 atque
700 2797 764 2866 quid
782 2799 884 2852 salvum
902 2815 960 2854 esse
978 2799 1046 2854 desi·

240 2869 287 2928 nrt,
311 2865 483 2920 committitur
506 2875 534 2920 et
553 2865 756 2920 fideiussoribus
776 2867 831 2920 dies
850 2867 931 2920 cedit:
956 2867 1004 2920 sed
1019 2867 1047 2921 in

241 2935 253 2986 8
286 2947 314 2986 se
332 2935 481 2988 revolvitur.
517 2935 638 2988 Pertinet
660 2941 750 2988 autem
773 2935 840 2988 baec
858 2935 993 3004 stipulatio
1012 2935 1047 2988 ad

239 3017 326 3056 omnes
357 3009 494 3056 curatores
524 3003 579 3058 sire
606 3002 753 3070 puberibus
783 3001 837 3056 sive
866 3003 1047 3070 impuberibus

240 3069 312 3124 datos
335 3077 447 3140 propter
469 3071 564 3124 aetatis
585 3071 779 3136 infirmitatem,
799 3069 854 3124 sive
871 3071 988 3138 prodigis
1006 3071 1047 3126 rel

239 3137 342 3192 furiosis
366 3139 409 3192 vel
433 3139 594 3206 quibusdam
620 3139 678 3192 aliis
703 3143 744 3204 (ut
766 3137 826 3190 fieri
854 3139 968 3202 adsolet)
992 3139 1047 3190 dati

239 3205 296 3260 sint.

269 3271 426 3332 5Pacacs
446 3273 513 3328 libro
536 3275 753 3346 septuapensimo
776 3279 855 3328 sexto
878 3273 915 3328 ad
932 3273 1047 3328 edictam

239 3343 264 3396 Si
279 3343 363 3408 filius,
388 3341 484 3410 quiin
527 3347 640 3396 otestate
663 3341 759 3394 furiosi
782 3343 844 3406 erit,
869 3357 925 3394 rem
947 3341 1046 3394 salvam

239 3411 292 3466 fore
309 3409 460 3478 stipuletur,
479 3425 495 3462 a
515 3411 594 3476 quirit
611 3409 681 3478 patri
700 3409 899 3476 obligationem.

269 3475 288 3536 6
309 3479 402 3532 Gales
421 3477 489 3532 libro
507 3479 650 3532 vicensimo
667 3479 780 3546 septimo
799 3477 836 3532 ad
853 3477 966 3532 edictum
979 3493 1047 3546 pro-

239 3547 348 3602 vinciale
383 3545 493 3600 Servum
509 3547 605 3616 pnpilli
622 3545 746 3616 stipulari
763 3545 801 3598 ita
818 3559 928 3598 necesse
946 3553 998 3610 est,
1024 3545 1047 3598 si

239 3615 351 3684 pupillus
370 3615 447 3668 abest
464 3619 511 3666 aut
527 3613 581 3668 fari
597 3631 651 3668 non
668 3619 772 3682 potest:
800 3629 861 3666 nam
879 3613 902 3666 si
918 3627 1046 3682 praesens

240 3685 270 3740 sit
293 3689 318 3736 et
339 3681 393 3736 fari
416 3687 519 3750 potest,
548 3683 651 3736 etiamsi
674 3681 732 3736 eins
750 3681 846 3736 aetatis
864 3681 927 3746 erit,
946 3685 977 3734 ut
992 3697 1047 3734 non

239 3751 370 3818 irtellagat
387 3749 452 3818 qnid
469 3755 543 3816 agat,
562 3757 651 3802 tamen
668 3755 780 3818 propter
797 3751 937 3802 utilitatem
954 3763 1046 3818 recep-

239 3827 291 3874 tum
309 3823 350 3874 εει
366 3823 440 3874 ιεειε
458 3833 518 3872 ειιιιι
536 3817 686 3886 stipulanti.

271 3885 288 3942 7
306 3887 496 3942 Menedemus
511 3885 579 3940 fibro
597 3893 675 3940 screto
689 3885 848 3956 regratiarum
874 3885 986 3940 Dativus
1004 3885 1047 3938 rel

239 3955 451 4012 testamentarius
473 3959 549 4006 tutor
572 3955 626 4008 sive
653 3959 763 4008 curator
779 3971 833 4008 non
855 3959 929 4022 petet
946 3955 1045 4006 satisa

240 4024 336 4092 collega
353 4039 411 4088 suc,
430 4021 477 4076 scd
493 4021 590 4078 ¹offerre
608 4021 760 4090 apoterit,
784 4027 874 4076 utrum
892 4021 957 4076 satis
976 4021 1046 4076 acci·

239 4107 299 4162 pere
315 4091 378 4146 velit
395 4105 431 4144 an
449 4091 521 4144 dare.

270 4157 288 4218 8
311 4159 457 4214 Uarianos
477 4159 545 4214 libro
569 4159 687 4214 secundo
710 4159 747 4214 ud
770 4159 885 4214 edictam
918 4159 956 4210 Et
972 4157 995 4212 si
1012 4157 1047 4212 ad

240 4229 337 4298 species
356 4231 464 4282 curator
481 4225 560 4282 datus
578 4227 624 4294 sit,
641 4243 699 4282 rem
716 4227 817 4282 salvam
835 4225 894 4282 iore
911 4225 1047 4296 stipulatio

239 4297 426 4366 interponetur.

270 4363 288 4422 9
313 4365 485 4420 Pomponius
510 4363 579 4420 fibro
602 4365 696 4436 quieto
725 4365 826 4420 decimo
856 4363 894 4418 ud
915 4361 1046 4420 Sabinum

240 4433 302 4486 ilum
323 4433 441 4502 pupillas
464 4447 481 4486 a
501 4437 591 4488 tutore
614 4435 759 4504 stipulatur
782 4449 838 4488 rem
862 4433 961 4486 salvam
978 4433 1045 4498 fore,

239 4517 289 4556 aon
306 4501 393 4558 solum
409 4517 477 4570 quae
491 4501 520 4554 in
536 4501 696 4570 patrimonio
711 4501 801 4568 habet,
820 4501 868 4558 sed
882 4503 963 4556 etiam
978 4519 1046 4570 quae

239 4567 264 4622 iu
279 4569 429 4624 nominibus
447 4575 511 4624 sunt
528 4585 560 4624 ea
577 4571 612 4626 sti
631 4573 749 4628 ulatione
763 4571 886 4625 ridentur
904 4571 1044 4626 condneri:

240 4639 306 4706 quod
324 4639 393 4692 enim
409 4639 437 4690 in
458 4639 559 4692 tutelae
581 4587 709 4694 iudicium
727 4639 810 4708 venit,
833 4639 885 4694 hoc
903 4645 930 4694 et
947 4657 980 4696 ea
997 4641 1045 4696 sti·

239 4705 370 4774 palatione
388 4707 546 4762 continetur.

272 4771 308 4832 10
322 4777 492 4828 Acarnanas
504 4775 572 4828 fibro
585 4777 663 4828 tertio
678 4777 864 4844 quaestionum
887 4775 924 4840 Si,
938 4781 1044 4846 postea-

240 4855 315 4922 quam
335 4843 454 4964 pupillus
478 4841 512 4896 ad
539 4843 709 4910 pubertatem
730 4843 893 4912 pervenerit,
921 4849 994 4898 tutor
1016 4845 1044 4898 in

239 4915 363 4966 restituen
383 4925 400 4964 a
416 4909 502 4964 tutela
519 4909 681 4978 aliquamdiu
698 4927 800 4966 moram
818 4909 924 4978 feccrit,
943 4917 1045 4966 certum

239 4981 276 5030 est
293 4983 319 5032 ει
335 4979 471 5034 fructuum
488 4979 594 5032 nominc
612 4983 639 5032 et
655 4993 798 5032 usurarum
821 4979 900 5034 medii
917 4981 1044 5050 temporis

239 5047 289 5098 tam
304 5047 476 5104 fideiussores
495 5049 551 5102 eius
569 5063 648 5116 quam
665 5047 753 5116 ipsum
770 5049 864 5102 teneri.

272 5113 305 5170 11
330 5117 486 5170 Nannenus
507 5119 574 5170 libro
599 5123 696 5186 quarto
722 5115 937 5170 membranarum
978 5117 1044 5172 Cum

238 5191 291 5234 rem
308 5185 408 5238 salvam
430 5185 489 5240 fore
505 5185 606 5254 pupillo
626 5189 748 5248 cavetur,
768 5185 941 5238 committitur
958 5185 1043 5254 stipu-

237 5243 307 5314 latio,
325 5253 356 5318 si,
375 5253 447 5322 quod
464 5269 498 5308 ex
514 5253 599 5308 tutela
616 5251 673 5306 dari
689 5251 748 5306 ficri
763 5257 876 5320 oportet,
893 5269 948 5308 non
964 5269 1042 5322 prac-

239 5319 330 5398 stetur,
360 5337 422 5376 nam
444 5329 471 5376 et
494 5323 517 5378 si
539 5323 613 5376 selva
634 5323 660 5376 ei
682 5335 726 5374 res
744 5321 793 5386 sit,
824 5323 860 5374 ob
877 5321 906 5374 id
922 5337 976 5374 non
994 5329 1042 5388 est,

238 5397 303 5450 qma,
323 5389 394 5458 quod
411 5407 445 5444 ex
461 5389 546 5446 tutela
563 5389 622 5446 dari
638 5389 698 5444 fieri
714 5393 834 5458 oportet,
852 5407 906 5444 non
924 5389 1042 5444 solvitur.

272 5451 309 5510 12
326 5455 510 5514 Pammenes
529 5461 597 5514 libro
615 5457 771 5512 duodecimo
794 5461 980 5528 quaestionum
1015 5455 1044 5512 Si

239 5517 325 5584 plures
346 5523 516 5582 fideiussores
539 5543 556 5580 a
577 5533 667 5582 arture
689 5525 792 5596 pupillo
818 5527 873 5582 dati
891 5531 965 5590 sunt,
988 5541 1043 5580 non

238 5697 266 5758 tt}
282 5701 390 5752 nacedd.
460 5703 492 5762 (tl
511 5701 690 5766 obligationem
701 5703 741 5752 1³²
816 5703 849 5766 (a)
867 5703 993 5764 ageratos.
1004 5701 1043 5750 F²

239 5763 267 5826 ιιι
286 5767 655 5834 etideoinesscr.ssrccumS
697 5773 729 5830 (ι)
748 5769 926 5834 suspensumF
962 5771 995 5826 itt
1013 5785 1042 5818 ac

240 5835 325 5884 vardaei
335 5835 467 5896 variaeque
475 5837 501 5886 F
503 5835 514 5864 ²

1099 1081 1212 1136 formam
1229 1081 1293 1136 iuris
1312 1081 1485 1138 desiderasse.
1523 1089 1640 1138 ceterum
1657 1083 1827 1138 fideiussores
1846 1083 1908 1138 civi·

1098 1151 1159 1204 liter
1176 1151 1204 1204 in
1222 1149 1335 1204 solidum
1352 1151 1461 1220 obligati
1476 1153 1571 1206 ceteris
1589 1153 1695 1222 quidem
1713 1153 1860 1224 agentibus,
1878 1157 1909 1206 ut

1100 1219 1231 1274 dividatur
1262 1219 1344 1286 actio,
1379 1219 1521 1288 impetrare
1550 1227 1677 1290 possunt:
1714 1223 1816 1294 pupillo
1845 1237 1908 1276 vero

1099 1295 1202 1360 agente,
1222 1289 1266 1356 qui
1278 1303 1332 1342 non
1349 1287 1406 1356 ipse
1421 1291 1563 1356 contraxit,
1581 1289 1629 1346 sed
1644 1291 1672 1346 in
1687 1295 1803 1348 tutorem
1816 1291 1910 1346 incidit

1099 1365 1126 1414 et
1142 1359 1247 1426 ignorat
1265 1357 1364 1436 omnia,
1388 1357 1548 1414 beneficium
1565 1357 1719 1416 dividendae
1736 1363 1850 1416 actionis
1868 1363 1908 1414 in-

1099 1427 1316 1482 iuriamhabere
1339 1441 1424 1480 ιιειιιιι
1447 1433 1500 1494 εει,
1524 1443 1558 1482 ne
1581 1445 1614 1484 ex
1637 1445 1692 1484 una
1709 1431 1808 1486 tutelae
1824 1447 1909 1484 ¹cansa

1099 1497 1188 1566 plnres
1207 1513 1239 1550 ac
1256 1495 1364 1550 variae6
1386 1495 1555 1564 quaestiones
1577 1499 1649 1566 apud
1673 1499 1789 1554 diversos
1808 1499 1908 1552 iudices

1099 1567 1332 1620 constituerentur.

1464 1807 1547 1870 VII'.

1347 1925 1539 1978 tunicarum
1556 1927 1662 1978 sonu.

1136 2043 1149 2100 l
1172 2045 1290 2098 Pennus
1310 2041 1380 2098 fibro
1397 2045 1539 2100 vicensimo
1558 2049 1656 2116 quarto
1674 2045 1711 2098 ad
1727 2045 1842 2100 edictum
1877 2047 1908 2100 In

1099 2113 1269 2182 stipulatione
1286 2111 1433 2166 iudicatum
1451 2113 1517 2168 solvi
1538 2119 1602 2194 post
1619 2129 1674 2166 rem
1691 2113 1835 2166 iudicatam
1853 2119 1907 2168 sta-

1099 2183 1146 2236 tim
1166 2183 1222 2236 dies
1241 2181 1324 2248 cedit,
1350 2181 1398 2236 sed
1415 2183 1519 2236 exactio
1536 2197 1565 2236 m
1581 2187 1685 2248 tempus
1703 2197 1749 2236 reo
1766 2181 1907 2250 principali

1098 2251 1230 2304 indultum
1248 2249 1377 2306 differtur.

1133 2315 1152 2374 2
1178 2319 1259 2374 Inna
1278 2321 1346 2374 libro
1373 2335 1402 2374 ec
1424 2319 1590 2390 tuopecsimo
1614 2317 1707 2388 primo
1734 2317 1772 2372 od
1794 2317 1908 2372 edictum

1099 2387 1165 2442 Cum
1182 2389 1229 2444 lite
1245 2393 1352 2444 momua
1368 2405 1386 2442 n
1415 2389 1442 2440 la
1465 2403 1509 2440 ras
1527 2387 1575 2452 sit,
1601 2387 1660 2440 ideo
1679 2391 1785 2440 constat
1801 2385 1909 2440 ιιιειιιε-

1099 2473 1173 2512 sores
1191 2473 1225 2512 ex
1242 2457 1371 2526 stipsdatu
1388 2457 1535 2512 iudicatum
1553 2455 1619 2512 solvi
1635 2471 1689 2510 non
1706 2455 1800 2510 teneri.

1133 2523 1151 2584 3
1175 2525 1320 2580 ULPIANUS
1336 2527 1404 2582 fibro
1421 2527 1638 2596 scptuapcusc'mc
1655 2527 1767 2594 septimo
1785 2525 1822 2578 ad
1840 2523 1910 2578 edic-

1100 2599 1154 2648 tum
1190 2593 1294 2662 Siquis
1312 2593 1402 2664 apud⁸
1426 2595 1539 2662 aliquem
1556 2593 1669 2648 iudicent
1692 2593 1777 2646 iturus
1796 2593 1908 2662 stipula-

1098 2667 1141 2716 tus
1165 2667 1207 2716 est
1229 2663 1375 2716 iudicatum
1398 2663 1464 2716 solvi
1486 2667 1514 2716 et
1535 2663 1590 2730 agit
1607 2661 1680 2730 apud
1701 2661 1827 2726 alterum,
1854 2677 1908 2718 non

1099 2731 1272 2784 committitur
1293 2731 1442 2800 stipulatio,
1469 2731 1531 2800 quia
1553 2747 1607 2784 non
1629 2731 1709 2784 buius
1731 2729 1827 2782 iudicis
1849 2745 1909 2784 sen-

1101 2803 1111 2850 t
1148 2799 1248 2854 tentiae
1262 2799 1434 2854 fideiussores
1451 2815 1479 2854 se
1493 2799 1677 2854 subdiderunt.
1707 2797 1910 2866 stipulationem

1098 2865 1245 2920 iudicatum
1268 2869 1335 2922 solvi
1358 2875 1385 2922 et
1407 2873 1568 2936 procurator
1589 2871 1617 2920 et
1642 2871 1715 2922 tutor
1743 2871 1770 2920 ct
1802 2873 1911 2920 curator

1099 2937 1113 2986 2
1149 2935 1271 3004 stipulari
1297 2941 1419 3004 possunt.
1467 2935 1671 2990 Procuratorem
1700 2949 1760 2988 cum
1788 2935 1910 3004 accipere

1099 3001 1240 3068 debemus,
1264 3005 1308 3058 cui
1331 3003 1486 3058 mandatum
1503 3009 1556 3068 est,
1580 3005 1634 3058 sire
1651 3003 1731 3060 huius
1748 3003 1788 3056 rei
1805 3009 1908 3058 tantum

1098 3071 1254 3124 mandatum
1275 3073 1423 3140 susceperit
1445 3073 1500 3126 sive
1517 3073 1596 3126 etiam
1619 3073 1803 3126 universorum
1825 3073 1909 3124 bono-

1098 3155 1166 3190 rum.
1203 3139 1250 3192 sed
1274 3145 1300 3194 ct
1325 3139 1350 3192 si
1376 3145 1465 3192 ratum
1487 3139 1569 3192 inerit
1590 3139 1722 3206 habitum,
1750 3145 1910 3208 procurator

1099 3211 1113 3258 3
1148 3205 1262 3260 ridetur.
1294 3205 1347 3262 Sed
1364 3211 1392 3262 et
1409 3207 1432 3260 si
1450 3207 1519 3262 forte
1536 3223 1570 3262 ex
1586 3207 1676 3262 liberis
1693 3205 1735 3262 rel
1752 3207 1909 3274 parentibus

1099 3273 1194 3342 aliquis
1215 3275 1374 3328 interveniat
1394 3275 1437 3330 rel
1459 3275 1498 3328 vir
1521 3277 1611 3328 uxoris
1628 3275 1749 3340 nomine,
1779 3275 1910 3342 aquibus

1099 3343 1254 3394 mandatum
1274 3359 1329 3396 non
1350 3343 1478 3410 exigitur,
1503 3357 1538 3394 an
1562 3343 1741 3396 committatur
1763 3343 1910 3412 stipulatio,

1098 3409 1248 3530 quaeritur:
1272 3427 1299 3462 ur
1334 3409 1409 3478 'sque
1431 3409 1494 3474 erit,
1518 3427 1552 3462 ne
1574 3411 1701 3466 committi
1724 3411 1832 3478 debeat,
1859 3411 1910 3464 nisi

1110 3477 1181 3532 uerit
1204 3477 1227 3532 ei
1250 3493 1313 3532 man
1333 3483 1407 3532 atum
1423 3477 1464 3532 rel
1480 3483 1569 3532 ratum
1585 3477 1719 3532 habitum:
1751 3477 1823 3544 quod
1841 3479 1910 3532 enim

1100 3545 1137 3600 eis
1155 3559 1232 3614 agere
1249 3545 1413 3614 permittitur
1436 3547 1521 3600 edicto
1538 3547 1683 3614 praetoris,
1707 3563 1763 3602 non
1779 3547 1845 3600 facit
1863 3563 1909 3602 eos

1098 3619 1296 3682 procuratores.
1331 3613 1423 3682 itaque
1440 3613 1464 3668 si
1480 3613 1542 3670 talis
1560 3631 1675 3682 persona
1691 3617 1858 3682 interveniat,
1877 3631 1911 3670 ex

1099 3687 1115 3734 4
1148 3683 1251 3748 integro
1276 3681 1326 3736 erit
1349 3681 1504 3736 carendum.
1547 3681 1599 3736 Sed
1622 3689 1649 3736 ει
1670 3685 1741 3754 quod
1765 3683 1797 3736 de
1821 3689 1910 3736 tutore

1099 3749 1221 3814 diximus,
1238 3751 1277 3802 ita
1294 3751 1478 3818 accipiendum
1496 3757 1544 3816 est,
1563 3755 1601 3816 ut,
1619 3751 1641 3806 si
1658 3751 1682 3806 is
1696 3751 1785 3814 fuerit,
1804 3751 1848 3820 qui
1865 3757 1908 3804 ιιι-

1098 3816 1180 3872 telam
1204 3817 1419 3886 administrabat,
1445 3833 1506 3872 oum
1529 3823 1602 3872 tutor
1625 3835 1678 3874 non
1702 3825 1786 3886 esset,
1814 3819 1909 3872 tutoris

1100 3891 1113 3938 ι
1150 3885 1329 3954 appellatione
1351 3901 1412 3938 eum
1433 3901 1488 3940 non
1510 3887 1646 3940 condneri.
1683 3887 1735 3940 Sed
1757 3887 1828 3940 etsi
1850 3885 1909 3954 qui-

1100 3953 1160 4006 dem
1182 3955 1256 4006 tutor
1279 3951 1328 4016 sit,
1355 3969 1410 4006 non
1432 3959 1521 4008 tamen
1544 3955 1620 4022 qnasi
1640 3959 1716 4008 tutor
1738 3955 1844 4022 negotia
1862 3955 1908 4006 ad-

1098 4021 1232 4074 ministret
1248 4021 1298 4088 (rel
1316 4021 1380 4074 dum
1397 4021 1503 4088 ignorat
1518 4023 1560 4076 rel
1577 4021 1631 4076 alia
1647 4037 1681 4076 ex
1698 4029 1799 4088 cansa),
1818 4021 1908 4074 dicen-

1100 4089 1163 4142 dum
1187 4089 1239 4142 erit
1258 4103 1313 4142 non
1341 4089 1470 4144 committi
1496 4089 1708 4160 stipulationem:
1738 4105 1800 4144 nam
1823 4089 1909 4142 edicto

1100 4157 1230 4226 praetoris
1247 4157 1287 4210 illi
1303 4159 1386 4210 tutori
1404 4157 1499 4226 agendi
1515 4157 1629 4212 facultas
1646 4157 1738 4222 datur,
1766 4157 1809 4210 cui
1827 4171 1843 4210 a
1860 4171 1908 4226 pa·

1099 4231 1174 4282 rente
1196 4225 1327 4280 maioreve
1349 4231 1427 4294 parte
1451 4231 1570 4282 tutorum
1592 4241 1715 4280 eorumve
1723 4227 1741 4292 ⁹,
1772 4225 1852 4290 cuius
1877 4239 1909 4276 ea

1100 4303 1114 4346 t
1149 4293 1298 4348 rurrsdrctio
1325 4293 1391 4360 fuit,
1423 4295 1508 4348 tutela
1537 4295 1666 4364 permissa
1697 4293 1755 4348 erit.
1804 4291 1857 4346 Sed
1883 4299 1909 4346 et

1101 4369 1251 4418 curatorem
1274 4363 1435 4432 accipiemus
1458 4361 1553 4418 furiosi
1574 4361 1704 4426 furiosae,
1729 4363 1791 4416 item
1815 4361 1909 4428 pupilli

1100 4433 1230 4504 pupillae,
1255 4437 1403 4486 ceterorum
1421 4447 1526 4500 quoque
1544 4435 1692 4494 curatores,
1716 4429 1907 4508 putauadulee-
1931 4469 1932 4472 ι

1100 4501 1197 4558 cende:
1215 4501 1257 4558 rel
1270 4501 1293 4556 si
1307 4501 1416 4556 alterius
1433 4501 1509 4554 ouius
1523 4505 1631 4554 curator
1643 4499 1686 4562 sit,
1701 4499 1828 4552 commrtti
1843 4501 1908 4566 puto

1100 4579 1112 4622 ἰ
1149 4569 1356 4640 stipulationem.
1383 4567 1411 4624 Si
1421 4573 1496 4624 tutor
1510 4583 1569 4624 esse
1578 4573 1746 4638 proponatur
1754 4567 1775 4600 ¹⁰
1792 4567 1908 4634 regionis

1099 4639 1213 4694 alicrdus
1235 4639 1277 4694 rel
1297 4637 1450 4708 provinciae
1467 4637 1509 4690 vel
1525 4651 1614 4690 rerum
1630 4635 1796 4700 italicarum,
1815 4651 1907 4690 conse-

1100 4723 1183 4778 quens
1202 4705 1364 4772 edidicere,
1383 4705 1581 4774 stipulationem
1595 4705 1633 4756 ita
1650 4703 1758 4757 demum
1771 4705 1908 4768 committi,

1099 4777 1122 4830 si
1145 4791 1179 4830 ex
1202 4791 1234 4830 ea
1258 4789 1341 4828 causa
1363 4775 1475 4842 egerint,
1507 4787 1574 4840 quae
1595 4771 1630 4826 ad
1652 4771 1908 4828 administrationem

1099 4849 1113 4898 8
1150 4859 1242 4898 eorum
1259 4843 1417 4912 pertinebat.
1454 4841 1482 4894 Si
1503 4857 1578 4906 reus,
1600 4845 1742 4910 postquam
1763 4841 1908 4896 iudicatum

1099 4911 1166 4966 solvi
1183 4911 1311 4980 promisit,
1331 4909 1437 4964 demens
1456 4909 1545 4964 factus
1563 4909 1611 4974 sit,
1629 4925 1663 4964 an
1680 4909 1816 4978 stipulatio
1835 4927 1907 4966 conr-

1098 4981 1219 5034 mittatur
1238 4981 1345 5036 obrem
1361 4995 1416 5032 non
1434 4977 1582 5044 defensam,
1600 4977 1749 5048 quaeritur:
1772 4981 1908 5050 magisque

1099 5055 1113 5102 9
1149 5053 1204 5114 εει,
1223 5053 1253 5102 ιιι
1271 5049 1464 5114 committatur,
1483 5047 1599 5102 sinemo
1618 5063 1678 5102 eum
1694 5047 1827 5104 defendat.
1865 5051 1906 5104 Ob

1097 5133 1153 5172 rem
1162 5133 1216 5170 nou
1225 5117 1362 5172 defensam
1377 5115 1514 5184 stipulatio
1522 5131 1577 5170 non
1592 5117 1770 5186 committitur,
1780 5119 1907 5188 quamdiu

1101 5191 1130 5240 td
1165 5191 1254 5254 potest
1277 5185 1391 5240 existere
1414 5183 1460 5254 qui
1476 5183 1609 5240 defendat.
1643 5185 1672 5240 Si
1691 5187 1783 5254 plures
1806 5187 1905 5242 fuerint

1096 5253 1278 5320 fideiussores,
1301 5257 1477 5322 posteaquam
1494 5269 1555 5308 cnm
1571 5269 1625 5308 uno
1646 5253 1680 5310 lis
1697 5259 1848 5312 contestata
1866 5263 1908 5310 est

1097 5337 1130 5376 ex
1149 5323 1270 5376 clausula
1293 5323 1329 5376 ob
1350 5337 1407 5376 rem
1423 5337 1478 5376 non
1496 5321 1644 5392 defensam,
1661 5323 1719 5394 ipse
1736 5341 1798 5380 rens
1816 5331 1906 5394 potest

1097 5391 1233 5512 suscipere
1250 5389 1442 5446 defensionem:

1131 5455 1151 5512 4
1190 5473 1313 5512 carenos
1333 5459 1401 5516 fibro
1419 5461 1660 5530 quinquepartitae
1678 5465 1772 5530 quicto
1790 5461 1906 5582 ‹tipario-

1096 5541 1158 5578 rum
1190 5525 1214 5580 ιε
1233 5529 1335 5592 summ,
1361 5543 1420 5584 cum
1434 5545 1491 5598 ¹qno
1509 5533 1597 5584 actum
1614 5527 1678 5596 fuit,
1696 5529 1797 5584 absolvi
1833 5527 1905 5582 ebet.

1130 5705 1164 5766 (ιι
1181 5703 1230 5752 Est
1240 5713 1296 5758 1...e.
1307 5715 1383 5764 a...u;
1401 5705 1461 5758 Sat.
1472 5715 1593 5764 aranos
1610 5705 1773 5770 Pop.1t...1sr
1793 5703 1857 5766 App.
1868 5713 1905 5752 ao.

1096 5769 1243 5820 ιι-Βαε,
1253 5773 1313 5836 itta
1370 5775 1404 5838 (a)
1421 5773 1630 5838 apudlutadscr.
1688 5772 1721 5831 (a)
1739 5785 1799 5818 eone
1811 5771 1905 5820 Breuc-

1096 5855 1198 5890 muaaos
1267 5843 1311 5906 (ιι)
1329 5843 1423 5894 tutores
1433 5841 1716 5910 essepropouantnrsoe.
