4376 6258
258 363 495 412 1011111111
1039 345 1119 412 XXI
1338 409 1339 412 ,
1594 363 1707 410 consu.
1732 361 1908 414 anensem

254 529 390 598 ingenuos,
422 541 490 596 qnae
518 525 553 580 acl
577 525 732 580 libertinos¹
760 529 920 596 respiciunt:
948 529 997 582 11Ξ
1025 533 1051 582 11
1100 523 1200 598 ὁμοίως
1216 535 1270 584 τοῖς
1286 527 1374 586 ἄλλοις
1395 527 1643 614 κατασκεψάμενοι,
1665 525 1713 580 τάς
1735 547 1764 582 τε
1787 527 1824 580 εἰς
1846 529 1907 584 τούς

254 599 293 652 ius
310 609 396 658 omne,
419 595 490 664 quod
507 595 539 648 de
555 593 680 662 gradibus
698 599 725 648 et
741 595 923 652 adfinitatibus
941 595 1049 652 deseen-
1101 599 1129 648 εύ
1147 595 1290 670 γεγονότας
1307 595 1354 652 τάς
1369 617 1401 652 τε
1417 599 1453 652 εἰς
1468 595 1530 652 τοὺς
1550 595 1743 670 απελευδέρους
1760 601 1906 670 φερομένας

255 665 302 730 tiit,
327 661 508 730 legitimaeque
531 661 690 718 hereditates
713 667 741 718 et
761 663 845 718 omnis
866 665 900 718 ab
923 661 1049 716 intestato
1101 667 1129 716 ἐκ
1146 661 1245 728 πολλῆς
1260 667 1306 732 τῆς
1322 667 1481 740 ἔμπροσθεν
1498 661 1647 736 συγχύσεώς
1667 683 1698 716 τε
1714 667 1761 716 καὶ
1776 657 1906 734 ἀσαφείας

254 731 383 788 successio
401 733 428 782 11
439 727 631 782 Temulliennm
648 735 676 784 11
688 729 845 784 Oritanum
862 735 970 784 senatus
986 745 1049 784 con·
1100 733 1136 784 είς
1152 729 1281 802 καθαράν
1298 727 1431 804 ἠγάγομεν
1445 737 1601 802 συντομίαν,
1619 727 1667 784 δύο
1682 729 1800 800 βιβλίαν
1814 725 1907 784 αύταῖς

254 799 360 862 sutum,
385 811 417 850 ex
440 797 536 864 quibus
552 797 654 850 mater³
671 803 697 850 et
713 797 760 850 11111
776 797 889 850 induem
906 797 957 850 sibi
973 797 1049 850 here·
1100 793 1221 884 άριθμὸν
1253 793 1344 870 ἀρκεῖν
1374 799 1548 870 νενομικάτες.
1588 795 1843 874 προσανεπλύξαμεν
1876 793 1907 850 dd

255 869 297 922 des
314 865 435 920 esisttmt.
464 863 492 916 iu
509 863 625 930 geminos
642 863 724 918 lib-ros
743 865 902 918 contudimus
920 865 1050 918 bonorum
1101 869 1189 916 αυτοῖς
1220 871 1266 916 καί
1297 863 1344 916 τάς
1376 867 1406 928 ἐξ
1435 863 1584 922 ἄδιαθέτου
1612 865 1774 934 καλουμένας
1802 859 1906 918 ἁπάσας

255 931 422 1004 possessionis
440 931 630 984 multitudinem
647 931 675 984 in
692 931 909 1000 compendiosum
925 937 952 982 et
965 931 1049 984 meni-
1101 929 1237 998 διαδοχάς,
1261 937 1306 984 nal
1330 925 1410 986 αύτὰς
1432 935 1480 990 τὰς
1500 939 1559 990 τῶν
1574 937 1664 1010 γενῶν
1679 931 1767 996 τάξεις
1783 937 1830 984 καί
1846 931 1907 986 τοὺς

256 1009 285 1054 te
316 997 485 1054 festissimum
500 997 615 1052 ordinem
631 999 825 1054 concludentes.
848 997 914 1054 Post
927 999 993 1052 baec
1009 1013 1048 1066 es,
1100 1003 1146 1054 ἐπί
1166 997 1272 1054 τούτοις
1294 997 1421 1066 βαθμοὺς
1445 1003 1628 1078 ἐγγράφοντες
1653 1003 1695 1070 τῷ
1720 997 1833 1072 βιβλίῳ,
1861 1003 1907 1052 καὶ

255 1085 318 1140 quac
340 1067 372 1120 de
394 1067 480 1134 operis
497 1067 557 1120 noti
574 1067 784 1120 nuntiationibus
803 1065 942 1132 damnique
958 1065 1050 1122 11111111
1100 1069 1146 1120 ἐπὶ
1168 1069 1215 1132 τῆς
1235 1067 1359 1132 ἐσχατιάς
1380 1059 1470 1120 αὐτῶν
1486 1071 1521 1124 τὰ
1538 1079 1600 1126 nani
1618 1075 1665 1126 τοῦ
1682 1069 1859 1138 ncrcplnsnic
1875 1087 1906 1120 τε

255 1143 279 1192 11
294 1151 340 1204 pro
358 1133 482 1188 aedificiis
500 1133 594 1188 (1111111
612 1141 639 1186 11
655 1149 747 1188 eorum
762 1131 864 1186 insidiis
887 1141 915 1188 11
932 1135 1049 1202 quaeda
1100 1141 1144 1188 nat
1163 1135 1302 1188 Orfitiuniu
1320 1129 1507 1204 consequence
1524 1125 1668 1212 δύγρῖιατος,
1692 1137 1722 1202 ἐξ
1740 1139 1780 1192 ὡν
1796 1139 1907 1206 μητέρες

254 1219 319 1272 aqna
346 1201 433 1270 pluvia
462 1201 578 1256 arcenda
603 1201 738 1256 1111111111
767 1199 922 1256 unctoribus
949 1201 1049 1270 placite
1100 1207 1134 1256 ia
1166 1221 1197 1256 τε
1211 1207 1257 1254 nat
1271 1197 1365 1256 παῖδες
1376 1193 1497 1266 άλλήλιιν
1511 1203 1629 1274 διάδοχοι
1640 1213 1771 1282 γίνονται.
1795 1207 1825 1256 Π
1838 1201 1906 1256 icccc
1967 1239 1968 1242 ι

254 1279 324 1336 sunt,
347 1285 395 1324 uec
418 1285 472 1322 non
496 1269 528 1324 de
551 1269 699 1336 publicanis
722 1273 750 1322 11
772 1269 1048 1324 111111111111111114
1100 1267 1130 1324 δέ
1147 1271 1239 1342 ἐφεξῆς
1256 1267 1366 1338 βιβλίον
1382 1265 1445 1322 άλλο
1466 1269 1500 1322 τά
1522 1291 1553 1324 τε
1569 1281 1631 1348 περὶ
1647 1279 1706 1330 τῶν
1724 1277 1753 1330 ἐν
1770 1223 1906 1340 cincinni·

253 1341 317 1394 inter
342 1339 412 1390 vivos
440 1351 519 1404 quum
545 1337 638 1390 mortis
667 1351 750 1390 causa
774 1337 945 1392 conficiendis
969 1343 1049 1390 cauta
1098 1357 1182 1406 μασιν
1204 1339 1305 1410 ίργινν,
1333 1335 1435 1390 καὶτὰ
1457 1343 1585 1408 περὶτῆς
1607 1345 1664 1396 τάν
1687 1339 1907 1396 ὀλισθαινόντοον

253 1407 347 1472 legibus
363 1405 522 1470 invenimus,
545 1405 574 1456 in
589 1405 687 1456 librum
705 1401 866 1470 singularem
883 1405 1048 1460 deduximus.
1099 1425 1129 1456 τε
1146 1411 1192 1458 καὶ
1208 1405 1436 1478 καταφερομένων
1451 1405 1606 1472 οἰκημάτων
1620 1405 1773 1480 ἀσφαλείας,
1790 1409 1907 1462 καὶτῶν

254 1475 282 1528 'ib
317 1473 353 1524 De
374 1471 621 1526 manumissionibus
644 1477 732 1524 autem
753 1473 780 1522 et
797 1469 830 1524 de
847 1469 950 1526 liberali
968 1487 1050 1526 eausa
1100 1475 1130 1524 ἐν
1147 1471 1251 1524 τούτοις
1267 1491 1295 1524 τι
1311 1471 1535 1544 κακουργούντων
1551 1477 1596 1524 καὶ
1614 1477 1642 1526 έα
1658 1479 1706 1542 τῆς
1722 1479 1780 1530 τοῖν
1796 1471 1907 1530 ὑδάτων

254 1545 282 1594 io
313 1539 377 1594 alins
395 1537 463 1592 liber
479 1537 630 1606 respondit:
654 1537 879 1606 Quemadmodum
902 1545 930 1596 et
951 1539 1047 1594 dead·
1100 1541 1182 1612 φοράς
1194 1535 1364 1592 ἀδικούντων
1378 1537 1440 1592 τούς
1455 1537 1544 1604 πέλας,
1561 1545 1606 1592 καὶ
1620 1539 1655 1594 τὰ
1668 1549 1731 1616 περὶ
1744 1539 1906 1618 sedvideat-

254 1607 386 1674 quisitione
408 1611 463 1658 tam
485 1605 593 1660 dominii
616 1621 696 1674 quam
716 1607 893 1674 possessionis
917 1613 943 1662 et
964 1609 1048 1662 titulis
1100 1605 1207 1672 ζόντων
1228 1605 1263 1658 τά
1286 1603 1401 1674 δημόσια
1424 1607 1500 1672 τέλη,
1523 1613 1569 1660 καί
1590 1607 1656 1682 πρός
1673 1629 1702 1680 γε
1721 1607 1833 1684 δωρεῶν
1850 1613 1906 1664 τῶν

254 1675 294 1794 appi
317 1689 375 1792 caup
393 1673 530 1792 ¹indptcun5t
554 1673 978 1794 1ρ11111121ἰωρ1ωῂρο1ρ111οῐ1111
997 1675 1048 1794 plui
1099 1695 1130 1798 ρρ
1145 1669 1380 1762 άπροσδιφρίστων
1395 1675 1454 1792 agiu
1470 1695 1501 1756 sp
1517 1677 1554 1728 είς
1562 1675 1821 1796 ἔννοιαφθτελερτῆς
1842 1671 1905 1732 duu-

268 1757 517 1862 1111111111
532 1757 722 1862 lisbius
740 1757 810 1874 ius,
829 1813 855 1864 s
870 1749 1047 1864 libitui
1097 1811 1143 1876 αι
1160 1759 1572 1882 stultisssimum
1589 1763 1674 1876 itii
1684 1761 1827 1884 iiiiii}
1844 1751 1906 1866 tit?

252 1825 436 1930 ictcntionibus
452 1875 705 1932 11111111111111116
720 1881 791 1930 1111
805 1891 838 1930 ne
854 1877 916 1944 quid
930 1877 960 1930 in
973 1877 1047 1930 frau-
1098 1881 1129 1930 lc
1162 1895 1210 1942 της
1226 1873 1350 1950 άγάνιον,
1368 1879 1447 1930 τούτο
1462 1879 1502 1930 iat
1518 1897 1558 1930 πα
1577 1873 1703 1930 αδέδοται
1717 1875 1826 1946 βιβλίῳ.
1847 1875 1907 1932 ”nn

253 1947 279 1996 le
311 1943 367 1996 dem
385 1943 544 1998 creditorum
558 1943 613 1998 fiat.
640 1943 759 2014 Postque
776 1945 843 1998 haec
861 1945 949 2000 omnia
965 1945 1047 2000 inter·
1099 1941 1190 1996 δὲκαὶ
1208 1943 1243 1996 τὰ
1261 1947 1324 2016 περί
1340 1945 1422 2028 νομίρς
1438 1951 1483 1998 καί
1499 1947 1546 2012 τῆς
1559 1897 1602 1998 δι’
1626 1939 1705 2012 αύτῆς
1726 1945 1843 2012 missac
1862 1951 1907 1998 ιιαῑ

252 2009 316 2064 non
341 2011 486 2080 glomerate
512 2017 587 2066 sunt:
617 2017 643 2064 11
671 2011 797 2080 deinceps
824 2013 993 2082 exceptiones
1022 2017 1048 2068 11
1097 2013 1155 2064 τῶν
1181 2011 1347 2084 είσαγουσάν
1376 2009 1461 2078 αυτὴν
1490 2015 1589 2068 αίτιῶν
1619 2013 1656 2066 εἰς
1682 2015 1713 2066 έν
1742 2009 1907 2080 ἀπεθέμεθα

252 2077 280 2132 de
301 2083 446 2146 temporum
467 2079 664 2146 prolixitatibus
686 2087 714 2132 et
737 2081 769 2134 tie
792 2079 997 2146 obligationibus
1021 2085 1048 2134 et
1098 2079 1134 2132 ld
1167 2077 1334 2162 σύγγραμμα.
1368 2083 1425 2130 Καὶ
1444 2083 1472 2132 εἴ
1484 2087 1515 2134 τί
1529 2101 1560 2152 γε
1577 2075 1645 2134 ὅλως
1662 2085 1725 2154 περὶ
1742 2077 1906 2134 deuocasse

251 2145 390 2200 actionibus
404 2147 471 2200 liber
482 2147 578 2200 iterum
590 2147 731 2214 singularis
745 2145 909 2202 extenditur:
927 2155 959 2202 ut
969 2163 1046 2218 prae·
1099 2149 1175 2200 ἐστίν
1197 2141 1363 2218 άποφαοειάν
1382 2165 1413 2198 τε
1435 2153 1560 2202 καὶτῶν
1583 2151 1614 2200 έν
1634 2147 1738 2200 τούτοις
1760 2145 1823 2200 τινά
1838 2145 1908 2200 κατά

251 2211 301 2266 fata
320 2217 395 2266 sexta
439 2229 483 2268 ars
508 2215 609 2284 totius⁷
638 2215 800 2282 digestorum
822 2213 961 2270 voluminis
986 2221 1045 2270 octo
1097 2215 1177 2284 σφῶν
1195 2209 1287 2266 αὐτῶν
1304 2207 1517 2284 ὁμολογούντων,
1535 2215 1644 2280 καὶτῆς
1661 2215 1720 2268 τῶν
1736 2211 1827 2268 ὄντων
1843 2209 1906 2266 άνοι·

252 2283 264 2332 8
295 2281 365 2334 nuris
388 2231 536 2334 dabuntur.
572 2281 704 2350 Septimus
728 2287 816 2336 autem
840 2285 867 2336 et
888 2283 1047 2338 nouissimus
1097 2279 1252 2354 χωρήσεως,
1274 2285 1320 2332 καί
1344 2277 1511 2350 δανειστικῆς
1532 2303 1563 2336 τε
1585 2283 1697 2350 κατοχῆς
1713 2287 1758 2334 καί
1775 2277 1906 2354 πράσεως,

251 2345 369 2402 aniculus
392 2347 552 2416 digestorum
575 2365 623 2404 sex
645 2347 720 2402 libris
743 2349 873 2404 formatus
891 2355 939 2406 ost.
975 2353 1047 2420 quo⁸
1097 2349 1291 2416 nutrienda
1314 2347 1484 2430 πραγμάτων
1507 2347 1667 2422 διακρίσεώς
1687 2369 1719 2402 τε
1736 2353 1781 2402 καὶ
1797 2345 1907 2416 κηδεμο-

251 2413 279 2468 de
295 2415 505 2482 stipulationibus
523 2431 571 2470 seu
590 2417 731 2470 verborum
748 2417 972 2486 obligationibus⁹
989 2425 1016 2476 11
1026 2421 1047 2452 ¹⁰
1097 2421 1164 2480 νίας,
1181 2419 1227 2468 nat
1243 2417 1292 2470 τού
1307 2433 1346 2484 μη
1364 2435 1391 2468 τι
1408 2419 1512 2470 παθεῖν
1528 2417 1590 2472 τοὺς
1608 2413 1781 2482 δανείζοντας
1799 2413 1907 2486 βλάβος,

251 2481 1045 2550 111111111οεί1111111111111111,11111111111111111111
1098 2491 1128 2538 te
1162 2489 1209 2536 καί
1224 2475 1336 2536 τούτού
1373 2489 1420 2536 teos
1436 2487 1473 2538 είς
1490 2489 1521 2538 έν
1538 2483 1684 2558 ἤθροισται
1699 2483 1817 2604 sopitos.
1852 2489 1907 2538 Kal

251 2553 274 2604 et
293 2551 465 2604 solutionibus
490 2556 517 2606 11
540 2551 788 2620 acceptilationibus
811 2557 838 2608 11
856 2553 888 2608 dc
905 2555 1046 2622 praetoriis
1097 2549 1147 2604 τὸν
1172 2551 1231 2602 τῶν
1256 2551 1326 2604 inter
1345 2551 1417 2606 icton
1442 2557 1490 2604 ec¹
1515 2551 1620 2620 τρόπον
1645 2545 1677 2606 οὗ
1704 2569 1727 2606 π
1757 2557 1828 2606 ίοσιν
1851 2551 1908 2604 iios

251 2615 280 2670 ni
297 2617 455 2670 nationibus
478 2633 555 2674 omna
578 2617 649 2686 quod
676 2621 718 2674 ius
748 2621 909 2674 invenitur¹¹
941 2623 1045 2688 gemino
1097 2615 1331 2690 παραδεδώκαμεν
1353 2617 1468 2686 βιβλίου.
1503 2621 1611 2672 testea
1634 2639 1665 2672 τε
1686 2621 1733 2674 ἐπὶ
1753 2617 1800 2674 τὰς
1821 2637 1907 2690 παρα·

250 2633 369 2738 vobnine
386 2683 614 2764 inseriptunutesb
632 2687 846 2764 Ι111111111111111111
863 2687 979 2756 antiquis
996 2705 1046 2744 neo
1095 2683 1200 2758 γραφὰς
1222 2689 1268 2738 καὶ
1283 2683 1346 2738 τοὺς
1363 2681 1410 2740 ἐπ’
1430 2683 1522 2740 eiecta
1538 2691 1716 2758 τεταγμένους
1735 2685 1908 2768 ἐχωρήσαμεν

251 2755 280 2804 81
309 2767 440 2806 numerari
457 2753 583 2820 posnbuc
599 2753 660 2808 iun.
694 2755 732 2806 Et
748 2761 810 2834 post
826 2755 879 2810 hoc
896 2755 948 2808 dno
968 2757 1044 2810 11111-
1095 2749 1218 2826 patrous,
1241 2755 1287 2806 καί
1308 2749 1358 2806 τὸν
1380 2755 1440 2806 τῶν
1461 2757 1565 2820 scopein
1585 2759 1683 2806 τεκαὶ
1705 2749 1822 2828 ἄγαγον
1843 2749 1907 2806 άπε-

249 2817 336 2874 11111112
353 2819 414 2874 libri
429 2819 511 2890 positi
528 2825 590 2876 sunt
605 2837 655 2890 pto
674 2821 775 2878 delictis
789 2821 900 2890 putatis
915 2827 942 2876 et
956 2833 1045 2878 extre-
1096 2821 1209 2890 θέμεθα
1232 2817 1344 2894 τρόπον.
1378 2827 1424 2872 καὶ
1447 2821 1632 2896 συνηγάγομεν
1652 2819 1908 2890 custodissem

1094 2893 1186 2960 μέρος,
1213 2875 1296 2960 οἷπερ
1322 2881 1425 2960 ἡγεῖται
1450 2889 1485 2944 τά
1508 2893 1571 2962 περὶ
1592 2891 1652 2942 τῶν
1677 2887 1848 2958 διακατοχῶν
1872 2883 1908 2944 ais

1095 2955 1200 3028 cippum
1215 2959 1401 3028 ysypomptc'va,
1424 2957 1461 3010 sis
1481 2951 1553 3010 dread
1574 2955 1694 3026 βιβλίων
1709 2951 1844 3030 decliuia,
1867 2959 1906 3008 έκ-

1094 3041 1145 3074 τον
1167 3019 1201 3088 δὴ
1221 3025 1302 3074 τοῦτο
1322 3025 1402 3104 μέρος
1424 3025 1470 3090 τῆς
1485 3019 1547 3090 ὅλης
1565 3023 1716 3088 συντάξεως
1731 3019 1905 3094 ἀποθέμενοι

1045 3099 1046 3102 ’
1095 3093 1110 3142 8
1151 3087 1185 3142 Τὸ
1209 3085 1240 3142 δέ
1262 3085 1295 3152 δὴ
1316 3107 1365 3140 του
1388 3091 1491 3144 παντὸς
1511 3091 1679 3154 τελευταῖον,
1701 3085 1770 3166 άπερ
1791 3089 1856 3144 έδο
1876 3109 1908 3142 ον

1094 3151 1200 3222 ἁπάσης
1222 3157 1298 3208 ἐστὶν
1318 3157 1365 3220 τῆς
1388 3163 1584 3230 πραγματείας,
1607 3157 1637 3220 ἓξ
1658 3157 1777 3226 βιβλίων
1793 3179 1839 3244 αρι
1862 3159 1908 3226 uqi

1094 3221 1301 3290 περιέσταλται,
1328 3217 1474 3304 ἀρχόμενον
1494 3229 1547 3294 μὲν
1569 3227 1598 3276 ἐκ
1620 3225 1680 3278 τῶν
1703 3229 1908 3298 έπερωτησεων,

1095 3287 1240 3358 διαβαῖνον
1264 3285 1294 3340 δέ
1316 3285 1362 3340 δια
1382 3309 1413 3344 τε
1435 3293 1494 3346 τῶν
1515 3287 1584 3364 ὑπὲρ
1604 3293 1698 3364 έγγυῆς
1713 3295 1908 3366 γεγραμμένων

1094 3359 1203 3476 east
1210 3357 1383 3478 11111
1400 3357 1632 3480 11111111
1650 3357 1908 3482 ntitas-nn

1094 3445 1255 3564 numidicum
1265 3465 1431 3560 rombsbiae
1442 3445 1725 3568 mepaemcbbiiimp
1734 3445 1846 3550 άπανητσα
1859 3493 1908 3548 δύο

1094 3551 1163 3630 παρ’
1181 3553 1259 3676 pipare
1271 3559 1449 3614 συνέσταλται
1461 3559 1584 3630 βιβλίοις,
1599 3567 1734 3634 καίτοιγε
1748 3563 1908 3636 ἔμπροσθεν

1094 3627 1128 3678 81
1162 3643 1193 3678 ον
1212 3627 1226 3678 ὲ
1247 3625 1334 3680 εἰπεῖν
1357 3629 1434 3682 ἐστίν
1455 3625 1509 3684 dua
1531 3629 1723 3694 καθεστῶτα)
1750 3631 1853 3706 Προϊὸν
1878 3627 1909 3682 δέ

1094 3691 1130 3744 εἰς
1154 3691 1206 3746 τὸν
1230 3687 1299 3766 ὑπὲρ
1323 3695 1383 3748 τοῖν
1408 3694 1584 3776 έγαλημάτοιν
1613 3693 1693 3766 λύγον
1721 3703 1768 3750 καί
1796 3691 1908 3752 ἅπαντα

1094 3757 1243 3832 ιιαταλέγον
1267 3753 1356 3814 ὁπόσα
1379 3781 1438 3816 των
1460 3783 1490 3818 τε
1511 3769 1704 3838 μετριωτέρων
1725 3767 1802 3820 ἐστίν
1823 3759 1906 3836 οἱμαρ-

247 3901 274 3964 (1)
290 3895 789 3964 quacunctmgcuuosqucmsnnbs
832 3897 864 3962 (1)
882 3899 964 3948 utam.
976 3895 1047 3948 F²s
1097 3897 1127 3960 (1)
1144 3901 1184 3962 τε]
1203 3893 1233 3948 δέ
1249 3897 1362 3950 Ηετείιεο

248 3969 276 4032 (1)
291 3967 408 4018 manas
453 3967 486 4030 (4)
504 3967 540 4016 sic
549 3965 577 4030 S,
586 3965 682 4014 111111λΙ
725 3965 757 4026 (1)
775 3963 922 4030 inseptaelr'
968 3967 1001 4030 (1)
1021 3967 1047 4014 11

246 4033 471 4086 111111101111111111.
482 4033 519 4084 F¹
582 4033 616 4098 (1)
633 4031 762 4084 suumn
806 4033 850 4096 ils)
868 4029 943 4096 sicS,
953 4045 1015 4096 quos
1025 4033 1052 4084 F

246 4105 276 4168 (1)
291 4099 464 4156 accerbam.
475 4117 519 4152 om.
530 4099 569 4152 F¹
650 4101 696 4162 (10)
714 4099 744 4150 do
756 4099 836 4152 inaS
917 4103 959 4164 (11)
977 4099 1045 4164 quod

245 4169 465 4222 iuvenitoniusscr.
535 4169 580 4234 (11)
597 4165 735 4220 terbilesF

245 4351 306 4404 quos
322 4351 369 4390 nos
385 4337 447 4390 item
465 4339 496 4388 ut
517 4333 625 4404 reliqua
647 4333 827 4406 expendimus
849 4339 876 4390 et
897 4339 952 4390 tam
975 4351 1047 4406 quae
1097 4335 1188 4388 tentiis
1204 4333 1282 4408 etde
1298 4335 1341 4398 iis,
1358 4335 1409 4404 qui
1424 4335 1452 4388 in
1469 4339 1530 4390 iure
1547 4333 1676 4404 quiddam
1694 4337 1789 4388 contra
1805 4349 1833 4388 se
1847 4351 1908 4388 con·

245 4401 278 4456 ad
297 4405 423 4474 inqenuos
446 4417 527 4472 quam
549 4417 621 4474 quae
637 4401 675 4456 ad
696 4401 834 4456 libertinos
850 4403 992 4474 pmtment
1007 4419 1046 4458 en
1095 4403 1167 4472 fessi
1181 4409 1254 4468 sunt,
1272 4405 1298 4456 et
1315 4401 1349 4456 de
1367 4403 1497 4456 bonorum
1514 4403 1641 4464 cessione,
1658 4405 1686 4454 et
1698 4399 1733 4454 de
1747 4401 1910 4456 creditorum

245 4485 346 4592 itit
369 4487 406 4526 “a
419 4469 1047 4594 tarentasiensemlitai
1096 4467 1911 4594 ltttssttttttinterlatrantibus

245 4619 374 4660 numerum
389 4605 422 4660 iis
435 4595 565 4676 sufficere
578 4553 712 4660 bertran.
738 4577 924 4660 scibteuuimus
938 4607 973 4660 iis
986 4621 1046 4660 suc-
1096 4555 1224 4670 subeant,
1245 4621 1278 4658 ee
1296 4575 1406 4674 quoque'
1421 4603 1449 4656 in
1465 4553 1549 4658 unuin
1567 4601 1689 4680 uolumen
1707 4603 1821 4660 collecta
1837 4609 1908 4660 sunt.
1929 4593 1932 4600 ’

245 4673 366 4728 cessiones
407 4687 498 4742 noque
514 4687 605 4726 omnes
622 4687 693 4742 quae
709 4677 841 4726 vocantur
858 4675 892 4730 cb
911 4675 1046 4738 intestato,
1097 4677 1129 4726 'te
1163 4671 1201 4726 Et
1227 4671 1432 4726 interdictorum
1459 4669 1624 4726 ordinatione
1652 4687 1706 4724 non
1730 4671 1799 4744 plus
1826 4689 1909 4726 unum

245 4739 372 4810 ideaque
389 4689 465 4796 iibro
491 4755 562 4810 quae
587 4739 621 4794 de
644 4741 789 4810 peceribus
814 4743 961 4796 constituta
982 4747 1047 4796 sunt
1097 4741 1194 4796 librum
1212 4739 1408 4816 deputabimus.
1443 4737 1506 4792 inde
1520 4737 1702 4808 processimus
1718 4739 1757 4794 ad
1772 4743 1910 4810 receptio·

245 4819 380 4876 eorumque
395 4807 501 4878 quadus
519 4807 682 4860 inseruemus
704 4813 731 4860 et
753 4807 792 4862 ad
806 4813 957 4864 extremum
975 4825 1063 4878 com·¹
1097 4825 1145 4862 nes
1161 4811 1188 4860 et
1204 4811 1306 4862 statuto
1324 4805 1357 4860 de
1375 4819 1409 4858 us
1427 4807 1557 4876 tempora,
1575 4809 1602 4858 et
1617 4805 1811 4878 obliqationum
1826 4811 1910 4864 actio-

242 4875 372 4940 posuimus
395 4891 465 4944 quae
487 4879 551 4930 sant
573 4873 607 4954 de
626 4873 792 4930 Tertulliano
809 4875 988 4956 etntlrpitinno
1005 4891 1048 4958 se·
1097 4891 1216 4944 namque
1235 4875 1368 4954 rationem
1384 4871 1581 4994 explicuimus.
1616 4879 1642 4928 et
1663 4877 1816 4930 uniuersam
1838 4875 1910 4932 banc

245 4943 519 5078 trutinabit
531 4941 785 5086 latitasset
796 4943 978 5078 iltuit?
991 4945 1046 5080 itt
1091 4941 1909 5084 stamsustinetsustinettttttt

245 5079 344 5154 conetur
360 5075 393 5128 de
410 5095 493 5146 opere
509 5093 578 5130 nouo
596 5077 625 5130 in
647 5075 780 5154 aedeficiis
801 5077 879 5154 [acto
902 5083 930 5132 et
950 5077 984 5132 de
1005 5079 1046 5130 im
1097 5095 1165 5142 mus,
1182 5083 1289 5132 sentam
1302 5093 1362 5128 eom
1376 5077 1497 5132 unioemi
1508 5081 1715 5150 operc'spartem
1730 5079 1907 5134 declarantes.

246 5137 381 5216 temeritate
391 5143 563 5212 praestanda
571 5147 693 5224 propter
707 5143 831 5210 aedilicia
845 5145 1005 5200 collabentis
1020 5153 1047 5198 et
1097 5151 1113 5200 8
1150 5145 1274 5200 Omnium
1290 5147 1381 5196 autem
1390 5149 1539 5214 postrema,
1557 5163 1629 5218 quac
1642 5149 1762 5202 unioemn‘
1775 5151 1908 5200 ίταεέαίκς

245 5219 345 5284 ruinosa
362 5213 389 5260 et
405 5209 438 5264 de
456 5211 504 5278 iis,
527 5225 574 5280 qm
598 5209 725 5264 damnem
749 5209 862 5278 aliquod
878 5213 918 5266 ita
935 5211 1002 5266 dant
1019 5217 1045 5266 et
1096 5213 1211 5284 septima
1232 5215 1286 5278 est,
1308 5227 1360 5266 sen
1383 5211 1512 5268 librorum
1534 5231 1646 5270 nummo
1663 5213 1907 5286 comprehenditur,

245 5285 384 5350 quinquae
397 5293 479 5330 cursu
492 5281 593 5332 vicinos
608 5277 718 5332 laedunt
731 5277 832 5346 quique
839 5279 954 5346 publica
965 5281 1046 5334 necti·
1093 5281 1230 5350 'incutiens
1246 5297 1265 5332 α
1280 5279 1513 5350 emundationibus,
1535 5283 1598 5338 inde
1619 5289 1707 5338 autem
1718 5299 1841 5354 perqens
1853 5299 1908 5354 per

245 5339 313 5402 paleo
329 5343 465 5414 colliqunt,
476 5347 546 5424 ¹item
560 5347 593 5398 de
607 5343 798 5400 donationibus
812 5349 867 5398 tam
879 5347 1047 5416 simplicibus
1097 5365 1130 5402 ea
1148 5363 1219 5418 quae
1235 5347 1309 5402 dicta
1326 5355 1392 5404 sunt
1408 5347 1441 5404 de
1455 5349 1674 5422 fideiussionibus
1691 5353 1717 5404 et
1733 5349 1767 5404 de
1783 5365 1907 5404 numera·

245 5403 278 5482 lb.
305 5425 383 5488 quam
399 5415 494 5488 mortes
511 5429 594 5466 causa
611 5413 691 5466 ιίοίίς.
728 5411 765 5464 nt
785 5425 882 5490 rursus
902 5411 936 5466 de
951 5429 1046 5468 manu·
1098 5415 1216 5468 tionibus
1236 5413 1385 5470 debitorum
1409 5421 1436 5470 et
1458 5419 1637 5474 solutionibus
1657 5423 1684 5470 et
1706 5417 1917 5474 liberationibus

245 5485 360 5554 messene
377 5477 567 5556 qualecumque
585 5483 613 5532 et
629 5479 663 5534 de
679 5483 870 5558 controversus
885 5497 970 5550 super
986 5497 1045 5534 eam
1097 5487 1124 5536 et
1141 5481 1175 5536 de
1191 5483 1411 5554 simulationibus
1422 5487 1567 5556 praetoria
1583 5485 1767 5542 iurisdictione
1790 5483 1908 5538 inductis

245 5539 273 5590 lt
304 5543 435 5614 quidquid
451 5541 573 5624 bubetm,
595 5563 651 5600 uno
673 5547 741 5602 libro
758 5551 918 5602 continetur.
953 5545 1045 5602 Etiam
1097 5551 1179 5620 (quae
1196 5551 1287 5606 omnia
1304 5553 1381 5626 apud
1396 5569 1446 5608 nos
1463 5555 1569 5608 duobus
1585 5553 1662 5608 libris
1679 5551 1907 5622 comprobandum

245 5617 309 5670 qnae
324 5609 357 5662 dc
368 5627 540 5692 ppssesmone
555 5617 620 5666 ssent
636 5617 662 5668 ct
674 5629 729 5686 per
746 5629 805 5668 eam
819 5615 935 5684 capione
949 5615 1046 5668 titulis-
1098 5623 1152 5682 tur,
1174 5633 1235 5672 cum
1258 5623 1339 5676 antea
1360 5637 1395 5674 ne
1415 5621 1472 5678 dici
1491 5621 1599 5692 quidem
1615 5623 1712 5690 posset
1731 5623 1799 5688 quot
1820 5617 1907 5674 obsol-

245 5685 293 5760 ρυι
314 5693 371 5730 eom
387 5677 574 5758 inducentibus
587 5681 719 5762 inunum
736 5681 861 5760 columen
875 5681 1045 5762 contulimus.
1098 5687 1132 5738 81
1166 5691 1317 5766 omentum:
1336 5689 1490 5770 procedens
1512 5703 1579 5742 mon
1601 5687 1639 5742 ad
1661 5685 1848 5764 tractationem
1874 5683 1907 5740 da

249 5737 277 5792 td
308 5743 344 5796 nt
356 5761 462 5802 omnmo
477 5745 612 5818 quidquid
625 5745 740 5804 babetur
751 5749 786 5802 cle
800 5749 973 5806 iudicialibus
985 5767 1046 5804 sen·
1097 5755 1314 5810 αοπιοαίιοαιλικς
1339 5761 1366 5812 et
1396 5755 1527 5828 colieqens
1557 5767 1741 5824 quaecumque
1768 5755 1905 5824 patmon!
