<?xml version="1.0" encoding="UTF-8"?>
<!DOCTYPE html PUBLIC "-//W3C//DTD XHTML 1.0 Transitional//EN"
    "http://www.w3.org/TR/xhtml1/DTD/xhtml1-transitional.dtd">
<html xmlns="http://www.w3.org/1999/xhtml" xml:lang="en" lang="en">
 <head>
  <title>
</title>
<meta http-equiv="Content-Type" content="text/html;charset=utf-8" />
  <meta name='ocr-system' content='tesseract 3.04.00' />
  <meta name='ocr-capabilities' content='ocr_page ocr_carea ocr_par ocr_line ocrx_word'/>
</head>
<body>
  <div class='ocr_page' id='page_1' title='image "./corpusiuriscivi00schogoog/corpusiuriscivi00schogoog_0305.png"; bbox 0 0 4366 6258; ppageno 0'>
   <div class='ocr_carea' id='block_1_1' title="bbox 261 349 1928 428">
    <p class='ocr_par' dir='ltr' id='par_1_1' title="bbox 261 349 1928 428">
     <span class='ocr_line' id='line_1_1' title="bbox 261 349 1928 428; baseline 0.005 -10"><span class='ocrx_word' id='word_1_1' title='bbox 261 351 402 424; x_wconf 83' lang='lat' dir='ltr'><strong>Xlllid</strong></span> <span class='ocrx_word' id='word_1_2' title='bbox 1062 349 1122 428; x_wconf 81' lang='lat' dir='ltr'><strong>itt</strong></span> <span class='ocrx_word' id='word_1_3' title='bbox 1280 375 1326 424; x_wconf 90' lang='lat' dir='ltr'><strong>nn</strong></span> <span class='ocrx_word' id='word_1_4' title='bbox 1337 375 1483 426; x_wconf 72' lang='lat' dir='ltr'><strong>maanus</strong></span> <span class='ocrx_word' id='word_1_5' title='bbox 1495 373 1670 426; x_wconf 83' lang='lat' dir='ltr'><strong>consunno</strong></span> <span class='ocrx_word' id='word_1_6' title='bbox 1682 349 1928 428; x_wconf 82' lang='lat' dir='ltr'><strong>nnnnnonmno</strong></span> 
     </span>
    </p>
   </div>
   <div class='ocr_carea' id='block_1_2' title="bbox 257 537 1933 3744">
    <p class='ocr_par' dir='ltr' id='par_1_2' title="bbox 257 537 1933 3744">
     <span class='ocr_line' id='line_1_2' title="bbox 299 537 1929 616; baseline -0.001 -14"><span class='ocrx_word' id='word_1_7' title='bbox 299 537 532 602; x_wconf 72' lang='lat' dir='ltr'><strong>8Panaosotro</strong></span> <span class='ocrx_word' id='word_1_8' title='bbox 547 541 869 616; x_wconf 78' lang='lat' dir='ltr'><strong>tripcasimoadcdictam</strong></span> <span class='ocrx_word' id='word_1_9' title='bbox 903 543 969 602; x_wconf 81' lang='lat' dir='ltr'><strong>dom</strong></span> <span class='ocrx_word' id='word_1_10' title='bbox 982 549 1071 600; x_wconf 76' lang='lat' dir='ltr'><strong>mmen</strong></span> <span class='ocrx_word' id='word_1_11' title='bbox 1123 545 1208 614; x_wconf 88' lang='lat' dir='ltr'><strong>orodi,</strong></span> <span class='ocrx_word' id='word_1_12' title='bbox 1235 547 1329 604; x_wconf 90' lang='lat' dir='ltr'><strong>deindo</strong></span> <span class='ocrx_word' id='word_1_13' title='bbox 1352 547 1493 616; x_wconf 77' lang='lat' dir='ltr'><strong>ignorante</strong></span> <span class='ocrx_word' id='word_1_14' title='bbox 1517 547 1650 604; x_wconf 72' lang='lat' dir='ltr'>creditore</span> <span class='ocrx_word' id='word_1_15' title='bbox 1676 547 1817 610; x_wconf 71' lang='lat' dir='ltr'><strong>nubserit</strong></span> <span class='ocrx_word' id='word_1_16' title='bbox 1839 546 1929 602; x_wconf 83' lang='lat' dir='ltr'><strong>rolan-</strong></span> 
     </span>
     <span class='ocr_line' id='line_1_3' title="bbox 264 611 1930 696; baseline 0.001 -28"><span class='ocrx_word' id='word_1_17' title='bbox 264 619 421 670; x_wconf 82' lang='lat' dir='ltr'><strong>aturatore</strong></span> <span class='ocrx_word' id='word_1_18' title='bbox 437 629 486 682; x_wconf 88' lang='lat' dir='ltr'><strong>per</strong></span> <span class='ocrx_word' id='word_1_19' title='bbox 500 613 678 682; x_wconf 77' lang='lat' dir='ltr'><strong>ignorantiam</strong></span> <span class='ocrx_word' id='word_1_20' title='bbox 695 613 810 670; x_wconf 89' lang='lat' dir='ltr'><strong>solutum</strong></span> <span class='ocrx_word' id='word_1_21' title='bbox 824 611 867 678; x_wconf 90' lang='lat' dir='ltr'><strong>sit,</strong></span> <span class='ocrx_word' id='word_1_22' title='bbox 884 615 970 696; x_wconf 83' lang='lat' dir='ltr'><strong>repeti</strong></span> <span class='ocrx_word' id='word_1_23' title='bbox 983 613 1070 670; x_wconf 89' lang='lat' dir='ltr'><strong>debet.</strong></span> <span class='ocrx_word' id='word_1_24' title='bbox 1121 619 1218 682; x_wconf 74' lang='lat' dir='ltr'><strong>miens,</strong></span> <span class='ocrx_word' id='word_1_25' title='bbox 1245 617 1321 670; x_wconf 90' lang='lat' dir='ltr'><strong>locus</strong></span> <span class='ocrx_word' id='word_1_26' title='bbox 1349 619 1459 670; x_wconf 85' lang='lat' dir='ltr'><strong>senatus</strong></span> <span class='ocrx_word' id='word_1_27' title='bbox 1489 617 1610 672; x_wconf 89' lang='lat' dir='ltr'><strong>consulto</strong></span> <span class='ocrx_word' id='word_1_28' title='bbox 1642 633 1696 672; x_wconf 93' lang='lat' dir='ltr'><strong>non</strong></span> <span class='ocrx_word' id='word_1_29' title='bbox 1720 617 1784 682; x_wconf 87' lang='lat' dir='ltr'><strong>erit,</strong></span> <span class='ocrx_word' id='word_1_30' title='bbox 1808 615 1930 686; x_wconf 83' lang='lat' dir='ltr'><strong>quoniam</strong></span> 
     </span>
     <span class='ocr_line' id='line_1_4' title="bbox 299 677 1653 754; baseline -0.001 -14"><span class='ocrx_word' id='word_1_31' title='bbox 299 677 318 740; x_wconf 85' lang='lat'><strong>9</strong></span> <span class='ocrx_word' id='word_1_32' title='bbox 341 683 486 740; x_wconf 74' lang='lat' dir='ltr'><strong>Uarianos</strong></span> <span class='ocrx_word' id='word_1_33' title='bbox 499 681 568 738; x_wconf 88' lang='lat' dir='ltr'><strong>libro</strong></span> <span class='ocrx_word' id='word_1_34' title='bbox 585 683 728 738; x_wconf 81' lang='lat' dir='ltr'><strong>uicensimo</strong></span> <span class='ocrx_word' id='word_1_35' title='bbox 741 697 812 736; x_wconf 84' lang='lat' dir='ltr'><strong>nono</strong></span> <span class='ocrx_word' id='word_1_36' title='bbox 827 681 865 736; x_wconf 84' lang='lat' dir='ltr'><strong>od</strong></span> <span class='ocrx_word' id='word_1_37' title='bbox 878 683 992 740; x_wconf 79' lang='lat' dir='ltr'><strong>edoctam</strong></span> <span class='ocrx_word' id='word_1_38' title='bbox 1019 681 1073 736; x_wconf 86' lang='lat' dir='ltr'><strong>Sed</strong></span> <span class='ocrx_word' id='word_1_39' title='bbox 1121 683 1224 738; x_wconf 89' lang='lat' dir='ltr'><strong>initium</strong></span> <span class='ocrx_word' id='word_1_40' title='bbox 1241 689 1395 740; x_wconf 76' lang='lat' dir='ltr'><strong>oonaactos</strong></span> <span class='ocrx_word' id='word_1_41' title='bbox 1412 683 1587 754; x_wconf 88' lang='lat' dir='ltr'><strong>spectandum</strong></span> <span class='ocrx_word' id='word_1_42' title='bbox 1605 689 1653 740; x_wconf 88' lang='lat' dir='ltr'><strong>est.</strong></span> 
     </span>
     <span class='ocr_line' id='line_1_5' title="bbox 264 749 1932 824; baseline -0.001 -16"><span class='ocrx_word' id='word_1_43' title='bbox 264 751 381 820; x_wconf 87' lang='lat' dir='ltr'><strong>sipater</strong></span> <span class='ocrx_word' id='word_1_44' title='bbox 396 749 510 806; x_wconf 79' lang='lat' dir='ltr'><strong>familias</strong></span> <span class='ocrx_word' id='word_1_45' title='bbox 526 751 617 806; x_wconf 82' lang='lat' dir='ltr'><strong>facua</strong></span> <span class='ocrx_word' id='word_1_46' title='bbox 639 765 695 806; x_wconf 91' lang='lat' dir='ltr'><strong>rem</strong></span> <span class='ocrx_word' id='word_1_47' title='bbox 717 749 821 820; x_wconf 84' lang='lat' dir='ltr'><strong>pignori</strong></span> <span class='ocrx_word' id='word_1_48' title='bbox 843 749 957 818; x_wconf 76' lang='lat' dir='ltr'>dederit,</span> <span class='ocrx_word' id='word_1_49' title='bbox 981 749 1071 806; x_wconf 87' lang='lat' dir='ltr'><strong>dicen·</strong></span> <span class='ocrx_word' id='word_1_50' title='bbox 1157 749 1195 810; x_wconf 87' lang='lat'><strong>13</strong></span> <span class='ocrx_word' id='word_1_51' title='bbox 1216 751 1308 808; x_wconf 69' lang='lat' dir='ltr'><strong>Gerus</strong></span> <span class='ocrx_word' id='word_1_52' title='bbox 1328 751 1396 808; x_wconf 83' lang='lat' dir='ltr'><strong>libro</strong></span> <span class='ocrx_word' id='word_1_53' title='bbox 1418 769 1491 808; x_wconf 81' lang='lat' dir='ltr'><strong>nono</strong></span> <span class='ocrx_word' id='word_1_54' title='bbox 1514 751 1551 808; x_wconf 82' lang='lat' dir='ltr'><strong>ad</strong></span> <span class='ocrx_word' id='word_1_55' title='bbox 1572 753 1688 808; x_wconf 66' lang='lat' dir='ltr'><strong>celatam</strong></span> <span class='ocrx_word' id='word_1_56' title='bbox 1700 751 1870 824; x_wconf 76' lang='lat' dir='ltr'><strong>provinciale</strong></span> <span class='ocrx_word' id='word_1_57' title='bbox 1904 751 1932 806; x_wconf 88' lang='lat' dir='ltr'><strong>Si</strong></span> 
     </span>
     <span class='ocr_line' id='line_1_6' title="bbox 265 817 1931 888; baseline 0 -14"><span class='ocrx_word' id='word_1_58' title='bbox 265 821 328 874; x_wconf 91' lang='lat' dir='ltr'><strong>dum</strong></span> <span class='ocrx_word' id='word_1_59' title='bbox 351 819 401 874; x_wconf 89' lang='lat' dir='ltr'><strong>erit</strong></span> <span class='ocrx_word' id='word_1_60' title='bbox 424 825 533 874; x_wconf 80' lang='lat' dir='ltr'><strong>senatis</strong></span> <span class='ocrx_word' id='word_1_61' title='bbox 556 819 671 874; x_wconf 85' lang='lat' dir='ltr'><strong>consulti</strong></span> <span class='ocrx_word' id='word_1_62' title='bbox 693 817 874 888; x_wconf 72' lang='lat' dir='ltr'><strong>exceptionem</strong></span> <span class='ocrx_word' id='word_1_63' title='bbox 897 821 922 876; x_wconf 94' lang='lat' dir='ltr'><strong>ei</strong></span> <span class='ocrx_word' id='word_1_64' title='bbox 939 819 1070 888; x_wconf 86' lang='lat' dir='ltr'><strong>denegan-</strong></span> <span class='ocrx_word' id='word_1_65' title='bbox 1122 819 1194 888; x_wconf 88' lang='lat' dir='ltr'><strong>quod</strong></span> <span class='ocrx_word' id='word_1_66' title='bbox 1217 821 1263 874; x_wconf 91' lang='lat' dir='ltr'><strong>alii</strong></span> <span class='ocrx_word' id='word_1_67' title='bbox 1285 825 1405 876; x_wconf 87' lang='lat' dir='ltr'><strong>motuum</strong></span> <span class='ocrx_word' id='word_1_68' title='bbox 1429 819 1548 876; x_wconf 77' lang='lat' dir='ltr'>dedimus</span> <span class='ocrx_word' id='word_1_69' title='bbox 1566 821 1654 874; x_wconf 83' lang='lat' dir='ltr'><strong>atilio</strong></span> <span class='ocrx_word' id='word_1_70' title='bbox 1678 819 1794 874; x_wconf 79' lang='lat' dir='ltr'><strong>familias</strong></span> <span class='ocrx_word' id='word_1_71' title='bbox 1817 819 1931 874; x_wconf 77' lang='lat' dir='ltr'><strong>nouandi</strong></span> 
     </span>
     <span class='ocr_line' id='line_1_7' title="bbox 266 887 1929 958; baseline -0.001 -16"><span class='ocrx_word' id='word_1_72' title='bbox 266 893 279 942; x_wconf 87' lang='lat' dir='ltr'><strong>t</strong></span> <span class='ocrx_word' id='word_1_73' title='bbox 316 889 378 942; x_wconf 88' lang='lat' dir='ltr'><strong>dam</strong></span> <span class='ocrx_word' id='word_1_74' title='bbox 399 901 484 956; x_wconf 86' lang='lat' dir='ltr'><strong>usque</strong></span> <span class='ocrx_word' id='word_1_75' title='bbox 506 889 541 942; x_wconf 90' lang='lat' dir='ltr'><strong>ad</strong></span> <span class='ocrx_word' id='word_1_76' title='bbox 557 887 674 958; x_wconf 83' lang='lat' dir='ltr'><strong>pignoris</strong></span> <span class='ocrx_word' id='word_1_77' title='bbox 692 887 873 958; x_wconf 78' lang='lat' dir='ltr'><strong>quantitatem.</strong></span> <span class='ocrx_word' id='word_1_78' title='bbox 909 889 937 942; x_wconf 89' lang='lat' dir='ltr'><strong>Si</strong></span> <span class='ocrx_word' id='word_1_79' title='bbox 960 887 993 940; x_wconf 86' lang='lat' dir='ltr'><strong>ab</strong></span> <span class='ocrx_word' id='word_1_80' title='bbox 1018 889 1070 942; x_wconf 90' lang='lat' dir='ltr'><strong>alio</strong></span> <span class='ocrx_word' id='word_1_81' title='bbox 1123 903 1205 942; x_wconf 88' lang='lat' dir='ltr'><strong>causa</strong></span> <span class='ocrx_word' id='word_1_82' title='bbox 1218 889 1381 958; x_wconf 88' lang='lat' dir='ltr'><strong>stipulemnr,</strong></span> <span class='ocrx_word' id='word_1_83' title='bbox 1400 905 1455 944; x_wconf 91' lang='lat' dir='ltr'><strong>non</strong></span> <span class='ocrx_word' id='word_1_84' title='bbox 1469 895 1527 942; x_wconf 87' lang='lat' dir='ltr'><strong>esse</strong></span> <span class='ocrx_word' id='word_1_85' title='bbox 1541 889 1727 958; x_wconf 85' lang='lat' dir='ltr'><strong>impedimento</strong></span> <span class='ocrx_word' id='word_1_86' title='bbox 1742 893 1853 944; x_wconf 88' lang='lat' dir='ltr'><strong>senatus</strong></span> <span class='ocrx_word' id='word_1_87' title='bbox 1867 903 1929 948; x_wconf 91' lang='lat' dir='ltr'><strong>con-</strong></span> 
     </span>
     <span class='ocr_line' id='line_1_8' title="bbox 266 955 1476 1024; baseline 0 -14"><span class='ocrx_word' id='word_1_88' title='bbox 266 955 391 1010; x_wconf 88' lang='lat' dir='ltr'><strong>donatam</strong></span> <span class='ocrx_word' id='word_1_89' title='bbox 415 955 465 1010; x_wconf 85' lang='lat' dir='ltr'><strong>sibi</strong></span> <span class='ocrx_word' id='word_1_90' title='bbox 488 957 629 1024; x_wconf 89' lang='lat' dir='ltr'><strong>pecuniam</strong></span> <span class='ocrx_word' id='word_1_91' title='bbox 650 955 721 1010; x_wconf 78' lang='lat' dir='ltr'><strong>filim</strong></span> <span class='ocrx_word' id='word_1_92' title='bbox 745 955 869 1012; x_wconf 88' lang='lat' dir='ltr'><strong>creditori</strong></span> <span class='ocrx_word' id='word_1_93' title='bbox 891 955 1011 1020; x_wconf 83' lang='lat' dir='ltr'><strong>solverit,</strong></span> <span class='ocrx_word' id='word_1_94' title='bbox 1035 971 1071 1010; x_wconf 91' lang='lat' dir='ltr'><strong>an</strong></span> <span class='ocrx_word' id='word_1_95' title='bbox 1122 955 1221 1010; x_wconf 89' lang='lat' dir='ltr'><strong>snitum</strong></span> <span class='ocrx_word' id='word_1_96' title='bbox 1238 957 1356 1012; x_wconf 87' lang='lat' dir='ltr'><strong>lulianus</strong></span> <span class='ocrx_word' id='word_1_97' title='bbox 1373 955 1476 1012; x_wconf 81' lang='lat' dir='ltr'><strong>scribit.</strong></span> 
     </span>
     <span class='ocr_line' id='line_1_9' title="bbox 264 1021 1931 1106; baseline 0 -28"><span class='ocrx_word' id='word_1_98' title='bbox 264 1027 348 1106; x_wconf 39' lang='lat' dir='ltr'><strong>pater·</strong></span> <span class='ocrx_word' id='word_1_99' title='bbox 362 1023 497 1078; x_wconf 73' lang='lat' dir='ltr'><strong>meditare</strong></span> <span class='ocrx_word' id='word_1_100' title='bbox 518 1025 697 1106; x_wconf 34' lang='lat' dir='ltr'><strong>vel&#39;repetere</strong></span> <span class='ocrx_word' id='word_1_101' title='bbox 713 1023 818 1092; x_wconf 83' lang='lat' dir='ltr'><strong>possit?</strong></span> <span class='ocrx_word' id='word_1_102' title='bbox 844 1031 870 1106; x_wconf 69' lang='lat' dir='ltr'><strong>pt</strong></span> <span class='ocrx_word' id='word_1_103' title='bbox 887 1023 925 1078; x_wconf 90' lang='lat' dir='ltr'><strong>ait</strong></span> <span class='ocrx_word' id='word_1_104' title='bbox 942 1023 1070 1102; x_wconf 81' lang='lat' dir='ltr'><strong>lulianus,</strong></span> <span class='ocrx_word' id='word_1_105' title='bbox 1159 1021 1197 1082; x_wconf 88' lang='grc'><strong>14</strong></span> <span class='ocrx_word' id='word_1_106' title='bbox 1213 1021 1357 1080; x_wconf 72' lang='lat' dir='ltr'><strong>luczanos</strong></span> <span class='ocrx_word' id='word_1_107' title='bbox 1376 1023 1446 1080; x_wconf 83' lang='lat' dir='ltr'><strong>libro</strong></span> <span class='ocrx_word' id='word_1_108' title='bbox 1463 1023 1809 1104; x_wconf 74' lang='lat' dir='ltr'><strong>duodecimodipestoram</strong></span> <span class='ocrx_word' id='word_1_109' title='bbox 1835 1023 1931 1078; x_wconf 84' lang='lat' dir='ltr'><strong>Filium</strong></span> 
     </span>
     <span class='ocr_line' id='line_1_10' title="bbox 265 1091 1931 1240; baseline 0 -26"><span class='ocrx_word' id='word_1_110' title='bbox 265 1091 809 1240; x_wconf 57' lang='lat' dir='ltr'><strong>{tttttttttititttstilti</strong></span> <span class='ocrx_word' id='word_1_111' title='bbox 823 1097 1072 1240; x_wconf 62' lang='grc'><strong>1111111111</strong></span> <span class='ocrx_word' id='word_1_112' title='bbox 1121 1091 1635 1240; x_wconf 54' lang='lat' dir='ltr'><strong>bismaittt’tttatttt,</strong></span> <span class='ocrx_word' id='word_1_113' title='bbox 1654 1091 1931 1216; x_wconf 58' lang='lat' dir='ltr'><strong>astitisset</strong></span> 
     </span>
     <span class='ocr_line' id='line_1_11' title="bbox 264 1225 1931 1294; baseline -0.001 -12"><span class='ocrx_word' id='word_1_114' title='bbox 264 1243 315 1282; x_wconf 87' lang='lat' dir='ltr'><strong>nus</strong></span> <span class='ocrx_word' id='word_1_115' title='bbox 338 1227 374 1282; x_wconf 90' lang='lat' dir='ltr'><strong>ad</strong></span> <span class='ocrx_word' id='word_1_116' title='bbox 399 1227 555 1282; x_wconf 86' lang='lat' dir='ltr'><strong>creditorem</strong></span> <span class='ocrx_word' id='word_1_117' title='bbox 578 1233 606 1282; x_wconf 90' lang='lat' dir='ltr'><strong>et</strong></span> <span class='ocrx_word' id='word_1_118' title='bbox 627 1225 686 1282; x_wconf 85' lang='lat' dir='ltr'><strong>ficu</strong></span> <span class='ocrx_word' id='word_1_119' title='bbox 707 1243 829 1284; x_wconf 83' lang='lat' dir='ltr'><strong>nummos</strong></span> <span class='ocrx_word' id='word_1_120' title='bbox 852 1227 1022 1294; x_wconf 75' lang='lat' dir='ltr'><strong>accipiente:</strong></span> <span class='ocrx_word' id='word_1_121' title='bbox 1048 1241 1072 1280; x_wconf 85' lang='lat' dir='ltr'><strong>sn</strong></span> <span class='ocrx_word' id='word_1_122' title='bbox 1122 1227 1272 1282; x_wconf 78' lang='lat' dir='ltr'><strong>constitum</strong></span> <span class='ocrx_word' id='word_1_123' title='bbox 1284 1227 1368 1282; x_wconf 88' lang='lat' dir='ltr'><strong>fieret.</strong></span> <span class='ocrx_word' id='word_1_124' title='bbox 1393 1227 1455 1292; x_wconf 78' lang='lat' dir='ltr'><strong>dixi,</strong></span> <span class='ocrx_word' id='word_1_125' title='bbox 1474 1227 1577 1282; x_wconf 89' lang='lat' dir='ltr'><strong>etiamsi</strong></span> <span class='ocrx_word' id='word_1_126' title='bbox 1590 1227 1677 1282; x_wconf 72' lang='lat' dir='ltr'><strong>ambis</strong></span> <span class='ocrx_word' id='word_1_127' title='bbox 1692 1231 1803 1282; x_wconf 87' lang='lat' dir='ltr'><strong>senatus</strong></span> <span class='ocrx_word' id='word_1_128' title='bbox 1819 1229 1931 1282; x_wconf 89' lang='lat' dir='ltr'><strong>consulti</strong></span> 
     </span>
     <span class='ocr_line' id='line_1_12' title="bbox 263 1293 1931 1364; baseline 0 -16"><span class='ocrx_word' id='word_1_129' title='bbox 263 1309 326 1348; x_wconf 80' lang='lat' dir='ltr'><strong>vero</strong></span> <span class='ocrx_word' id='word_1_130' title='bbox 343 1295 497 1364; x_wconf 62' lang='lat' dir='ltr'><strong>simpiciter</strong></span> <span class='ocrx_word' id='word_1_131' title='bbox 511 1295 536 1348; x_wconf 90' lang='lat' dir='ltr'><strong>ei</strong></span> <span class='ocrx_word' id='word_1_132' title='bbox 550 1293 666 1360; x_wconf 82' lang='lat' dir='ltr'><strong>donavit,</strong></span> <span class='ocrx_word' id='word_1_133' title='bbox 683 1297 869 1350; x_wconf 76' lang='lat' dir='ltr'><strong>alienationem</strong></span> <span class='ocrx_word' id='word_1_134' title='bbox 884 1309 975 1348; x_wconf 87' lang='lat' dir='ltr'><strong>eorum</strong></span> <span class='ocrx_word' id='word_1_135' title='bbox 988 1293 1072 1348; x_wconf 85' lang='lat' dir='ltr'><strong>filium</strong></span> <span class='ocrx_word' id='word_1_136' title='bbox 1121 1293 1169 1348; x_wconf 91' lang='lat' dir='ltr'><strong>filii</strong></span> <span class='ocrx_word' id='word_1_137' title='bbox 1187 1297 1394 1360; x_wconf 81' lang='lat' dir='ltr'><strong>continerentur,</strong></span> <span class='ocrx_word' id='word_1_138' title='bbox 1412 1299 1500 1348; x_wconf 68' lang='lat' dir='ltr'><strong>manen</strong></span> <span class='ocrx_word' id='word_1_139' title='bbox 1520 1299 1546 1348; x_wconf 91' lang='lat' dir='ltr'><strong>et</strong></span> <span class='ocrx_word' id='word_1_140' title='bbox 1562 1295 1590 1348; x_wconf 93' lang='lat' dir='ltr'><strong>in</strong></span> <span class='ocrx_word' id='word_1_141' title='bbox 1608 1309 1722 1364; x_wconf 88' lang='lat' dir='ltr'><strong>persona</strong></span> <span class='ocrx_word' id='word_1_142' title='bbox 1740 1295 1845 1364; x_wconf 89' lang='lat' dir='ltr'><strong>nepotis</strong></span> <span class='ocrx_word' id='word_1_143' title='bbox 1862 1295 1931 1348; x_wconf 87' lang='lat' dir='ltr'><strong>idem</strong></span> 
     </span>
     <span class='ocr_line' id='line_1_13' title="bbox 264 1359 1930 1432; baseline -0.002 -14"><span class='ocrx_word' id='word_1_144' title='bbox 264 1379 318 1418; x_wconf 88' lang='lat' dir='ltr'><strong>non</strong></span> <span class='ocrx_word' id='word_1_145' title='bbox 334 1363 459 1416; x_wconf 89' lang='lat' dir='ltr'><strong>habuisse</strong></span> <span class='ocrx_word' id='word_1_146' title='bbox 478 1367 504 1416; x_wconf 93' lang='lat' dir='ltr'><strong>et</strong></span> <span class='ocrx_word' id='word_1_147' title='bbox 520 1363 594 1426; x_wconf 92' lang='lat' dir='ltr'><strong>ideo,</strong></span> <span class='ocrx_word' id='word_1_148' title='bbox 612 1361 635 1416; x_wconf 91' lang='lat' dir='ltr'><strong>si</strong></span> <span class='ocrx_word' id='word_1_149' title='bbox 652 1363 772 1426; x_wconf 86' lang='lat' dir='ltr'><strong>solverit,</strong></span> <span class='ocrx_word' id='word_1_150' title='bbox 791 1359 984 1418; x_wconf 87' lang='lat' dir='ltr'><strong>condictionem</strong></span> <span class='ocrx_word' id='word_1_151' title='bbox 1001 1363 1072 1430; x_wconf 90' lang='lat' dir='ltr'><strong>patri</strong></span> <span class='ocrx_word' id='word_1_152' title='bbox 1121 1363 1221 1416; x_wconf 86' lang='lat' dir='ltr'><strong>servari</strong></span> <span class='ocrx_word' id='word_1_153' title='bbox 1244 1363 1355 1419; x_wconf 82' lang='lat' dir='ltr'><strong>debere:</strong></span> <span class='ocrx_word' id='word_1_154' title='bbox 1379 1363 1482 1416; x_wconf 89' lang='lat' dir='ltr'><strong>iussum</strong></span> <span class='ocrx_word' id='word_1_155' title='bbox 1499 1367 1589 1418; x_wconf 71' lang='lat' dir='ltr'><strong>summ</strong></span> <span class='ocrx_word' id='word_1_156' title='bbox 1604 1363 1683 1418; x_wconf 90' lang='lat' dir='ltr'><strong>huius</strong></span> <span class='ocrx_word' id='word_1_157' title='bbox 1700 1363 1785 1432; x_wconf 89' lang='lat' dir='ltr'><strong>patris</strong></span> <span class='ocrx_word' id='word_1_158' title='bbox 1802 1377 1857 1416; x_wconf 90' lang='lat' dir='ltr'><strong>non</strong></span> <span class='ocrx_word' id='word_1_159' title='bbox 1874 1363 1930 1418; x_wconf 82' lang='lat' dir='ltr'><strong>efii-</strong></span> 
     </span>
     <span class='ocr_line' id='line_1_14' title="bbox 264 1427 1931 1498; baseline 0 -14"><span class='ocrx_word' id='word_1_160' title='bbox 264 1433 279 1484; x_wconf 84' lang='lat'><strong>2</strong></span> <span class='ocrx_word' id='word_1_161' title='bbox 315 1445 348 1484; x_wconf 90' lang='lat' dir='ltr'><strong>ex</strong></span> <span class='ocrx_word' id='word_1_162' title='bbox 365 1431 435 1496; x_wconf 89' lang='lat' dir='ltr'><strong>omni</strong></span> <span class='ocrx_word' id='word_1_163' title='bbox 452 1435 547 1484; x_wconf 82' lang='lat' dir='ltr'><strong>creatu</strong></span> <span class='ocrx_word' id='word_1_164' title='bbox 566 1435 723 1498; x_wconf 88' lang='lat' dir='ltr'><strong>competere.</strong></span> <span class='ocrx_word' id='word_1_165' title='bbox 757 1427 816 1484; x_wconf 89' lang='lat' dir='ltr'><strong>Hoc</strong></span> <span class='ocrx_word' id='word_1_166' title='bbox 839 1433 945 1484; x_wconf 88' lang='lat' dir='ltr'><strong>senatus</strong></span> <span class='ocrx_word' id='word_1_167' title='bbox 964 1429 1071 1484; x_wconf 90' lang='lat' dir='ltr'><strong>consul-</strong></span> <span class='ocrx_word' id='word_1_168' title='bbox 1122 1445 1196 1494; x_wconf 90' lang='lat' dir='ltr'><strong>cere,</strong></span> <span class='ocrx_word' id='word_1_169' title='bbox 1219 1447 1272 1498; x_wconf 83' lang='lat' dir='ltr'><strong>qno</strong></span> <span class='ocrx_word' id='word_1_170' title='bbox 1289 1431 1377 1486; x_wconf 87' lang='lat' dir='ltr'><strong>minus</strong></span> <span class='ocrx_word' id='word_1_171' title='bbox 1395 1435 1490 1486; x_wconf 73' lang='lat' dir='ltr'><strong>conta</strong></span> <span class='ocrx_word' id='word_1_172' title='bbox 1507 1435 1616 1486; x_wconf 91' lang='lat' dir='ltr'><strong>senatus</strong></span> <span class='ocrx_word' id='word_1_173' title='bbox 1634 1429 1786 1484; x_wconf 73' lang='lat' dir='ltr'><strong>considium</strong></span> <span class='ocrx_word' id='word_1_174' title='bbox 1803 1429 1931 1484; x_wconf 86' lang='lat' dir='ltr'><strong>creditum</strong></span> 
     </span>
     <span class='ocr_line' id='line_1_15' title="bbox 265 1495 1931 1566; baseline 0 -14"><span class='ocrx_word' id='word_1_175' title='bbox 265 1503 321 1552; x_wconf 91' lang='lat' dir='ltr'><strong>tum</strong></span> <span class='ocrx_word' id='word_1_176' title='bbox 343 1503 372 1550; x_wconf 90' lang='lat' dir='ltr'><strong>et</strong></span> <span class='ocrx_word' id='word_1_177' title='bbox 393 1497 429 1552; x_wconf 89' lang='lat' dir='ltr'><strong>ad</strong></span> <span class='ocrx_word' id='word_1_178' title='bbox 452 1497 520 1552; x_wconf 84' lang='lat' dir='ltr'><strong>libas</strong></span> <span class='ocrx_word' id='word_1_179' title='bbox 555 1513 644 1566; x_wconf 87' lang='lat' dir='ltr'><strong>noque</strong></span> <span class='ocrx_word' id='word_1_180' title='bbox 659 1499 820 1554; x_wconf 87' lang='lat' dir='ltr'><strong>familiarum</strong></span> <span class='ocrx_word' id='word_1_181' title='bbox 837 1495 953 1564; x_wconf 86' lang='lat' dir='ltr'><strong>pertinet</strong></span> <span class='ocrx_word' id='word_1_182' title='bbox 969 1513 1020 1550; x_wconf 88' lang='lat' dir='ltr'><strong>neo</strong></span> <span class='ocrx_word' id='word_1_183' title='bbox 1037 1495 1073 1552; x_wconf 88' lang='lat' dir='ltr'><strong>ad</strong></span> <span class='ocrx_word' id='word_1_184' title='bbox 1123 1497 1330 1564; x_wconf 82' lang='lat' dir='ltr'><strong>existimaretur,</strong></span> <span class='ocrx_word' id='word_1_185' title='bbox 1354 1513 1414 1552; x_wconf 89' lang='lat' dir='ltr'><strong>cum</strong></span> <span class='ocrx_word' id='word_1_186' title='bbox 1433 1499 1535 1566; x_wconf 88' lang='lat' dir='ltr'><strong>ipsein</strong></span> <span class='ocrx_word' id='word_1_187' title='bbox 1553 1515 1585 1552; x_wconf 94' lang='lat' dir='ltr'><strong>ea</strong></span> <span class='ocrx_word' id='word_1_188' title='bbox 1604 1513 1685 1552; x_wconf 88' lang='lat' dir='ltr'><strong>causa</strong></span> <span class='ocrx_word' id='word_1_189' title='bbox 1702 1503 1786 1564; x_wconf 92' lang='lat' dir='ltr'><strong>essct,</strong></span> <span class='ocrx_word' id='word_1_190' title='bbox 1804 1501 1836 1552; x_wconf 87' lang='lat' dir='ltr'><strong>nt</strong></span> <span class='ocrx_word' id='word_1_191' title='bbox 1851 1513 1931 1566; x_wconf 88' lang='lat' dir='ltr'><strong>pecu·</strong></span> 
     </span>
     <span class='ocr_line' id='line_1_16' title="bbox 264 1513 1930 1642; baseline 0 -24"><span class='ocrx_word' id='word_1_192' title='bbox 264 1579 321 1618; x_wconf 86' lang='lat' dir='ltr'><strong>rcm</strong></span> <span class='ocrx_word' id='word_1_193' title='bbox 337 1567 459 1634; x_wconf 86' lang='lat' dir='ltr'><strong>pertinet,</strong></span> <span class='ocrx_word' id='word_1_194' title='bbox 478 1565 501 1618; x_wconf 90' lang='lat' dir='ltr'><strong>si</strong></span> <span class='ocrx_word' id='word_1_195' title='bbox 518 1513 672 1622; x_wconf 53' lang='lat' dir='ltr'><strong>affirmatur</strong></span> <span class='ocrx_word' id='word_1_196' title='bbox 689 1569 848 1642; x_wconf 79' lang='lat' dir='ltr'><strong>ornamenta</strong></span> <span class='ocrx_word' id='word_1_197' title='bbox 862 1579 895 1618; x_wconf 86' lang='lat' dir='ltr'><strong>ex</strong></span> <span class='ocrx_word' id='word_1_198' title='bbox 912 1579 946 1642; x_wconf 78' lang='lat' dir='ltr'><strong>ea</strong></span> <span class='ocrx_word' id='word_1_199' title='bbox 958 1565 1073 1642; x_wconf 84' lang='lat' dir='ltr'><strong>pecnnia</strong></span> <span class='ocrx_word' id='word_1_200' title='bbox 1122 1563 1193 1624; x_wconf 86' lang='lat' dir='ltr'><strong>niam</strong></span> <span class='ocrx_word' id='word_1_201' title='bbox 1214 1569 1334 1620; x_wconf 87' lang='lat' dir='ltr'><strong>mutuam</strong></span> <span class='ocrx_word' id='word_1_202' title='bbox 1355 1565 1437 1620; x_wconf 84' lang='lat' dir='ltr'><strong>inrito</strong></span> <span class='ocrx_word' id='word_1_203' title='bbox 1460 1571 1538 1634; x_wconf 88' lang='lat' dir='ltr'><strong>patre</strong></span> <span class='ocrx_word' id='word_1_204' title='bbox 1560 1583 1608 1622; x_wconf 91' lang='lat' dir='ltr'><strong>suo</strong></span> <span class='ocrx_word' id='word_1_205' title='bbox 1628 1567 1749 1634; x_wconf 88' lang='lat' dir='ltr'><strong>accipere</strong></span> <span class='ocrx_word' id='word_1_206' title='bbox 1766 1581 1821 1620; x_wconf 88' lang='lat' dir='ltr'><strong>non</strong></span> <span class='ocrx_word' id='word_1_207' title='bbox 1838 1567 1930 1634; x_wconf 87' lang='lat' dir='ltr'><strong>possit.</strong></span> 
     </span>
     <span class='ocr_line' id='line_1_17' title="bbox 265 1629 1932 1756; baseline 0 0"><span class='ocrx_word' id='word_1_208' title='bbox 265 1647 527 1756; x_wconf 59' lang='lat' dir='ltr'><strong>attestati</strong></span> <span class='ocrx_word' id='word_1_209' title='bbox 545 1631 1072 1756; x_wconf 61' lang='lat' dir='ltr'><strong>tristatiitittlttittt</strong></span> <span class='ocrx_word' id='word_1_210' title='bbox 1121 1629 1195 1754; x_wconf 72' lang='lat' dir='ltr'><strong>adil</strong></span> <span class='ocrx_word' id='word_1_211' title='bbox 1213 1631 1932 1756; x_wconf 61' lang='lat' dir='ltr'><strong>ititt‘&#39;tt‘&#39;ttsttmfttttttftftf</strong></span> 
     </span>
     <span class='ocr_line' id='line_1_18' title="bbox 264 1713 1932 1840; baseline 0.001 -18"><span class='ocrx_word' id='word_1_212' title='bbox 264 1769 387 1832; x_wconf 87' lang='lat' dir='ltr'><strong>interest,</strong></span> <span class='ocrx_word' id='word_1_213' title='bbox 412 1717 561 1838; x_wconf 50' lang='lat' dir='ltr'><strong>consumgti</strong></span> <span class='ocrx_word' id='word_1_214' title='bbox 584 1771 637 1824; x_wconf 92' lang='lat' dir='ltr'><strong>sint</strong></span> <span class='ocrx_word' id='word_1_215' title='bbox 654 1771 753 1826; x_wconf 89' lang='lat' dir='ltr'><strong>nummi</strong></span> <span class='ocrx_word' id='word_1_216' title='bbox 770 1783 806 1822; x_wconf 89' lang='lat' dir='ltr'><strong>an</strong></span> <span class='ocrx_word' id='word_1_217' title='bbox 823 1713 972 1822; x_wconf 68' lang='lat' dir='ltr'><strong>exstentgin</strong></span> <span class='ocrx_word' id='word_1_218' title='bbox 989 1783 1071 1836; x_wconf 84' lang='lat' dir='ltr'><strong>peon·</strong></span> <span class='ocrx_word' id='word_1_219' title='bbox 1121 1767 1240 1836; x_wconf 82' lang='lat' dir='ltr'><strong>privatus</strong></span> <span class='ocrx_word' id='word_1_220' title='bbox 1264 1783 1299 1822; x_wconf 89' lang='lat' dir='ltr'><strong>an</strong></span> <span class='ocrx_word' id='word_1_221' title='bbox 1322 1717 1430 1822; x_wconf 47' lang='lat' dir='ltr'><strong>diutiss:</strong></span> <span class='ocrx_word' id='word_1_222' title='bbox 1453 1783 1515 1822; x_wconf 89' lang='lat' dir='ltr'><strong>nam</strong></span> <span class='ocrx_word' id='word_1_223' title='bbox 1532 1769 1560 1822; x_wconf 90' lang='lat' dir='ltr'><strong>in</strong></span> <span class='ocrx_word' id='word_1_224' title='bbox 1578 1769 1684 1824; x_wconf 88' lang='lat' dir='ltr'><strong>civitate</strong></span> <span class='ocrx_word' id='word_1_225' title='bbox 1701 1741 1932 1840; x_wconf 73' lang='lat' dir='ltr'><strong>quoque’senatus</strong></span> 
     </span>
     <span class='ocr_line' id='line_1_19' title="bbox 263 1833 1929 1906; baseline 0.001 -16"><span class='ocrx_word' id='word_1_226' title='bbox 263 1837 308 1890; x_wconf 89' lang='lat' dir='ltr'><strong>lio.</strong></span> <span class='ocrx_word' id='word_1_227' title='bbox 342 1837 425 1892; x_wconf 91' lang='lat' dir='ltr'><strong>multo</strong></span> <span class='ocrx_word' id='word_1_228' title='bbox 448 1837 528 1906; x_wconf 84' lang='lat' dir='ltr'><strong>igitur</strong></span> <span class='ocrx_word' id='word_1_229' title='bbox 550 1837 633 1906; x_wconf 89' lang='lat' dir='ltr'><strong>magis</strong></span> <span class='ocrx_word' id='word_1_230' title='bbox 656 1837 795 1892; x_wconf 74' lang='lat' dir='ltr'><strong>seventate</strong></span> <span class='ocrx_word' id='word_1_231' title='bbox 820 1839 929 1888; x_wconf 82' lang='lat' dir='ltr'><strong>senatur</strong></span> <span class='ocrx_word' id='word_1_232' title='bbox 956 1833 1072 1888; x_wconf 80' lang='lat' dir='ltr'><strong>consrdti</strong></span> <span class='ocrx_word' id='word_1_233' title='bbox 1123 1835 1272 1890; x_wconf 90' lang='lat' dir='ltr'><strong>consultum</strong></span> <span class='ocrx_word' id='word_1_234' title='bbox 1294 1835 1383 1890; x_wconf 86' lang='lat' dir='ltr'><strong>locum</strong></span> <span class='ocrx_word' id='word_1_235' title='bbox 1406 1837 1506 1890; x_wconf 87' lang='lat' dir='ltr'><strong>babere</strong></span> <span class='ocrx_word' id='word_1_236' title='bbox 1529 1835 1581 1892; x_wconf 80' lang='lat' dir='ltr'><strong>diri</strong></span> <span class='ocrx_word' id='word_1_237' title='bbox 1604 1837 1716 1894; x_wconf 77' lang='lat' dir='ltr'><strong>Severus</strong></span> <span class='ocrx_word' id='word_1_238' title='bbox 1734 1843 1761 1894; x_wconf 87' lang='lat' dir='ltr'><strong>et</strong></span> <span class='ocrx_word' id='word_1_239' title='bbox 1777 1837 1929 1892; x_wconf 84' lang='lat' dir='ltr'><strong>Antoninus</strong></span> 
     </span>
     <span class='ocr_line' id='line_1_20' title="bbox 264 1901 1323 1974; baseline -0.002 -16"><span class='ocrx_word' id='word_1_240' title='bbox 264 1903 321 1958; x_wconf 70' lang='lat' dir='ltr'><strong>mus</strong></span> <span class='ocrx_word' id='word_1_241' title='bbox 338 1909 492 1960; x_wconf 80' lang='lat' dir='ltr'><strong>connectas</strong></span> <span class='ocrx_word' id='word_1_242' title='bbox 509 1905 711 1974; x_wconf 77' lang='lat' dir='ltr'><strong>improbabitur,</strong></span> <span class='ocrx_word' id='word_1_243' title='bbox 748 1903 776 1956; x_wconf 90' lang='lat' dir='ltr'><strong>ui</strong></span> <span class='ocrx_word' id='word_1_244' title='bbox 793 1901 995 1956; x_wconf 82' lang='lat' dir='ltr'><strong>filiasfamilias</strong></span> <span class='ocrx_word' id='word_1_245' title='bbox 1013 1917 1071 1954; x_wconf 90' lang='lat' dir='ltr'><strong>mu·</strong></span> <span class='ocrx_word' id='word_1_246' title='bbox 1121 1903 1323 1972; x_wconf 86' lang='lat' dir='ltr'><strong>rescripserunt.</strong></span> 
     </span>
     <span class='ocr_line' id='line_1_21' title="bbox 264 1965 1931 2040; baseline 0 -14"><span class='ocrx_word' id='word_1_247' title='bbox 264 1975 279 2026; x_wconf 84' lang='grc'>3</span> <span class='ocrx_word' id='word_1_248' title='bbox 314 1975 389 2024; x_wconf 85' lang='lat' dir='ltr'><strong>tuum</strong></span> <span class='ocrx_word' id='word_1_249' title='bbox 414 1971 492 2026; x_wconf 90' lang='lat' dir='ltr'><strong>dedit.</strong></span> <span class='ocrx_word' id='word_1_250' title='bbox 532 1973 594 2028; x_wconf 88' lang='lat' dir='ltr'><strong>Non</strong></span> <span class='ocrx_word' id='word_1_251' title='bbox 620 1971 705 2026; x_wconf 89' lang='lat' dir='ltr'><strong>solnm</strong></span> <span class='ocrx_word' id='word_1_252' title='bbox 760 1969 783 2022; x_wconf 90' lang='lat' dir='ltr'><strong>&#39;o</strong></span> <span class='ocrx_word' id='word_1_253' title='bbox 809 1969 921 2024; x_wconf 88' lang='lat' dir='ltr'><strong>familias</strong></span> <span class='ocrx_word' id='word_1_254' title='bbox 948 1975 976 2024; x_wconf 90' lang='lat' dir='ltr'><strong>et</strong></span> <span class='ocrx_word' id='word_1_255' title='bbox 1000 1969 1072 2038; x_wconf 90' lang='lat' dir='ltr'><strong>patri</strong></span> <span class='ocrx_word' id='word_1_256' title='bbox 1158 1965 1196 2026; x_wconf 84' lang='grc'><strong>16</strong></span> <span class='ocrx_word' id='word_1_257' title='bbox 1214 1969 1525 2040; x_wconf 74' lang='lat' dir='ltr'><strong>Pantvsllbroqaorto</strong></span> <span class='ocrx_word' id='word_1_258' title='bbox 1540 1987 1730 2040; x_wconf 67' lang='lat' dir='ltr'><strong>responsoriam</strong></span> <span class='ocrx_word' id='word_1_259' title='bbox 1766 1969 1794 2026; x_wconf 81' lang='lat' dir='ltr'><strong>si</strong></span> <span class='ocrx_word' id='word_1_260' title='bbox 1807 1969 1876 2026; x_wconf 78' lang='lat' dir='ltr'><strong>fidus</strong></span> <span class='ocrx_word' id='word_1_261' title='bbox 1891 1971 1931 2026; x_wconf 87' lang='lat' dir='ltr'><strong>fa-</strong></span> 
     </span>
     <span class='ocr_line' id='line_1_22' title="bbox 264 2035 1930 2108; baseline 0.001 -16"><span class='ocrx_word' id='word_1_262' title='bbox 264 2037 321 2092; x_wconf 89' lang='lat' dir='ltr'><strong>eius</strong></span> <span class='ocrx_word' id='word_1_263' title='bbox 333 2043 507 2106; x_wconf 85' lang='lat' dir='ltr'><strong>succurritur,</strong></span> <span class='ocrx_word' id='word_1_264' title='bbox 518 2055 612 2094; x_wconf 80' lang='lat' dir='ltr'><strong>vorum</strong></span> <span class='ocrx_word' id='word_1_265' title='bbox 628 2035 777 2092; x_wconf 89' lang='lat' dir='ltr'><strong>fideiussori</strong></span> <span class='ocrx_word' id='word_1_266' title='bbox 795 2051 900 2104; x_wconf 87' lang='lat' dir='ltr'><strong>quoquc</strong></span> <span class='ocrx_word' id='word_1_267' title='bbox 917 2041 944 2092; x_wconf 91' lang='lat' dir='ltr'><strong>et</strong></span> <span class='ocrx_word' id='word_1_268' title='bbox 960 2035 1071 2090; x_wconf 90' lang='lat' dir='ltr'><strong>manda·</strong></span> <span class='ocrx_word' id='word_1_269' title='bbox 1121 2037 1207 2092; x_wconf 80' lang='lat' dir='ltr'><strong>arilias</strong></span> <span class='ocrx_word' id='word_1_270' title='bbox 1224 2039 1335 2094; x_wconf 89' lang='lat' dir='ltr'><strong>absente</strong></span> <span class='ocrx_word' id='word_1_271' title='bbox 1352 2043 1442 2106; x_wconf 88' lang='lat' dir='ltr'><strong>patre,</strong></span> <span class='ocrx_word' id='word_1_272' title='bbox 1465 2037 1542 2106; x_wconf 88' lang='lat' dir='ltr'><strong>quasi</strong></span> <span class='ocrx_word' id='word_1_273' title='bbox 1567 2053 1600 2092; x_wconf 85' lang='lat' dir='ltr'><strong>ex</strong></span> <span class='ocrx_word' id='word_1_274' title='bbox 1622 2039 1746 2094; x_wconf 88' lang='lat' dir='ltr'><strong>mandato</strong></span> <span class='ocrx_word' id='word_1_275' title='bbox 1771 2039 1826 2094; x_wconf 72' lang='lat' dir='ltr'><strong>mus</strong></span> <span class='ocrx_word' id='word_1_276' title='bbox 1850 2055 1930 2108; x_wconf 88' lang='lat' dir='ltr'><strong>pecu·</strong></span> 
     </span>
     <span class='ocr_line' id='line_1_23' title="bbox 264 2103 1931 2176; baseline 0.001 -16"><span class='ocrx_word' id='word_1_277' title='bbox 264 2107 315 2160; x_wconf 89' lang='lat' dir='ltr'><strong>tori</strong></span> <span class='ocrx_word' id='word_1_278' title='bbox 332 2107 396 2170; x_wconf 88' lang='lat' dir='ltr'><strong>eius,</strong></span> <span class='ocrx_word' id='word_1_279' title='bbox 415 2107 459 2176; x_wconf 89' lang='lat' dir='ltr'><strong>qui</strong></span> <span class='ocrx_word' id='word_1_280' title='bbox 478 2113 504 2162; x_wconf 92' lang='lat' dir='ltr'><strong>et</strong></span> <span class='ocrx_word' id='word_1_281' title='bbox 519 2107 571 2176; x_wconf 91' lang='lat' dir='ltr'><strong>ipsi</strong></span> <span class='ocrx_word' id='word_1_282' title='bbox 587 2105 707 2160; x_wconf 87' lang='lat' dir='ltr'><strong>mandati</strong></span> <span class='ocrx_word' id='word_1_283' title='bbox 724 2103 823 2158; x_wconf 87' lang='lat' dir='ltr'><strong>babent</strong></span> <span class='ocrx_word' id='word_1_284' title='bbox 839 2119 1002 2174; x_wconf 85' lang='lat' dir='ltr'><strong>regressum,</strong></span> <span class='ocrx_word' id='word_1_285' title='bbox 1021 2103 1072 2164; x_wconf 85' lang='lat' dir='ltr'><strong>nisi</strong></span> <span class='ocrx_word' id='word_1_286' title='bbox 1121 2107 1193 2160; x_wconf 90' lang='lat' dir='ltr'><strong>niam</strong></span> <span class='ocrx_word' id='word_1_287' title='bbox 1211 2107 1352 2176; x_wconf 88' lang='lat' dir='ltr'><strong>acceperit,</strong></span> <span class='ocrx_word' id='word_1_288' title='bbox 1371 2107 1485 2160; x_wconf 89' lang='lat' dir='ltr'><strong>cavisset</strong></span> <span class='ocrx_word' id='word_1_289' title='bbox 1502 2113 1528 2162; x_wconf 90' lang='lat' dir='ltr'><strong>et</strong></span> <span class='ocrx_word' id='word_1_290' title='bbox 1546 2105 1581 2160; x_wconf 86' lang='lat' dir='ltr'><strong>ad</strong></span> <span class='ocrx_word' id='word_1_291' title='bbox 1598 2111 1700 2174; x_wconf 88' lang='lat' dir='ltr'><strong>patrem</strong></span> <span class='ocrx_word' id='word_1_292' title='bbox 1718 2107 1820 2160; x_wconf 87' lang='lat' dir='ltr'><strong>litteras</strong></span> <span class='ocrx_word' id='word_1_293' title='bbox 1839 2107 1931 2174; x_wconf 88' lang='lat' dir='ltr'><strong>emisit,</strong></span> 
     </span>
     <span class='ocr_line' id='line_1_24' title="bbox 263 2173 1931 2244; baseline 0.001 -16"><span class='ocrx_word' id='word_1_294' title='bbox 263 2173 333 2230; x_wconf 90' lang='lat' dir='ltr'><strong>forte</strong></span> <span class='ocrx_word' id='word_1_295' title='bbox 350 2175 467 2230; x_wconf 89' lang='lat' dir='ltr'><strong>donandi</strong></span> <span class='ocrx_word' id='word_1_296' title='bbox 485 2177 570 2230; x_wconf 89' lang='lat' dir='ltr'><strong>animo</strong></span> <span class='ocrx_word' id='word_1_297' title='bbox 588 2175 807 2230; x_wconf 72' lang='lat' dir='ltr'><strong>intercesseruntt</strong></span> <span class='ocrx_word' id='word_1_298' title='bbox 826 2177 891 2228; x_wconf 90' lang='lat' dir='ltr'><strong>tnnc</strong></span> <span class='ocrx_word' id='word_1_299' title='bbox 909 2173 992 2238; x_wconf 86' lang='lat' dir='ltr'><strong>enim,</strong></span> <span class='ocrx_word' id='word_1_300' title='bbox 1011 2189 1071 2228; x_wconf 90' lang='lat' dir='ltr'><strong>cum</strong></span> <span class='ocrx_word' id='word_1_301' title='bbox 1121 2179 1152 2228; x_wconf 88' lang='lat' dir='ltr'><strong>nt</strong></span> <span class='ocrx_word' id='word_1_302' title='bbox 1169 2189 1227 2228; x_wconf 90' lang='lat' dir='ltr'><strong>eam</strong></span> <span class='ocrx_word' id='word_1_303' title='bbox 1244 2173 1385 2244; x_wconf 72' lang='lat' dir='ltr'><strong>piscaniam</strong></span> <span class='ocrx_word' id='word_1_304' title='bbox 1401 2175 1430 2228; x_wconf 92' lang='lat' dir='ltr'><strong>in</strong></span> <span class='ocrx_word' id='word_1_305' title='bbox 1444 2173 1600 2242; x_wconf 76' lang='lat' dir='ltr'><strong>prouincia³</strong></span> <span class='ocrx_word' id='word_1_306' title='bbox 1617 2173 1736 2240; x_wconf 84' lang='lat' dir='ltr'><strong>solveret,</strong></span> <span class='ocrx_word' id='word_1_307' title='bbox 1754 2175 1836 2230; x_wconf 87' lang='lat' dir='ltr'><strong>debet</strong></span> <span class='ocrx_word' id='word_1_308' title='bbox 1848 2183 1931 2244; x_wconf 85' lang='lat' dir='ltr'><strong>pater,</strong></span> 
     </span>
     <span class='ocr_line' id='line_1_25' title="bbox 264 2241 1931 2314; baseline 0 -18"><span class='ocrx_word' id='word_1_309' title='bbox 264 2243 365 2296; x_wconf 91' lang='lat' dir='ltr'><strong>nullum</strong></span> <span class='ocrx_word' id='word_1_310' title='bbox 380 2257 527 2312; x_wconf 83' lang='lat' dir='ltr'><strong>regressum</strong></span> <span class='ocrx_word' id='word_1_311' title='bbox 545 2243 671 2306; x_wconf 88' lang='lat' dir='ltr'><strong>babeant,</strong></span> <span class='ocrx_word' id='word_1_312' title='bbox 688 2247 796 2296; x_wconf 88' lang='lat' dir='ltr'><strong>senatus</strong></span> <span class='ocrx_word' id='word_1_313' title='bbox 813 2241 966 2296; x_wconf 76' lang='lat' dir='ltr'><strong>considium</strong></span> <span class='ocrx_word' id='word_1_314' title='bbox 982 2241 1072 2296; x_wconf 89' lang='lat' dir='ltr'><strong>locum</strong></span> <span class='ocrx_word' id='word_1_315' title='bbox 1113 2243 1146 2296; x_wconf 86' lang='lat' dir='ltr'><strong>¹si</strong></span> <span class='ocrx_word' id='word_1_316' title='bbox 1154 2247 1244 2298; x_wconf 89' lang='lat' dir='ltr'><strong>actum</strong></span> <span class='ocrx_word' id='word_1_317' title='bbox 1252 2243 1299 2296; x_wconf 86' lang='lat' dir='ltr'><strong>filii</strong></span> <span class='ocrx_word' id='word_1_318' title='bbox 1313 2243 1355 2296; x_wconf 93' lang='lat' dir='ltr'><strong>sui</strong></span> <span class='ocrx_word' id='word_1_319' title='bbox 1368 2241 1509 2314; x_wconf 86' lang='lat' dir='ltr'><strong>improbat,</strong></span> <span class='ocrx_word' id='word_1_320' title='bbox 1525 2241 1652 2296; x_wconf 88' lang='lat' dir='ltr'><strong>continno</strong></span> <span class='ocrx_word' id='word_1_321' title='bbox 1667 2243 1837 2298; x_wconf 88' lang='lat' dir='ltr'><strong>testationem</strong></span> <span class='ocrx_word' id='word_1_322' title='bbox 1850 2245 1931 2298; x_wconf 82' lang='lat' dir='ltr'><strong>mter-</strong></span> 
     </span>
     <span class='ocr_line' id='line_1_26' title="bbox 265 2309 1560 2380; baseline 0 -16"><span class='ocrx_word' id='word_1_323' title='bbox 265 2327 319 2364; x_wconf 87' lang='lat' dir='ltr'><strong>noa</strong></span> <span class='ocrx_word' id='word_1_324' title='bbox 341 2311 457 2366; x_wconf 90' lang='lat' dir='ltr'><strong>habebit.</strong></span> <span class='ocrx_word' id='word_1_325' title='bbox 485 2311 531 2364; x_wconf 88' lang='lat' dir='ltr'><strong>sed</strong></span> <span class='ocrx_word' id='word_1_326' title='bbox 553 2317 581 2364; x_wconf 87' lang='lat' dir='ltr'><strong>et</strong></span> <span class='ocrx_word' id='word_1_327' title='bbox 605 2309 627 2364; x_wconf 91' lang='lat' dir='ltr'><strong>si</strong></span> <span class='ocrx_word' id='word_1_328' title='bbox 644 2325 698 2366; x_wconf 92' lang='lat' dir='ltr'><strong>non</strong></span> <span class='ocrx_word' id='word_1_329' title='bbox 721 2309 838 2364; x_wconf 90' lang='lat' dir='ltr'><strong>donandi</strong></span> <span class='ocrx_word' id='word_1_330' title='bbox 860 2309 963 2374; x_wconf 89' lang='lat' dir='ltr'><strong>animo,</strong></span> <span class='ocrx_word' id='word_1_331' title='bbox 986 2311 1071 2378; x_wconf 89' lang='lat' dir='ltr'><strong>patris</strong></span> <span class='ocrx_word' id='word_1_332' title='bbox 1122 2325 1221 2380; x_wconf 88' lang='lat' dir='ltr'><strong>ponere</strong></span> <span class='ocrx_word' id='word_1_333' title='bbox 1240 2311 1390 2366; x_wconf 89' lang='lat' dir='ltr'><strong>contrariae</strong></span> <span class='ocrx_word' id='word_1_334' title='bbox 1406 2311 1560 2366; x_wconf 83' lang='lat' dir='ltr'><strong>voluntatis.</strong></span> 
     </span>
     <span class='ocr_line' id='line_1_27' title="bbox 263 2375 1932 2444; baseline 0.001 -12"><span class='ocrx_word' id='word_1_335' title='bbox 263 2383 353 2434; x_wconf 75' lang='lat' dir='ltr'><strong>maren</strong></span> <span class='ocrx_word' id='word_1_336' title='bbox 374 2379 510 2434; x_wconf 83' lang='lat' dir='ltr'><strong>voluntate</strong></span> <span class='ocrx_word' id='word_1_337' title='bbox 533 2379 753 2444; x_wconf 88' lang='lat' dir='ltr'><strong>intercesserunt,</strong></span> <span class='ocrx_word' id='word_1_338' title='bbox 781 2383 853 2432; x_wconf 88' lang='lat' dir='ltr'><strong>totas</strong></span> <span class='ocrx_word' id='word_1_339' title='bbox 877 2383 1031 2432; x_wconf 87' lang='lat' dir='ltr'><strong>contractus</strong></span> <span class='ocrx_word' id='word_1_340' title='bbox 1054 2393 1072 2432; x_wconf 92' lang='lat' dir='ltr'><strong>a</strong></span> <span class='ocrx_word' id='word_1_341' title='bbox 1158 2375 1195 2436; x_wconf 85' lang='lat'><strong>17</strong></span> <span class='ocrx_word' id='word_1_342' title='bbox 1213 2377 1295 2434; x_wconf 79' lang='lat' dir='ltr'><strong>lanu</strong></span> <span class='ocrx_word' id='word_1_343' title='bbox 1308 2377 1376 2434; x_wconf 79' lang='lat' dir='ltr'><strong>libro</strong></span> <span class='ocrx_word' id='word_1_344' title='bbox 1393 2379 1511 2434; x_wconf 82' lang='lat' dir='ltr'><strong>secando</strong></span> <span class='ocrx_word' id='word_1_345' title='bbox 1529 2379 1719 2434; x_wconf 80' lang='lat' dir='ltr'><strong>sententiarum</strong></span> <span class='ocrx_word' id='word_1_346' title='bbox 1754 2377 1838 2434; x_wconf 84' lang='lat' dir='ltr'><strong>Filius</strong></span> <span class='ocrx_word' id='word_1_347' title='bbox 1855 2377 1932 2434; x_wconf 89' lang='lat' dir='ltr'><strong>fami·</strong></span> 
     </span>
     <span class='ocr_line' id='line_1_28' title="bbox 264 2443 1931 2516; baseline 0.001 -16"><span class='ocrx_word' id='word_1_348' title='bbox 264 2451 280 2500; x_wconf 85' lang='lat' dir='ltr'><strong>i</strong></span> <span class='ocrx_word' id='word_1_349' title='bbox 315 2453 392 2516; x_wconf 89' lang='lat' dir='ltr'><strong>patre</strong></span> <span class='ocrx_word' id='word_1_350' title='bbox 408 2447 539 2502; x_wconf 83' lang='lat' dir='ltr'><strong>ridebitur</strong></span> <span class='ocrx_word' id='word_1_351' title='bbox 556 2447 753 2512; x_wconf 89' lang='lat' dir='ltr'><strong>comprobatus.</strong></span> <span class='ocrx_word' id='word_1_352' title='bbox 788 2443 825 2498; x_wconf 84' lang='lat' dir='ltr'><strong>Et</strong></span> <span class='ocrx_word' id='word_1_353' title='bbox 847 2445 876 2500; x_wconf 90' lang='lat' dir='ltr'><strong>hi</strong></span> <span class='ocrx_word' id='word_1_354' title='bbox 897 2451 1002 2512; x_wconf 88' lang='lat' dir='ltr'><strong>tamen,</strong></span> <span class='ocrx_word' id='word_1_355' title='bbox 1025 2445 1072 2514; x_wconf 88' lang='lat' dir='ltr'><strong>qui</strong></span> <span class='ocrx_word' id='word_1_356' title='bbox 1121 2445 1170 2500; x_wconf 92' lang='lat' dir='ltr'><strong>lias</strong></span> <span class='ocrx_word' id='word_1_357' title='bbox 1188 2447 1212 2500; x_wconf 92' lang='lat' dir='ltr'><strong>si</strong></span> <span class='ocrx_word' id='word_1_358' title='bbox 1227 2447 1257 2500; x_wconf 89' lang='lat' dir='ltr'><strong>in</strong></span> <span class='ocrx_word' id='word_1_359' title='bbox 1272 2445 1301 2500; x_wconf 92' lang='lat' dir='ltr'><strong>id</strong></span> <span class='ocrx_word' id='word_1_360' title='bbox 1317 2447 1452 2516; x_wconf 87' lang='lat' dir='ltr'><strong>acceperit</strong></span> <span class='ocrx_word' id='word_1_361' title='bbox 1465 2451 1585 2500; x_wconf 87' lang='lat' dir='ltr'><strong>mutuam</strong></span> <span class='ocrx_word' id='word_1_362' title='bbox 1599 2445 1747 2516; x_wconf 84' lang='lat' dir='ltr'><strong>pecuniam,</strong></span> <span class='ocrx_word' id='word_1_363' title='bbox 1766 2451 1797 2500; x_wconf 89' lang='lat' dir='ltr'><strong>ut</strong></span> <span class='ocrx_word' id='word_1_364' title='bbox 1811 2461 1869 2500; x_wconf 90' lang='lat' dir='ltr'><strong>eam</strong></span> <span class='ocrx_word' id='word_1_365' title='bbox 1883 2465 1931 2516; x_wconf 91' lang='lat' dir='ltr'><strong>pro</strong></span> 
     </span>
     <span class='ocr_line' id='line_1_29' title="bbox 257 2513 1932 2584; baseline 0.002 -18"><span class='ocrx_word' id='word_1_366' title='bbox 257 2515 387 2584; x_wconf 86' lang='lat' dir='ltr'><strong>profilia</strong></span> <span class='ocrx_word' id='word_1_367' title='bbox 410 2513 524 2568; x_wconf 84' lang='lat' dir='ltr'><strong>familias</strong></span> <span class='ocrx_word' id='word_1_368' title='bbox 542 2513 599 2568; x_wconf 91' lang='lat' dir='ltr'><strong>sine</strong></span> <span class='ocrx_word' id='word_1_369' title='bbox 615 2513 750 2570; x_wconf 80' lang='lat' dir='ltr'><strong>voluntate</strong></span> <span class='ocrx_word' id='word_1_370' title='bbox 768 2515 852 2582; x_wconf 85' lang='lat' dir='ltr'><strong>patris</strong></span> <span class='ocrx_word' id='word_1_371' title='bbox 869 2515 925 2568; x_wconf 91' lang='lat' dir='ltr'><strong>eius</strong></span> <span class='ocrx_word' id='word_1_372' title='bbox 944 2515 1071 2568; x_wconf 88' lang='lat' dir='ltr'><strong>interces-</strong></span> <span class='ocrx_word' id='word_1_373' title='bbox 1122 2529 1214 2568; x_wconf 86' lang='lat' dir='ltr'><strong>sorore</strong></span> <span class='ocrx_word' id='word_1_374' title='bbox 1238 2529 1288 2570; x_wconf 90' lang='lat' dir='ltr'><strong>sua</strong></span> <span class='ocrx_word' id='word_1_375' title='bbox 1310 2515 1339 2568; x_wconf 88' lang='lat' dir='ltr'><strong>in</strong></span> <span class='ocrx_word' id='word_1_376' title='bbox 1362 2515 1452 2570; x_wconf 89' lang='lat' dir='ltr'><strong>dotem</strong></span> <span class='ocrx_word' id='word_1_377' title='bbox 1478 2515 1566 2580; x_wconf 89' lang='lat' dir='ltr'><strong>daret,</strong></span> <span class='ocrx_word' id='word_1_378' title='bbox 1592 2521 1670 2584; x_wconf 88' lang='lat' dir='ltr'><strong>poter</strong></span> <span class='ocrx_word' id='word_1_379' title='bbox 1688 2515 1745 2570; x_wconf 86' lang='lat' dir='ltr'><strong>eins</strong></span> <span class='ocrx_word' id='word_1_380' title='bbox 1769 2515 1803 2570; x_wconf 90' lang='lat' dir='ltr'><strong>de</strong></span> <span class='ocrx_word' id='word_1_381' title='bbox 1825 2515 1854 2568; x_wconf 91' lang='lat' dir='ltr'><strong>in</strong></span> <span class='ocrx_word' id='word_1_382' title='bbox 1876 2533 1932 2572; x_wconf 89' lang='lat' dir='ltr'><strong>rem</strong></span> 
     </span>
     <span class='ocr_line' id='line_1_30' title="bbox 263 2581 1932 2650; baseline 0.001 -14"><span class='ocrx_word' id='word_1_383' title='bbox 263 2587 368 2646; x_wconf 87' lang='lat' dir='ltr'><strong>serunt,</strong></span> <span class='ocrx_word' id='word_1_384' title='bbox 394 2581 519 2636; x_wconf 83' lang='lat' dir='ltr'><strong>solvendo</strong></span> <span class='ocrx_word' id='word_1_385' title='bbox 544 2597 597 2636; x_wconf 91' lang='lat' dir='ltr'><strong>non</strong></span> <span class='ocrx_word' id='word_1_386' title='bbox 620 2587 753 2650; x_wconf 86' lang='lat' dir='ltr'><strong>repetent:</strong></span> <span class='ocrx_word' id='word_1_387' title='bbox 779 2581 831 2634; x_wconf 88' lang='lat' dir='ltr'><strong>hoc</strong></span> <span class='ocrx_word' id='word_1_388' title='bbox 854 2581 922 2636; x_wconf 89' lang='lat' dir='ltr'><strong>enim</strong></span> <span class='ocrx_word' id='word_1_389' title='bbox 947 2587 973 2638; x_wconf 86' lang='lat' dir='ltr'><strong>et</strong></span> <span class='ocrx_word' id='word_1_390' title='bbox 996 2581 1071 2636; x_wconf 85' lang='lat' dir='ltr'><strong>divus</strong></span> <span class='ocrx_word' id='word_1_391' title='bbox 1121 2597 1197 2636; x_wconf 81' lang='lat' dir='ltr'><strong>verso</strong></span> <span class='ocrx_word' id='word_1_392' title='bbox 1215 2581 1321 2636; x_wconf 73' lang='lat' dir='ltr'><strong>actone</strong></span> <span class='ocrx_word' id='word_1_393' title='bbox 1337 2583 1485 2638; x_wconf 87' lang='lat' dir='ltr'><strong>tenebitur:</strong></span> <span class='ocrx_word' id='word_1_394' title='bbox 1508 2583 1561 2650; x_wconf 90' lang='lat' dir='ltr'><strong>ipsi</strong></span> <span class='ocrx_word' id='word_1_395' title='bbox 1576 2583 1653 2638; x_wconf 84' lang='lat' dir='ltr'><strong>&#39;enim</strong></span> <span class='ocrx_word' id='word_1_396' title='bbox 1675 2589 1782 2638; x_wconf 88' lang='lat' dir='ltr'><strong>mortua</strong></span> <span class='ocrx_word' id='word_1_397' title='bbox 1796 2581 1826 2636; x_wconf 90' lang='lat' dir='ltr'><strong>in</strong></span> <span class='ocrx_word' id='word_1_398' title='bbox 1842 2585 1932 2638; x_wconf 89' lang='lat' dir='ltr'><strong>matri·</strong></span> 
     </span>
     <span class='ocr_line' id='line_1_31' title="bbox 263 2647 1719 2720; baseline -0.002 -16"><span class='ocrx_word' id='word_1_399' title='bbox 263 2649 414 2704; x_wconf 82' lang='lat' dir='ltr'><strong>Hadrianus</strong></span> <span class='ocrx_word' id='word_1_400' title='bbox 438 2647 575 2704; x_wconf 90' lang='lat' dir='ltr'><strong>constituit</strong></span> <span class='ocrx_word' id='word_1_401' title='bbox 598 2653 625 2704; x_wconf 87' lang='lat' dir='ltr'><strong>et</strong></span> <span class='ocrx_word' id='word_1_402' title='bbox 645 2653 735 2718; x_wconf 90' lang='lat' dir='ltr'><strong>potest</strong></span> <span class='ocrx_word' id='word_1_403' title='bbox 757 2647 808 2704; x_wconf 90' lang='lat' dir='ltr'><strong>dici</strong></span> <span class='ocrx_word' id='word_1_404' title='bbox 830 2665 885 2704; x_wconf 87' lang='lat' dir='ltr'><strong>non</strong></span> <span class='ocrx_word' id='word_1_405' title='bbox 901 2651 1070 2720; x_wconf 84' lang='lat' dir='ltr'><strong>repetituros.</strong></span> <span class='ocrx_word' id='word_1_406' title='bbox 1122 2649 1210 2704; x_wconf 88' lang='lat' dir='ltr'><strong>monio</strong></span> <span class='ocrx_word' id='word_1_407' title='bbox 1247 2649 1317 2704; x_wconf 81' lang='lat' dir='ltr'><strong>neda</strong></span> <span class='ocrx_word' id='word_1_408' title='bbox 1333 2649 1455 2718; x_wconf 85' lang='lat' dir='ltr'><strong>repetitio</strong></span> <span class='ocrx_word' id='word_1_409' title='bbox 1473 2649 1542 2704; x_wconf 88' lang='lat' dir='ltr'><strong>dotis</strong></span> <span class='ocrx_word' id='word_1_410' title='bbox 1561 2651 1647 2704; x_wconf 88' lang='lat' dir='ltr'><strong>datur.</strong></span> <span class='ocrx_word' id='word_1_411' title='bbox 1718 2697 1719 2700; x_wconf 73' lang='grc'>,</span> 
     </span>
     <span class='ocr_line' id='line_1_32' title="bbox 263 2713 1933 2842; baseline 0.003 -4"><span class='ocrx_word' id='word_1_412' title='bbox 263 2717 687 2842; x_wconf 46' lang='lat' dir='ltr'><strong>beennatensi</strong></span> <span class='ocrx_word' id='word_1_413' title='bbox 712 2717 770 2840; x_wconf 74' lang='lat' dir='ltr'><strong>tiii</strong></span> <span class='ocrx_word' id='word_1_414' title='bbox 787 2719 936 2842; x_wconf 57' lang='lat' dir='ltr'><strong>iiiiii</strong></span> <span class='ocrx_word' id='word_1_415' title='bbox 954 2719 1072 2842; x_wconf 71' lang='lat' dir='ltr'><strong>att</strong></span> <span class='ocrx_word' id='word_1_416' title='bbox 1123 2713 1233 2842; x_wconf 65' lang='lat' dir='ltr'><strong>adia</strong></span> <span class='ocrx_word' id='word_1_417' title='bbox 1246 2717 1933 2842; x_wconf 67' lang='lat' dir='ltr'><strong>aittttfttttttstttbtftait</strong></span> 
     </span>
     <span class='ocr_line' id='line_1_33' title="bbox 263 2803 1933 2928; baseline 0 -20"><span class='ocrx_word' id='word_1_418' title='bbox 263 2867 317 2908; x_wconf 90' lang='lat' dir='ltr'><strong>non</strong></span> <span class='ocrx_word' id='word_1_419' title='bbox 334 2825 472 2922; x_wconf 54' lang='lat' dir='ltr'><strong>depetunt,</strong></span> <span class='ocrx_word' id='word_1_420' title='bbox 496 2855 542 2924; x_wconf 90' lang='lat' dir='ltr'><strong>qui</strong></span> <span class='ocrx_word' id='word_1_421' title='bbox 559 2855 593 2908; x_wconf 92' lang='lat' dir='ltr'><strong>ob</strong></span> <span class='ocrx_word' id='word_1_422' title='bbox 610 2803 726 2922; x_wconf 59' lang='grc' dir='ltr'><strong>1106ιέ11</strong></span> <span class='ocrx_word' id='word_1_423' title='bbox 743 2853 900 2910; x_wconf 88' lang='lat' dir='ltr'><strong>creditorum</strong></span> <span class='ocrx_word' id='word_1_424' title='bbox 917 2855 1023 2908; x_wconf 73' lang='lat' dir='ltr'><strong>actone</strong></span> <span class='ocrx_word' id='word_1_425' title='bbox 1039 2853 1070 2908; x_wconf 91' lang='lat' dir='ltr'><strong>li-</strong></span> <span class='ocrx_word' id='word_1_426' title='bbox 1114 2869 1176 2928; x_wconf 80' lang='grc' dir='ltr'><strong>Ιιιιιιι</strong></span> <span class='ocrx_word' id='word_1_427' title='bbox 1194 2869 1273 2924; x_wconf 90' lang='lat' dir='ltr'><strong>posse</strong></span> <span class='ocrx_word' id='word_1_428' title='bbox 1289 2855 1407 2908; x_wconf 89' lang='lat' dir='ltr'><strong>Iulianus</strong></span> <span class='ocrx_word' id='word_1_429' title='bbox 1427 2855 1531 2918; x_wconf 85' lang='lat' dir='ltr'><strong>scribit,</strong></span> <span class='ocrx_word' id='word_1_430' title='bbox 1556 2855 1619 2922; x_wconf 88' lang='lat' dir='ltr'><strong>quia</strong></span> <span class='ocrx_word' id='word_1_431' title='bbox 1641 2855 1716 2910; x_wconf 88' lang='lat' dir='ltr'><strong>nulla</strong></span> <span class='ocrx_word' id='word_1_432' title='bbox 1740 2803 1933 2922; x_wconf 69' lang='lat' dir='ltr'><strong>obligatiopaut</strong></span> 
     </span>
     <span class='ocr_line' id='line_1_34' title="bbox 263 2921 1931 3004; baseline 0 -28"><span class='ocrx_word' id='word_1_433' title='bbox 263 2923 404 2986; x_wconf 78' lang='lat' dir='ltr'><strong>benemar,</strong></span> <span class='ocrx_word' id='word_1_434' title='bbox 431 2937 486 2978; x_wconf 90' lang='lat' dir='ltr'><strong>non</strong></span> <span class='ocrx_word' id='word_1_435' title='bbox 508 2923 651 2992; x_wconf 86' lang='lat' dir='ltr'><strong>quoniam¹</strong></span> <span class='ocrx_word' id='word_1_436' title='bbox 675 2937 817 2978; x_wconf 78' lang='lat' dir='ltr'><strong>exonerare</strong></span> <span class='ocrx_word' id='word_1_437' title='bbox 841 2937 886 2976; x_wconf 90' lang='lat' dir='ltr'><strong>eos</strong></span> <span class='ocrx_word' id='word_1_438' title='bbox 909 2921 954 2976; x_wconf 83' lang='lat' dir='ltr'><strong>lex</strong></span> <span class='ocrx_word' id='word_1_439' title='bbox 977 2923 1069 2980; x_wconf 82' lang='lat' dir='ltr'><strong>noluit.</strong></span> <span class='ocrx_word' id='word_1_440' title='bbox 1122 2923 1205 2976; x_wconf 79' lang='lat' dir='ltr'><strong>civilis</strong></span> <span class='ocrx_word' id='word_1_441' title='bbox 1223 2927 1271 2976; x_wconf 90' lang='lat' dir='ltr'><strong>aut</strong></span> <span class='ocrx_word' id='word_1_442' title='bbox 1286 2923 1417 2978; x_wconf 87' lang='lat' dir='ltr'><strong>naturalis</strong></span> <span class='ocrx_word' id='word_1_443' title='bbox 1436 2921 1564 3004; x_wconf 80' lang='lat' dir='ltr'><strong>supersit,</strong></span> <span class='ocrx_word' id='word_1_444' title='bbox 1589 2921 1632 2976; x_wconf 88' lang='lat' dir='ltr'><strong>cui</strong></span> <span class='ocrx_word' id='word_1_445' title='bbox 1655 2923 1797 2978; x_wconf 88' lang='lat' dir='ltr'><strong>fideiussor</strong></span> <span class='ocrx_word' id='word_1_446' title='bbox 1813 2923 1931 2976; x_wconf 89' lang='lat' dir='ltr'><strong>accedat:</strong></span> 
     </span>
     <span class='ocr_line' id='line_1_35' title="bbox 266 2989 1932 3064; baseline 0.001 -20"><span class='ocrx_word' id='word_1_447' title='bbox 266 2995 279 3044; x_wconf 80' lang='lat'>5</span> <span class='ocrx_word' id='word_1_448' title='bbox 317 2989 483 3056; x_wconf 77' lang='lat' dir='ltr'><strong>Quamquam</strong></span> <span class='ocrx_word' id='word_1_449' title='bbox 500 2991 589 3064; x_wconf 84' lang='lat' dir='ltr'><strong>sutem</strong></span> <span class='ocrx_word' id='word_1_450' title='bbox 608 2991 735 3046; x_wconf 81' lang='lat' dir='ltr'><strong>solvendo</strong></span> <span class='ocrx_word' id='word_1_451' title='bbox 752 3005 806 3044; x_wconf 90' lang='lat' dir='ltr'><strong>non</strong></span> <span class='ocrx_word' id='word_1_452' title='bbox 823 2991 972 3058; x_wconf 76' lang='lat' dir='ltr'><strong>repetant2,</strong></span> <span class='ocrx_word' id='word_1_453' title='bbox 1121 2991 1202 3060; x_wconf 90' lang='lat' dir='ltr'><strong>plane</strong></span> <span class='ocrx_word' id='word_1_454' title='bbox 1219 3007 1236 3046; x_wconf 91' lang='lat' dir='ltr'><strong>a</strong></span> <span class='ocrx_word' id='word_1_455' title='bbox 1253 2995 1329 3062; x_wconf 89' lang='lat' dir='ltr'><strong>patre</strong></span> <span class='ocrx_word' id='word_1_456' title='bbox 1346 2991 1403 3046; x_wconf 89' lang='lat' dir='ltr'><strong>eius</strong></span> <span class='ocrx_word' id='word_1_457' title='bbox 1421 2991 1533 3046; x_wconf 83' lang='lat' dir='ltr'><strong>actonis</strong></span> <span class='ocrx_word' id='word_1_458' title='bbox 1550 2991 1668 3058; x_wconf 89' lang='lat' dir='ltr'><strong>nomine,</strong></span> <span class='ocrx_word' id='word_1_459' title='bbox 1693 3007 1761 3060; x_wconf 86' lang='lat' dir='ltr'><strong>quae</strong></span> <span class='ocrx_word' id='word_1_460' title='bbox 1780 2989 1812 3046; x_wconf 92' lang='lat' dir='ltr'><strong>de</strong></span> <span class='ocrx_word' id='word_1_461' title='bbox 1829 2991 1932 3060; x_wconf 84' lang='lat' dir='ltr'><strong>peculio</strong></span> 
     </span>
     <span class='ocr_line' id='line_1_36' title="bbox 299 3055 1888 3130; baseline -0.001 -16"><span class='ocrx_word' id='word_1_462' title='bbox 299 3055 337 3116; x_wconf 89' lang='lat'><strong>10</strong></span> <span class='ocrx_word' id='word_1_463' title='bbox 355 3055 474 3114; x_wconf 69' lang='lat' dir='ltr'><strong>Pennus</strong></span> <span class='ocrx_word' id='word_1_464' title='bbox 489 3057 556 3114; x_wconf 85' lang='lat' dir='ltr'><strong>libro</strong></span> <span class='ocrx_word' id='word_1_465' title='bbox 575 3059 729 3130; x_wconf 68' lang='lat' dir='ltr'><strong>impensiora</strong></span> <span class='ocrx_word' id='word_1_466' title='bbox 746 3061 783 3114; x_wconf 85' lang='lat' dir='ltr'><strong>cd</strong></span> <span class='ocrx_word' id='word_1_467' title='bbox 799 3059 913 3114; x_wconf 80' lang='lat' dir='ltr'><strong>edictum</strong></span> <span class='ocrx_word' id='word_1_468' title='bbox 947 3059 1071 3130; x_wconf 87' lang='lat' dir='ltr'><strong>quiana·</strong></span> <span class='ocrx_word' id='word_1_469' title='bbox 1122 3059 1249 3114; x_wconf 83' lang='lat' dir='ltr'><strong>adversus</strong></span> <span class='ocrx_word' id='word_1_470' title='bbox 1268 3075 1327 3114; x_wconf 92' lang='lat' dir='ltr'><strong>eum</strong></span> <span class='ocrx_word' id='word_1_471' title='bbox 1345 3075 1404 3116; x_wconf 89' lang='lat' dir='ltr'><strong>com</strong></span> <span class='ocrx_word' id='word_1_472' title='bbox 1424 3063 1487 3124; x_wconf 86' lang='lat' dir='ltr'><strong>etat,</strong></span> <span class='ocrx_word' id='word_1_473' title='bbox 1504 3059 1687 3116; x_wconf 88' lang='lat' dir='ltr'><strong>fideiussorem</strong></span> <span class='ocrx_word' id='word_1_474' title='bbox 1703 3065 1777 3114; x_wconf 87' lang='lat' dir='ltr'><strong>reete</strong></span> <span class='ocrx_word' id='word_1_475' title='bbox 1794 3059 1888 3128; x_wconf 88' lang='lat' dir='ltr'><strong>accipi.</strong></span> 
     </span>
     <span class='ocr_line' id='line_1_37' title="bbox 262 3077 1933 3198; baseline 0 -16"><span class='ocrx_word' id='word_1_476' title='bbox 262 3127 357 3182; x_wconf 80' lang='lat' dir='ltr'><strong>trualis</strong></span> <span class='ocrx_word' id='word_1_477' title='bbox 374 3127 498 3196; x_wconf 86' lang='lat' dir='ltr'><strong>obligatio</strong></span> <span class='ocrx_word' id='word_1_478' title='bbox 515 3133 613 3194; x_wconf 90' lang='lat' dir='ltr'><strong>manet,</strong></span> <span class='ocrx_word' id='word_1_479' title='bbox 1159 3123 1197 3184; x_wconf 83' lang='lat'><strong>19</strong></span> <span class='ocrx_word' id='word_1_480' title='bbox 1215 3127 1387 3184; x_wconf 71' lang='lat' dir='ltr'><strong>Pomponius</strong></span> <span class='ocrx_word' id='word_1_481' title='bbox 1403 3077 1475 3184; x_wconf 74' lang='grc' dir='ltr'><strong>111ιο</strong></span> <span class='ocrx_word' id='word_1_482' title='bbox 1492 3129 1605 3198; x_wconf 83' lang='lat' dir='ltr'><strong>septimo</strong></span> <span class='ocrx_word' id='word_1_483' title='bbox 1622 3145 1660 3184; x_wconf 80' lang='lat' dir='ltr'><strong>cx</strong></span> <span class='ocrx_word' id='word_1_484' title='bbox 1676 3129 1760 3184; x_wconf 80' lang='lat' dir='ltr'><strong>variis</strong></span> <span class='ocrx_word' id='word_1_485' title='bbox 1777 3127 1933 3184; x_wconf 73' lang='lat' dir='ltr'><strong>lectionibus</strong></span> 
     </span>
     <span class='ocr_line' id='line_1_38' title="bbox 300 3185 1932 3266; baseline -0.001 -14"><span class='ocrx_word' id='word_1_486' title='bbox 300 3193 335 3252; x_wconf 87' lang='lat'><strong>11</strong></span> <span class='ocrx_word' id='word_1_487' title='bbox 368 3185 511 3252; x_wconf 73' lang='lat' dir='ltr'><strong>Uarianos</strong></span> <span class='ocrx_word' id='word_1_488' title='bbox 535 3197 604 3252; x_wconf 85' lang='lat' dir='ltr'><strong>libro</strong></span> <span class='ocrx_word' id='word_1_489' title='bbox 629 3197 771 3252; x_wconf 68' lang='lat' dir='ltr'><strong>vintoniae</strong></span> <span class='ocrx_word' id='word_1_490' title='bbox 796 3211 868 3252; x_wconf 82' lang='lat' dir='ltr'><strong>nono</strong></span> <span class='ocrx_word' id='word_1_491' title='bbox 894 3193 932 3250; x_wconf 88' lang='lat' dir='ltr'><strong>cd</strong></span> <span class='ocrx_word' id='word_1_492' title='bbox 956 3193 1071 3250; x_wconf 81' lang='lat' dir='ltr'><strong>edictam</strong></span> <span class='ocrx_word' id='word_1_493' title='bbox 1121 3195 1241 3250; x_wconf 87' lang='lat' dir='ltr'><strong>Iulianus</strong></span> <span class='ocrx_word' id='word_1_494' title='bbox 1265 3197 1357 3252; x_wconf 72' lang='lat' dir='ltr'><strong>scabit</strong></span> <span class='ocrx_word' id='word_1_495' title='bbox 1380 3195 1562 3266; x_wconf 84' lang='lat' dir='ltr'><strong>exceptionem</strong></span> <span class='ocrx_word' id='word_1_496' title='bbox 1584 3201 1693 3250; x_wconf 83' lang='lat' dir='ltr'><strong>senatus</strong></span> <span class='ocrx_word' id='word_1_497' title='bbox 1712 3195 1827 3252; x_wconf 81' lang='lat' dir='ltr'><strong>oonsndti</strong></span> <span class='ocrx_word' id='word_1_498' title='bbox 1844 3195 1932 3250; x_wconf 87' lang='lat' dir='ltr'><strong>Mace·</strong></span> 
     </span>
     <span class='ocr_line' id='line_1_39' title="bbox 263 3261 1929 3334; baseline 0 -16"><span class='ocrx_word' id='word_1_499' title='bbox 263 3269 366 3330; x_wconf 87' lang='lat' dir='ltr'><strong>tamen,</strong></span> <span class='ocrx_word' id='word_1_500' title='bbox 390 3263 412 3318; x_wconf 89' lang='lat' dir='ltr'><strong>si</strong></span> <span class='ocrx_word' id='word_1_501' title='bbox 428 3281 483 3320; x_wconf 91' lang='lat' dir='ltr'><strong>non</strong></span> <span class='ocrx_word' id='word_1_502' title='bbox 500 3265 625 3334; x_wconf 87' lang='lat' dir='ltr'><strong>opposita</strong></span> <span class='ocrx_word' id='word_1_503' title='bbox 641 3265 796 3334; x_wconf 88' lang='lat' dir='ltr'><strong>exceptione</strong></span> <span class='ocrx_word' id='word_1_504' title='bbox 813 3261 983 3320; x_wconf 89' lang='lat' dir='ltr'><strong>condemnati</strong></span> <span class='ocrx_word' id='word_1_505' title='bbox 1000 3267 1071 3330; x_wconf 89' lang='lat' dir='ltr'><strong>sunt,</strong></span> <span class='ocrx_word' id='word_1_506' title='bbox 1123 3265 1231 3320; x_wconf 88' lang='lat' dir='ltr'><strong>doniani</strong></span> <span class='ocrx_word' id='word_1_507' title='bbox 1254 3265 1320 3318; x_wconf 93' lang='lat' dir='ltr'><strong>nulli</strong></span> <span class='ocrx_word' id='word_1_508' title='bbox 1343 3265 1466 3330; x_wconf 88' lang='lat' dir='ltr'><strong>obstare,</strong></span> <span class='ocrx_word' id='word_1_509' title='bbox 1490 3265 1540 3318; x_wconf 91' lang='lat' dir='ltr'><strong>nisi</strong></span> <span class='ocrx_word' id='word_1_510' title='bbox 1563 3265 1608 3334; x_wconf 89' lang='lat' dir='ltr'><strong>qni</strong></span> <span class='ocrx_word' id='word_1_511' title='bbox 1632 3265 1711 3320; x_wconf 87' lang='lat' dir='ltr'><strong>sciret</strong></span> <span class='ocrx_word' id='word_1_512' title='bbox 1734 3269 1782 3318; x_wconf 87' lang='lat' dir='ltr'><strong>out</strong></span> <span class='ocrx_word' id='word_1_513' title='bbox 1799 3265 1868 3318; x_wconf 86' lang='lat' dir='ltr'><strong>seire</strong></span> <span class='ocrx_word' id='word_1_514' title='bbox 1883 3281 1929 3334; x_wconf 91' lang='lat' dir='ltr'><strong>po·</strong></span> 
     </span>
     <span class='ocr_line' id='line_1_40' title="bbox 263 3331 1814 3404; baseline 0 -18"><span class='ocrx_word' id='word_1_515' title='bbox 263 3337 372 3388; x_wconf 87' lang='lat' dir='ltr'><strong>utentur</strong></span> <span class='ocrx_word' id='word_1_516' title='bbox 394 3337 501 3388; x_wconf 86' lang='lat' dir='ltr'><strong>senatus</strong></span> <span class='ocrx_word' id='word_1_517' title='bbox 525 3333 640 3388; x_wconf 89' lang='lat' dir='ltr'><strong>consulti</strong></span> <span class='ocrx_word' id='word_1_518' title='bbox 663 3333 830 3404; x_wconf 74' lang='lat' dir='ltr'><strong>exceptiones</strong></span> <span class='ocrx_word' id='word_1_519' title='bbox 854 3331 934 3388; x_wconf 90' lang='lat' dir='ltr'><strong>etita</strong></span> <span class='ocrx_word' id='word_1_520' title='bbox 951 3331 1072 3388; x_wconf 88' lang='lat' dir='ltr'><strong>Iulianus</strong></span> <span class='ocrx_word' id='word_1_521' title='bbox 1122 3333 1217 3388; x_wconf 90' lang='lat' dir='ltr'><strong>tuisset</strong></span> <span class='ocrx_word' id='word_1_522' title='bbox 1234 3331 1317 3388; x_wconf 88' lang='lat' dir='ltr'><strong>filium</strong></span> <span class='ocrx_word' id='word_1_523' title='bbox 1334 3331 1448 3388; x_wconf 88' lang='lat' dir='ltr'><strong>familias</strong></span> <span class='ocrx_word' id='word_1_524' title='bbox 1466 3349 1524 3388; x_wconf 87' lang='lat' dir='ltr'><strong>esse</strong></span> <span class='ocrx_word' id='word_1_525' title='bbox 1541 3347 1602 3388; x_wconf 89' lang='lat' dir='ltr'><strong>eum</strong></span> <span class='ocrx_word' id='word_1_526' title='bbox 1620 3333 1663 3388; x_wconf 88' lang='lat' dir='ltr'><strong>cni</strong></span> <span class='ocrx_word' id='word_1_527' title='bbox 1681 3331 1814 3388; x_wconf 88' lang='lat' dir='ltr'><strong>credebat.</strong></span> 
     </span>
     <span class='ocr_line' id='line_1_41' title="bbox 263 3397 1932 3472; baseline 0 -18"><span class='ocrx_word' id='word_1_528' title='bbox 263 3401 355 3456; x_wconf 86' lang='lat' dir='ltr'><strong>scribit</strong></span> <span class='ocrx_word' id='word_1_529' title='bbox 377 3401 405 3454; x_wconf 91' lang='lat' dir='ltr'><strong>in</strong></span> <span class='ocrx_word' id='word_1_530' title='bbox 426 3401 484 3470; x_wconf 89' lang='lat' dir='ltr'><strong>ipso</strong></span> <span class='ocrx_word' id='word_1_531' title='bbox 507 3399 561 3456; x_wconf 88' lang='lat' dir='ltr'><strong>filio</strong></span> <span class='ocrx_word' id='word_1_532' title='bbox 584 3401 698 3458; x_wconf 88' lang='lat' dir='ltr'><strong>familias</strong></span> <span class='ocrx_word' id='word_1_533' title='bbox 721 3403 840 3472; x_wconf 86' lang='lat' dir='ltr'><strong>exemplo</strong></span> <span class='ocrx_word' id='word_1_534' title='bbox 856 3401 973 3454; x_wconf 88' lang='lat' dir='ltr'><strong>mulieris</strong></span> <span class='ocrx_word' id='word_1_535' title='bbox 989 3399 1071 3454; x_wconf 89' lang='lat' dir='ltr'><strong>inter-</strong></span> <span class='ocrx_word' id='word_1_536' title='bbox 1157 3397 1197 3460; x_wconf 78' lang='lat'><strong>20</strong></span> <span class='ocrx_word' id='word_1_537' title='bbox 1215 3399 1295 3454; x_wconf 76' lang='lat' dir='ltr'><strong>Inna</strong></span> <span class='ocrx_word' id='word_1_538' title='bbox 1316 3401 1384 3456; x_wconf 82' lang='lat' dir='ltr'><strong>libro</strong></span> <span class='ocrx_word' id='word_1_539' title='bbox 1403 3403 1497 3472; x_wconf 80' lang='lat' dir='ltr'><strong>quinto</strong></span> <span class='ocrx_word' id='word_1_540' title='bbox 1514 3405 1623 3454; x_wconf 84' lang='lat' dir='ltr'><strong>senatus</strong></span> <span class='ocrx_word' id='word_1_541' title='bbox 1640 3401 1822 3456; x_wconf 81' lang='lat' dir='ltr'><strong>consultorum</strong></span> <span class='ocrx_word' id='word_1_542' title='bbox 1857 3399 1885 3454; x_wconf 83' lang='lat' dir='ltr'><strong>Si</strong></span> <span class='ocrx_word' id='word_1_543' title='bbox 1901 3399 1932 3466; x_wconf 91' lang='lat' dir='ltr'><strong>is,</strong></span> 
     </span>
     <span class='ocr_line' id='line_1_42' title="bbox 266 3467 1933 3538; baseline -0.001 -16"><span class='ocrx_word' id='word_1_544' title='bbox 266 3469 393 3524; x_wconf 88' lang='lat' dir='ltr'><strong>cedentis.</strong></span> <span class='ocrx_word' id='word_1_545' title='bbox 1124 3469 1179 3534; x_wconf 90' lang='lat' dir='ltr'><strong>cui,</strong></span> <span class='ocrx_word' id='word_1_546' title='bbox 1199 3469 1263 3522; x_wconf 88' lang='lat' dir='ltr'><strong>dmn</strong></span> <span class='ocrx_word' id='word_1_547' title='bbox 1279 3469 1307 3522; x_wconf 90' lang='lat' dir='ltr'><strong>in</strong></span> <span class='ocrx_word' id='word_1_548' title='bbox 1329 3473 1463 3538; x_wconf 89' lang='lat' dir='ltr'><strong>potestate</strong></span> <span class='ocrx_word' id='word_1_549' title='bbox 1485 3467 1569 3536; x_wconf 87' lang='lat' dir='ltr'><strong>patris</strong></span> <span class='ocrx_word' id='word_1_550' title='bbox 1594 3473 1677 3534; x_wconf 89' lang='lat' dir='ltr'><strong>esset,</strong></span> <span class='ocrx_word' id='word_1_551' title='bbox 1703 3473 1798 3522; x_wconf 89' lang='lat' dir='ltr'><strong>mutua</strong></span> <span class='ocrx_word' id='word_1_552' title='bbox 1819 3469 1933 3538; x_wconf 89' lang='lat' dir='ltr'><strong>pecunia</strong></span> 
     </span>
     <span class='ocr_line' id='line_1_43' title="bbox 300 3533 1933 3606; baseline -0.002 -12"><span class='ocrx_word' id='word_1_553' title='bbox 300 3533 338 3594; x_wconf 82' lang='lat'><strong>12</strong></span> <span class='ocrx_word' id='word_1_554' title='bbox 360 3535 476 3592; x_wconf 70' lang='lat' dir='ltr'><strong>Pennas</strong></span> <span class='ocrx_word' id='word_1_555' title='bbox 496 3535 564 3592; x_wconf 82' lang='lat' dir='ltr'><strong>libro</strong></span> <span class='ocrx_word' id='word_1_556' title='bbox 583 3537 621 3592; x_wconf 81' lang='lat' dir='ltr'><strong>tri</strong></span> <span class='ocrx_word' id='word_1_557' title='bbox 638 3539 739 3592; x_wconf 76' lang='lat' dir='ltr'><strong>sasima</strong></span> <span class='ocrx_word' id='word_1_558' title='bbox 756 3535 795 3590; x_wconf 85' lang='lat' dir='ltr'><strong>cd</strong></span> <span class='ocrx_word' id='word_1_559' title='bbox 809 3535 933 3592; x_wconf 65' lang='lat' dir='ltr'><strong>edictam*</strong></span> <span class='ocrx_word' id='word_1_560' title='bbox 959 3535 988 3590; x_wconf 86' lang='lat' dir='ltr'><strong>Si</strong></span> <span class='ocrx_word' id='word_1_561' title='bbox 1010 3539 1071 3588; x_wconf 80' lang='lat' dir='ltr'><strong>tan·</strong></span> <span class='ocrx_word' id='word_1_562' title='bbox 1124 3535 1187 3592; x_wconf 89' lang='lat' dir='ltr'><strong>data</strong></span> <span class='ocrx_word' id='word_1_563' title='bbox 1209 3535 1314 3604; x_wconf 90' lang='lat' dir='ltr'><strong>fuerat,</strong></span> <span class='ocrx_word' id='word_1_564' title='bbox 1338 3541 1417 3606; x_wconf 88' lang='lat' dir='ltr'><strong>pater</strong></span> <span class='ocrx_word' id='word_1_565' title='bbox 1439 3535 1554 3592; x_wconf 87' lang='lat' dir='ltr'><strong>familias</strong></span> <span class='ocrx_word' id='word_1_566' title='bbox 1577 3535 1667 3592; x_wconf 89' lang='lat' dir='ltr'><strong>factus</strong></span> <span class='ocrx_word' id='word_1_567' title='bbox 1690 3553 1739 3604; x_wconf 88' lang='lat' dir='ltr'><strong>per</strong></span> <span class='ocrx_word' id='word_1_568' title='bbox 1756 3535 1933 3606; x_wconf 86' lang='lat' dir='ltr'><strong>ignorantiam</strong></span> 
     </span>
     <span class='ocr_line' id='line_1_44' title="bbox 263 3603 1933 3728; baseline 0 -69"><span class='ocrx_word' id='word_1_569' title='bbox 263 3610 320 3660; x_wconf 93' lang='lat' dir='ltr'><strong>tum</strong></span> <span class='ocrx_word' id='word_1_570' title='bbox 342 3605 442 3662; x_wconf 88' lang='lat' dir='ltr'><strong>sciente</strong></span> <span class='ocrx_word' id='word_1_571' title='bbox 464 3609 541 3676; x_wconf 87' lang='lat' dir='ltr'><strong>patre</strong></span> <span class='ocrx_word' id='word_1_572' title='bbox 563 3621 608 3660; x_wconf 89' lang='lat' dir='ltr'><strong>cre</strong></span> <span class='ocrx_word' id='word_1_573' title='bbox 628 3607 692 3660; x_wconf 89' lang='lat' dir='ltr'><strong>&#39;tum</strong></span> <span class='ocrx_word' id='word_1_574' title='bbox 714 3603 750 3660; x_wconf 91' lang='lat' dir='ltr'><strong>sit</strong></span> <span class='ocrx_word' id='word_1_575' title='bbox 770 3603 840 3670; x_wconf 87' lang='lat' dir='ltr'><strong>filio,</strong></span> <span class='ocrx_word' id='word_1_576' title='bbox 866 3603 1005 3658; x_wconf 89' lang='lat' dir='ltr'><strong>dicendum</strong></span> <span class='ocrx_word' id='word_1_577' title='bbox 1032 3607 1074 3658; x_wconf 92' lang='lat' dir='ltr'><strong>est</strong></span> <span class='ocrx_word' id='word_1_578' title='bbox 1122 3603 1188 3662; x_wconf 89' lang='lat' dir='ltr'><strong>facti</strong></span> <span class='ocrx_word' id='word_1_579' title='bbox 1213 3607 1356 3662; x_wconf 83' lang='lat' dir='ltr'><strong>novatione</strong></span> <span class='ocrx_word' id='word_1_580' title='bbox 1377 3603 1452 3660; x_wconf 92' lang='lat' dir='ltr'><strong>facta</strong></span> <span class='ocrx_word' id='word_1_581' title='bbox 1474 3621 1533 3660; x_wconf 89' lang='lat' dir='ltr'><strong>eam</strong></span> <span class='ocrx_word' id='word_1_582' title='bbox 1555 3605 1695 3728; x_wconf 76' lang='lat' dir='ltr'><strong>pecuniam</strong></span> <span class='ocrx_word' id='word_1_583' title='bbox 1720 3605 1887 3686; x_wconf 78' lang='lat' dir='ltr'><strong>eispromisit,</strong></span> <span class='ocrx_word' id='word_1_584' title='bbox 1911 3605 1933 3660; x_wconf 92' lang='lat' dir='ltr'><strong>si</strong></span> 
     </span>
     <span class='ocr_line' id='line_1_45' title="bbox 263 3671 1931 3744; baseline -0.001 -14"><span class='ocrx_word' id='word_1_585' title='bbox 263 3691 370 3730; x_wconf 85' lang='lat' dir='ltr'><strong>cessare</strong></span> <span class='ocrx_word' id='word_1_586' title='bbox 387 3679 496 3730; x_wconf 84' lang='lat' dir='ltr'><strong>senatus</strong></span> <span class='ocrx_word' id='word_1_587' title='bbox 514 3673 673 3730; x_wconf 89' lang='lat' dir='ltr'><strong>consultum.</strong></span> <span class='ocrx_word' id='word_1_588' title='bbox 687 3693 690 3696; x_wconf 43' lang='lat'><strong>‘¹</strong></span> <span class='ocrx_word' id='word_1_589' title='bbox 700 3673 747 3730; x_wconf 91' lang='lat' dir='ltr'><strong>sed</strong></span> <span class='ocrx_word' id='word_1_590' title='bbox 764 3673 788 3728; x_wconf 89' lang='lat' dir='ltr'><strong>si</strong></span> <span class='ocrx_word' id='word_1_591' title='bbox 802 3673 911 3728; x_wconf 89' lang='lat' dir='ltr'><strong>iusserit</strong></span> <span class='ocrx_word' id='word_1_592' title='bbox 926 3679 1003 3742; x_wconf 88' lang='lat' dir='ltr'><strong>pater</strong></span> <span class='ocrx_word' id='word_1_593' title='bbox 1017 3671 1071 3728; x_wconf 88' lang='lat' dir='ltr'><strong>lilio</strong></span> <span class='ocrx_word' id='word_1_594' title='bbox 1123 3679 1230 3744; x_wconf 86' lang='lat' dir='ltr'><strong>petatur</strong></span> <span class='ocrx_word' id='word_1_595' title='bbox 1239 3689 1272 3730; x_wconf 88' lang='lat' dir='ltr'><strong>ex</strong></span> <span class='ocrx_word' id='word_1_596' title='bbox 1281 3673 1502 3742; x_wconf 82' lang='lat' dir='ltr'><strong>eastipulatione,</strong></span> <span class='ocrx_word' id='word_1_597' title='bbox 1516 3673 1545 3728; x_wconf 90' lang='lat' dir='ltr'><strong>in</strong></span> <span class='ocrx_word' id='word_1_598' title='bbox 1570 3679 1660 3728; x_wconf 86' lang='lat' dir='ltr'><strong>actum</strong></span> <span class='ocrx_word' id='word_1_599' title='bbox 1674 3673 1860 3742; x_wconf 86' lang='lat' dir='ltr'><strong>excipnendum</strong></span> <span class='ocrx_word' id='word_1_600' title='bbox 1874 3675 1931 3730; x_wconf 89' lang='lat' dir='ltr'><strong>erit.</strong></span> 
     </span>
    </p>
   </div>
   <div class='ocr_carea' id='block_1_3' title="bbox 245 3843 1929 3984">
    <p class='ocr_par' dir='ltr' id='par_1_3' title="bbox 245 3843 1929 3984">
     <span class='ocr_line' id='line_1_46' title="bbox 264 3843 1929 3914; baseline -0.002 -14"><span class='ocrx_word' id='word_1_601' title='bbox 264 3849 293 3910; x_wconf 76' lang='lat'><strong>(1)</strong></span> <span class='ocrx_word' id='word_1_602' title='bbox 312 3847 515 3912; x_wconf 85' lang='lat' dir='ltr'><strong>quiahidemum</strong></span> <span class='ocrx_word' id='word_1_603' title='bbox 524 3847 767 3914; x_wconf 81' lang='lat' dir='ltr'><strong>solutumrepetnnt,</strong></span> <span class='ocrx_word' id='word_1_604' title='bbox 784 3847 827 3910; x_wconf 84' lang='lat' dir='ltr'><strong>qui</strong></span> <span class='ocrx_word' id='word_1_605' title='bbox 842 3847 941 3896; x_wconf 85' lang='lat' dir='ltr'><strong>actione</strong></span> <span class='ocrx_word' id='word_1_606' title='bbox 956 3845 1065 3896; x_wconf 88' lang='lat' dir='ltr'><strong>liberan-</strong></span> <span class='ocrx_word' id='word_1_607' title='bbox 1116 3843 1299 3896; x_wconf 83' lang='lat' dir='ltr'><strong>scr.:similiter</strong></span> <span class='ocrx_word' id='word_1_608' title='bbox 1307 3843 1491 3912; x_wconf 53' lang='lat' dir='ltr'><strong>ementatum</strong></span> <span class='ocrx_word' id='word_1_609' title='bbox 1552 3847 1583 3910; x_wconf 73' lang='lat' dir='ltr'><strong>(a)</strong></span> <span class='ocrx_word' id='word_1_610' title='bbox 1602 3843 1766 3910; x_wconf 61' lang='lat' dir='ltr'><strong>repetente*</strong></span> <span class='ocrx_word' id='word_1_611' title='bbox 1822 3847 1854 3910; x_wconf 77' lang='lat' dir='ltr'><strong>(a)</strong></span> <span class='ocrx_word' id='word_1_612' title='bbox 1872 3861 1929 3910; x_wconf 84' lang='lat' dir='ltr'><strong>pro·</strong></span> 
     </span>
     <span class='ocr_line' id='line_1_47' title="bbox 245 3909 1273 3984; baseline -0.004 -18"><span class='ocrx_word' id='word_1_613' title='bbox 245 3931 247 3936; x_wconf 74' lang='grc'>’</span> <span class='ocrx_word' id='word_1_614' title='bbox 264 3921 313 3978; x_wconf 86' lang='lat' dir='ltr'><strong>tnr,</strong></span> <span class='ocrx_word' id='word_1_615' title='bbox 334 3917 453 3980; x_wconf 89' lang='lat' dir='ltr'><strong>qnoniam</strong></span> <span class='ocrx_word' id='word_1_616' title='bbox 473 3915 562 3976; x_wconf 81' lang='lat' dir='ltr'><strong>(deleto</strong></span> <span class='ocrx_word' id='word_1_617' title='bbox 575 3915 659 3984; x_wconf 79' lang='lat' dir='ltr'><strong>plasto</strong></span> <span class='ocrx_word' id='word_1_618' title='bbox 671 3929 723 3964; x_wconf 91' lang='lat' dir='ltr'><strong>non</strong></span> <span class='ocrx_word' id='word_1_619' title='bbox 738 3911 769 3964; x_wconf 91' lang='lat' dir='ltr'><strong>ob</strong></span> <span class='ocrx_word' id='word_1_620' title='bbox 785 3927 888 3978; x_wconf 89' lang='lat' dir='ltr'><strong>poenam</strong></span> <span class='ocrx_word' id='word_1_621' title='bbox 903 3913 1066 3978; x_wconf 81' lang='lat' dir='ltr'><strong>creditorum)</strong></span> <span class='ocrx_word' id='word_1_622' title='bbox 1118 3911 1230 3964; x_wconf 79' lang='lat' dir='ltr'><strong>vinciam</strong></span> <span class='ocrx_word' id='word_1_623' title='bbox 1241 3909 1273 3962; x_wconf 59' lang='grc' dir='ltr'><strong>ΡΙ</strong></span> 
     </span>
    </p>
   </div>
   <div class='ocr_carea' id='block_1_4' title="bbox 0 0 2191 6258">
    <p class='ocr_par' dir='ltr' id='par_1_4' title="bbox 0 0 2191 6258">
     <span class='ocr_line' id='line_1_48' title="bbox 0 0 2191 6258; baseline 0 0"><span class='ocrx_word' id='word_1_624' title='bbox 0 0 2191 6258; x_wconf 95' lang='lat' dir='ltr'><strong> </strong></span> 
     </span>
    </p>
   </div>
  </div>
 </body>
</html>
