4366 6258
260 373 365 422 PdCTIS

259 543 327 598 heres
343 551 444 608 petam:
464 553 495 592 ex
508 551 559 602 eo,
578 537 649 608 quod
666 539 790 606 pactum¹
808 537 870 600 erit,
895 535 969 610 pacti
986 553 1048 592 con-

259 609 321 666 venti
338 607 453 676 exceptio
471 605 590 676 aptauda
612 607 675 670 erit,
699 605 918 674 quemadmodum
939 605 965 660 si
986 621 1049 660 con·-

259 675 350 736 renerit
371 691 405 728 ne
420 673 531 728 fundum
566 679 665 728 eterem
681 679 708 726 et
724 689 801 728 usum
817 673 936 728 ductum
951 679 1049 742 petam,

258 751 300 802 ιιι
320 757 352 796 ιι
374 757 464 796 narem
481 691 662 796 esdri'ctumve
677 745 795 810 peterem
812 747 839 796 et
856 739 990 796 dissolutis
1007 741 1048 796 his

258 811 364 882 singulas
381 825 423 866 res
437 813 541 890 petam:
565 809 616 862 nisi
637 807 787 932 slppehliter
803 809 875 864 ahud
891 815 982 864 actum
999 817 1047 864 est.

258 889 271 940 9
302 881 327 934 si
343 877 507 948 acceptilatio
524 877 625 932 inutilis
656 877 700 942 ·'t,
718 877 801 932 tacita
817 877 943 948 pactione
959 877 987 932 id
1003 893 1048 932 ac·

259 957 285 1010 10
316 955 369 1002 turn
385 949 499 1012 videtur,
516 961 551 1000 ue
568 949 708 1014 peteretur.
744 945 840 1000 Servus
857 943 1049 1000 ιιιιιιιιιιιιιιιἱ

257 1015 338 1078 heredi
359 1021 420 1084 post
444 1015 549 1068 adituro
574 1015 729 1068 nominatim
770 1013 852 1068 aoisoi
874 1029 929 1066 uon
950 1019 1047 1082 potest,

257 1087 312 1158 qnia
327 1083 441 1138 nondum
456 1083 479 1136 is
497 1079 619 1136 ιιιιιιιιι
636 1081 684 1136 sit:
708 1095 737 1136 se
778 1081 801 1136 si
822 1081 1048 1150 incompactum

257 1157 402 1210 conventum
419 1149 519 1204 tactum
537 1149 580 1216 sit,
598 1149 688 1204 heredi
705 1147 808 1218 adquiri
824 1153 921 1218 potest

285 1217 321 1278 28
341 1219 430 1274 Gerus
455 1217 522 1272 libro
554 1217 648 1288 primo
674 1217 711 1272 cel
725 1219 839 1272 edictam
860 1217 1049 1288 prociacicie³

257 1291 345 1344 Contra
365 1287 428 1340 iuris
452 1285 534 1340 civilis
551 1285 656 1354 regulas
672 1291 753 1354 pacta
770 1289 901 1340 conventa
917 1289 977 1338 rata
994 1299 1048 1338 non

256 1357 388 1414 habenam:
411 1353 492 1410 veluti
514 1353 537 1408 si
561 1353 679 1422 pupillus
701 1353 758 1408 sine
773 1351 871 1408 tutoris
889 1353 1048 1408 auctoritate

255 1429 340 1498 pactus
357 1423 440 1474 sitne
457 1437 474 1476 a
497 1419 616 1475 debitore
639 1435 689 1476 suo
711 1425 825 1490 peteret,
852 1425 900 1474 aut
921 1435 956 1474 ne
977 1421 1048 1474 intra

255 1497 350 1548 ιιιιιιι
371 1493 473 1558 tempus
497 1489 579 1542 veluti
605 1487 813 1558 quinquennium
838 1491 954 1558 peteret:
986 1503 1047 1542 uam

254 1573 298 1616 nec
314 1555 375 1612 solvi
394 1555 417 1610 ei
439 1555 495 1610 sine
518 1555 615 1612 tutoris
637 1555 795 1610 auctoritate
817 1561 915 1626 potest.
950 1571 982 1610 ex
1007 1555 1047 1610 di·

254 1641 321 1682 eerso
339 1629 426 1678 autem
443 1623 465 1678 si
481 1625 597 1692 pupillus
615 1623 781 1692 paciscatur,
805 1639 840 1678 ne
863 1623 934 1694 quod
952 1625 1048 1678 debeat

254 1711 268 1748 a
288 1707 315 1746 se
335 1695 480 1760 peteretur,
503 1697 593 1744 ratum
616 1693 731 1746 habetur
746 1697 857 1760 pactum
875 1697 1046 1746 conventum:

254 1761 309 1828 quia
323 1759 453 1814 meliorem
470 1759 652 1814 condicionem
665 1773 741 1814 suam
754 1759 844 1814 facere
860 1761 884 1814 ei
899 1759 978 1816 etiam
991 1759 1047 1814 sine

255 1833 264 1880 1
296 1825 385 1880 tutoris
402 1827 561 1880 auctoritate
578 1843 733 1894 eoncessum
751 1831 799 1882 est.
835 1827 865 1880 Si
881 1831 990 1882 curator
1003 1827 1046 1880 fn·

253 1893 309 1948 riosi
325 1897 370 1946 aut
385 1893 487 1962 prodigi
503 1899 600 1962 pactus
617 1895 660 1960 sit,
678 1909 712 1948 ne
728 1893 861 1948 aiurioso
875 1899 923 1948 aut
935 1893 1045 1964 prodigo

252 1965 388 2030 peteretur,
412 1963 488 2028 longe
504 1961 570 2014 utile
588 1967 628 2014 est
646 1963 774 2014 curatoris
791 1963 877 2030 recipi
891 1963 1044 2030 pactiones:

253 2033 266 2080 2
296 2025 339 2080 sed
360 2043 412 2080 non
436 2033 537 2080 contra.
573 2029 602 2082 Si
624 2029 693 2082 filius
717 2034 764 2082 aut
782 2043 873 2082 servus
889 2035 985 2098 pactus
1003 2029 1044 2094 sit,

252 2109 282 2148 ne
296 2095 348 2162 ipse
363 2101 479 2162 peteret,
499 2095 594 2148 inutile
612 2101 653 2150 est
669 2101 786 2164 pactum.
813 2095 836 2150 si
859 2109 920 2150 uero
945 2095 973 2148 in
989 2111 1046 2150 rem

253 2161 315 2230 pacti
331 2165 398 2224 sunt,
416 2161 443 2212 id
461 2167 550 2216 estne
568 2177 600 2216 ea
614 2163 728 2230 pecunia
741 2167 885 2230 peteretur,
903 2165 942 2216 ita
956 2163 1044 2230 pactio

252 2243 332 2282 eorum
344 2233 400 2280 rata
414 2227 537 2282 habenda
552 2231 602 2282 erit
617 2229 742 2284 adversus
755 2235 860 2298 patrem
869 2227 1043 2296 dominumve,

251 2295 271 2348 si
292 2293 396 2350 liberam
419 2295 516 2364 peculii
540 2297 794 2350 administrationem
818 2297 938 2350 habeant
963 2301 990 2350 et
1013 2311 1045 2350 ea

251 2377 294 2426 res,
311 2361 342 2416 de
357 2377 409 2430 qna
425 2365 498 2430 pacti
515 2363 577 2428 siut,
594 2365 735 2434 peculiaris
754 2365 795 2418 sit.
824 2363 897 2432 quod
914 2369 941 2418 et
956 2365 966 2416 i
986 2379 1044 2418 sum

251 2445 297 2482 non
313 2435 351 2482 est
367 2431 529 2498 expeditum:
548 2447 611 2484 nam
633 2447 694 2484 cum
716 2445 807 2484 verum
831 2437 885 2494 est,
910 2381 983 2500 quo&
998 2431 1043 2484 Iu-

251 2497 312 2548 liano
332 2497 432 2562 placet,
458 2499 559 2550 etiamsi
583 2497 696 2550 mamma
713 2497 771 2566 quis
790 2497 1044 2552 administrationem

250 2563 335 2630 peculii
350 2563 446 2616 habeat
464 2579 633 2630 concessam,
652 2563 767 2618 donandi
784 2565 825 2618 ius
845 2579 904 2620 eum
921 2581 975 2618 non
992 2567 1041 2620 ha·

250 2631 318 2684 bere:
335 2631 450 2698 sequitur
465 2637 511 2696 ut,
530 2631 554 2686 ιι
571 2631 689 2686 donandi
707 2647 788 2686 causa
806 2633 839 2686 de
856 2631 1043 2702 competenda

249 2695 352 2764 pecunia
367 2703 461 2764 pactus
479 2699 521 2762 sit,
539 2713 594 2752 non
612 2699 708 2752 debeat
723 2705 811 2752 ratum
824 2701 919 2752 haberi
932 2707 1043 2768 pactum

250 2769 399 2818 conventum.
426 2763 496 2832 qnod
519 2765 543 2818 si
565 2781 615 2834 pro
639 2781 670 2820 eo
693 2771 725 2818 ut
740 2767 779 2818 ita
795 2767 977 2834 pacisceretur
994 2767 1042 2820 ali-

249 2829 312 2898 quid,
326 2831 353 2884 in
369 2847 420 2900 quo
434 2849 489 2884 non
503 2833 589 2886 minus
604 2833 645 2886 vel
660 2833 738 2886 etiam
752 2833 867 2910 amplius
881 2839 960 2898 esset,
979 2849 1041 2888 cou-

249 2903 345 2950 secutus
360 2897 446 2962 fuerit,
464 2905 524 2950 rata
541 2899 666 2954 habenda
683 2905 723 2954 est
740 2905 837 2966 paot1o.

279 2961 314 3022 29
336 2965 477 3020 Uarianos
491 2965 559 3020 libro
578 2965 861 3034 quaterdenarium
896 2965 1042 3020 Sinautem

250 3031 393 3086 dominicam
410 3033 549 3100 pecuniam
567 3031 720 3098 crediderit,
745 3031 816 3100 quod
834 3033 959 3088 credendi
975 3037 1041 3086 tem-

248 3115 306 3166 pore
320 3105 411 3166 pactus
429 3105 468 3152 est
485 3099 572 3154 ualere
590 3099 682 3154 Celsus
700 3101 746 3154 ait.

277 3163 312 3224 30
331 3165 419 3220 Gneus
434 3167 500 3220 libro
511 3169 606 3236 primo
624 3169 662 3220 eci
677 3167 791 3222 edietum
802 3165 975 3236 provinciale
1009 3167 1043 3220 In

249 3247 351 3302 persona
364 3237 450 3286 tamen
458 3233 505 3286 filii
518 3235 632 3286 familias
645 3233 787 3286 ridendum
797 3237 845 3298 est,
856 3247 890 3286 ιι
898 3233 1041 3302 aliquando

249 3301 683 3370 etsipactussitncageret‚valeat
716 3301 798 3354 actio:
818 3299 881 3380 quia
898 3301 1041 3368 aliquando

248 3319 1041 3434 matamffiasbaoetactionem,refuntntunamm.sedcmn

248 3443 343 3508 propter
350 3437 468 3492 iniuriam
476 3435 530 3492 filio
539 3437 641 3490 factam
655 3437 754 3490 habeat
768 3441 795 3490 et
808 3439 885 3504 pater
899 3435 1041 3500 actionem,

248 3505 391 3574 quiupactio
401 3503 446 3556 filii
452 3505 575 3558 nocitura
584 3519 638 3556 uon
647 3505 756 3572 sitpatri
764 3517 843 3572 agere
850 3503 955 3568 volenti,
964 3503 1041 3556 dubi·

250 3577 258 3624 t
290 3571 337 3624 tari
353 3589 404 3626 non
421 3577 533 3638 oportet.
570 3571 621 3638 Qui
659 3571 779 3626 ecuniam
796 3587 813 3624 a
830 3585 906 3624 servo
929 3571 1041 3640 stipula-

247 3645 284 3692 ιιι
300 3643 350 3704 ιιι,
374 3655 450 3706 quam
467 3639 517 3692 sibi
536 3637 624 3692 Titius
638 3587 769 3700 habebat,
794 3637 816 3692 si
835 3653 851 3690 a
869 3637 939 3690 Titio
957 3641 1041 3714 petat,

248 3721 277 3758 an
292 3707 438 3774 exceptione
455 3705 527 3772 pacti
546 3705 670 3758 conventi
687 3705 844 3760 summomri
863 3709 888 3758 ιι
905 3709 991 3772 possit
1015 3709 1041 3756 et

248 3773 338 3838 debeat,
356 3773 415 3842 quia
431 3777 526 3840 pactus
544 3771 674 3836 rideatur,
692 3787 726 3826 ue
743 3771 840 3826 aTitio
858 3775 940 3838 petat,
959 3785 1040 3838 quae-

248 3841 316 3894 situm
332 3847 376 3894 est.
410 3841 528 3892 Iulianus
545 3839 584 3892 ita
601 3839 818 3892 summovendum
835 3843 927 3908 putat,
953 3839 976 3892 si
993 3839 1041 3892 sti-

246 3907 349 3976 pulatori
371 3907 399 3962 in
426 3907 559 3960 dominum
584 3907 662 3960 istius
687 3907 756 3960 servi
782 3907 814 3958 de
839 3907 942 3976 pseudo
970 3907 1041 3958 actio

248 3975 324 4030 danda
340 3979 384 4042 est,
401 3975 429 4030 id
447 3979 486 4028 est
503 3973 527 4028 si
543 3973 641 4028 iustam
659 3989 768 4028 causam
785 3973 967 4028 intercedendi
986 3987 1041 4026 ser-

246 4059 287 4096 vus
302 4043 397 4108 habuit,
415 4043 477 4110 quia
493 4041 563 4096 forts
579 4041 735 4094 tantandem
752 4041 894 4110 pecuniam
908 4041 979 4095 Titio
995 4039 1041 4094 de-

245 4111 308 4164 buit:
325 4111 507 4178 quodsiquasi
521 4107 663 4162 fideiussor
676 4109 825 4174 intervenit,
842 4123 943 4178 exque
959 4123 1041 4162 causa

245 4179 269 4232 in
301 4179 407 4232 eculium
424 4177 493 4230 actio
511 4193 566 4230 uon
584 4177 702 4240 daretur,
720 4193 775 4230 non
793 4191 851 4230 esse
866 4177 1041 4244 inhibendum

246 4195 400 4310 erchrecum,
424 4261 475 4314 quo
498 4245 586 4298 minus
611 4261 627 4298 a
650 4243 720 4300 Titio
744 4249 831 4312 petat:
860 4259 944 4312 aeque
967 4245 1040 4298 nullo

245 4313 314 4368 modo
330 4313 461 4382 prohiberi
478 4327 537 4368 eum
555 4311 666 4378 debere,
691 4311 713 4366 si
730 4327 790 4366 enm
807 4327 912 4366 sermm
927 4313 1040 4366 liberum

245 4385 258 4432 2
288 4395 342 4434 esse
358 4381 516 4434 credidisset.
553 4379 582 4432 st
599 4381 648 4432 sub
668 4379 824 4434 ιιιιιιιιοιι
839 4381 982 4448 stipulatus
996 4379 1040 4432 fu-

245 4449 301 4500 erim
317 4463 333 4500 a
348 4453 374 4500 te
395 4447 465 4516 quod
484 4447 570 4500 Titius
593 4447 657 4500 mihi
680 4463 746 4516 pure
769 4447 890 4514 deberet:
916 4463 951 4502 an
975 4447 1040 4500 deii-

246 4515 320 4570 ciente
336 4515 486 4570 condicione
503 4515 525 4570 si
543 4531 560 4570 a
578 4515 647 4568 Titio
665 4519 768 4582 petam,
794 4513 950 4584 exceptione
968 4517 1041 4584 pacti

246 4583 354 4636 conventi
371 4589 396 4636 et
411 4583 510 4652 possim
527 4587 555 4636 et
572 4581 684 4636 debeam
701 4583 878 4638 summoveri?
904 4589 931 4636 et
955 4585 1040 4654 magis

245 4655 280 4702 est
295 4651 467 4720 exceptionem
484 4667 538 4704 non
557 4665 616 4704 esse
634 4651 828 4720 opponendam.

273 4713 305 4774 31
329 4717 470 4772 Uarianos
481 4717 551 4772 libro
558 4719 652 4788 primo
667 4719 705 4774 od
717 4719 832 4774 edictam
849 4717 978 4774 aedilium
994 4735 1040 4774 ou-

245 4785 331 4838 rale'ura
363 4785 465 4840 Pacisci
482 4791 576 4840 souma
600 4785 717 4840 edictum
740 4785 865 4840 aedilium
888 4787 1040 4842 omnimodo

243 4849 310 4930 lieet,
332 4851 386 4906 sire
406 4853 433 4906 in
455 4853 513 4920 ipso
536 4853 642 4922 negotio
665 4855 822 4910 venditionis
839 4855 956 4924 gerendo
975 4871 1039 4910 con·

244 4923 347 4972 vemsset
363 4921 416 4974 sive
432 4925 533 4990 postea.

272 4981 307 5042 32
321 4985 438 5064 Paucos
450 4987 516 5042 libro
536 4989 616 5042 tertio
633 4987 672 5042 od
686 4987 825 5042 Plautiam
851 4987 1039 5056 Quoddiotum

245 5059 291 5116 est,
307 5069 327 5106 ιι
344 5071 402 5108 cum
419 5069 464 5108 reo
482 5061 591 5124 pactum
604 5055 657 5120 sit,
676 5059 706 5108 ut
722 5071 777 5108 uon
794 5061 912 5122 petatur,
929 5057 1039 5110 fideius-

243 5119 288 5174 sori
304 5137 402 5190 quoqne
420 5129 570 5192 competere
587 5121 782 5192 exceptionem:
800 5129 912 5192 propter
924 5125 964 5178 rei
977 5141 1039 5194 per-

243 5201 323 5242 sonam
344 5191 456 5258 placuit,
480 5207 513 5244 ne
530 5191 650 5246 mandati
665 5189 763 5244 iudicio
782 5191 963 5246 conveniatur.
990 5193 1038 5260 igi-

242 5257 279 5308 tur
295 5257 315 5308 si
330 5257 445 5310 mandati
463 5259 532 5312 aetio
551 5261 625 5314 nulla
642 5259 690 5324 sit,
715 5257 786 5312 forte
803 5259 826 5312 si
845 5257 963 5312 donandi
980 5261 1038 5314 ani-

242 5335 278 5374 mo
293 5323 452 5390 fideiussenit,
470 5325 611 5380 decadum
629 5333 671 5380 est
687 5341 742 5380 non
758 5323 888 5394 prodesse
902 5329 1038 5394 exceptio-

242 5403 293 5444 nem
308 5391 460 5446 fideiussori.

269 5453 323 5516 33⁴
341 5461 447 5516 enisus
461 5461 528 5516 libro
540 5463 635 5534 pricio
653 5461 817 5536 dipeetoram
851 5461 927 5518 Avus
949 5463 1038 5530 neptis

241 5629 266 5692 (1)
282 5635 359 5680 aetum
373 5649 419 5682 scr.

240 5697 267 5762 (ι)
283 5699 463 5764 propruineiale
473 5699 498 5750 F
597 5701 628 5764 (4)
648 5705 708 5754 citat
716 5705 866 5770 Pomponiae
879 5701 915 5752 D.
926 5701 967 5762 23,
978 5711 999 5764 1,
1008 5711 1034 5752 10

239 5767 267 5828 (ι)
283 5767 390 5818 divisisse
400 5785 424 5818 ee
434 5787 478 5820 ser.
563 5771 595 5832 (6)
614 5769 714 5822 ietreF
794 5773 826 5836 (t)
845 5767 990 5822 sicF²cam
998 5767 1034 5836 B,

1058 349 1097 422 31?

1811 359 1904 422 1114

1100 537 1212 604 nomine,
1236 555 1316 608 quam
1339 555 1371 594 ex
1393 541 1447 594 lilio
1464 535 1594 600 habebat,
1619 535 1705 588 datan
1720 537 1853 604 *promisit
1877 545 1904 594 et

1100 609 1195 676 pactus
1218 613 1271 672 est,
1295 625 1329 662 ne
1352 625 1368 662 a
1391 625 1420 664 se
1442 621 1507 662 neve
1524 621 1540 658 a
1556 603 1609 658 lilio
1627 619 1675 658 suo
1694 605 1742 658 dos
1759 611 1901 672 peteretur.

1678 673 1782 792 ffidem
1807 689 1902 742 excep·

1100 673 1127 726 si
1140 689 1158 726 a
1175 673 1304 728 coherede
1320 675 1368 730 tilii
1385 677 1433 730 dos
1474 679 1573 738 etatur,
1596 673 1654 742 ipse

1099 741 1170 794 tione
1188 741 1366 796 conventionis
1383 691 1498 798 tuendus
1514 757 1569 796 nou
1595 739 1665 818 erit,
1718 755 1750 794 us
1772 755 1834 794 vero
1858 755 1902 794 ex·

1100 823 1115 862 c
1149 807 1594 868 tioueoonreutionisrecteutetur.
1621 823 1719 878 quippe
1733 807 1824 862 heredi
1838 823 1901 862 eou-

1099 891 1112 932 s
1143 877 1149 888 '
1174 891 1329 930 concessum
1351 883 1391 930 est
1408 881 1457 934 uec
1474 881 1613 950 quicquam
1630 877 1719 932 obstat
1735 875 1782 928 uni
1798 881 1902 930 tantum

1100 959 1133 1000 ex
1154 943 1296 1000 heredibus
1320 945 1457 1012 prouidere
1479 949 1501 1002 si
1523 949 1599 1004 heres
1621 947 1710 1002 tactus
1733 943 1781 1010 sit,
1808 945 1903 1000 ceteris

1100 1017 1188 1066 autem
1205 1027 1259 1066 uon
1276 1011 1387 1066 consuli.

1135 1075 1176 1138 34
1191 1079 1381 1136 Moonsrrrus
1401 1079 1468 1132 libro
1486 1085 1579 1150 quicto
1596 1083 1752 1156 repuleram
1785 1081 1831 1134 Ius
1854 1079 1904 1132 ad-

1099 1147 1231 1216 gnationis
1249 1163 1303 1202 non
1319 1161 1398 1216 posse
1415 1151 1493 1216 pacto
1511 1151 1651 1218 repudiari,
1668 1149 1813 1220 nonmagIs
1823 1155 1902 1218 quam

1099 1221 1129 1270 ut
1146 1217 1204 1284 qius
1223 1215 1294 1270 dicat
1311 1215 1380 1270 nolle
1397 1225 1476 1270 suum
1492 1231 1562 1282 esse,
1586 1219 1681 1274 Iuliani
1697 1219 1829 1276 sententia
1851 1221 1899 1270 est.

1077 1355 1078 1358 Ἴ
1133 1279 1173 1342 35
1190 1283 1353 1338 lanatiore
1369 1281 1485 1338 secando
1502 1297 1689 1354 responsorem
1724 1287 1789 1342 Tres
1805 1285 1902 1340 ιιιιιιι·
1925 1319 1928 1324 ·

1078 1351 1185 1414 ¹Titius
1211 1357 1238 1406 et
1262 1351 1383 1406 Maevius
1409 1355 1437 1404 et
1458 1349 1519 1402 Seia
1544 1367 1706 1410 communem
1730 1355 1904 1410 hereditatem

1097 1419 1167 1474 inter
1184 1435 1212 1474 ιι
1235 1419 1380 1474 diviserunt
1401 1417 1582 1472 instrumentis
1605 1421 1781 1492 interpositis,
1807 1423 1902 1492 quibus

1099 1487 1236 1542 divisisse⁵
1260 1493 1407 1540 maternam
1431 1485 1603 1540 hereditatem
1634 1489 1756 1544 dixerunt
1787 1491 1852 1546 nihil
1869 1505 1904 1546 ue

1077 1555 1149 1610 ‘sibi
1175 1571 1312 1612 commurm
1328 1555 1487 1608 remansisse
1505 1559 1635 1608 cormunt.
1663 1557 1710 1610 sed
1731 1565 1827 1626 postea
1850 1507 1902 1612 guo

1080 1623 1132 1678 de
1154 1621 1298 1690 fratribus,
1320 1623 1347 1676 id
1366 1627 1407 1678 est
1423 1621 1543 1676 Maevius
1568 1627 1595 1676 et
1611 1621 1684 1686 Seia,
1711 1625 1757 1692 qui
1779 1625 1904 1682 absentes

1098 1695 1175 1746 erant
1190 1697 1310 1760 tempore
1325 1691 1417 1744 mortis
1434 1691 1526 1744 matris
1541 1705 1613 1756 suae,
1631 1699 1809 1756 cognoverunt
1821 1711 1903 1764 pecu-

1097 1759 1170 1814 niam
1194 1775 1302 1812 auream
1319 1775 1337 1812 a
1353 1759 1455 1812 narret
1472 1769 1521 1812 suo
1546 1771 1604 1810 esse
1625 1759 1803 1822 subtractam,
1829 1761 1905 1816 cuius

1097 1827 1172 1880 ncilla
1197 1827 1295 1882 mentio
1326 1825 1502 1906 instrumento
1520 1825 1668 1906 ‚divisionis
1708 1825 1902 1884 continebatur.

1097 1891 1808 2038 tlttttstdtitttttfttttttttttbttt
1821 1909 1903 2038 l'dt

1097 2029 1215 2096 destines
1238 2029 1389 2098 respondit,
1416 2029 1440 2082 si
1496 2029 1600 2080 entibus
1619 2029 1653 2080 ob
1670 2031 1819 2096 ponteonem
1838 2041 1904 2092 erus,

1096 2093 1168 2164 quod
1184 2095 1340 2164 subreptum
1357 2111 1374 2148 a
1391 2095 1461 2148 Titio
1497 2095 1584 2158 icitur,
1601 2095 1731 2162 generalis
1748 2093 1822 2164 pacti
1840 2105 1904 2148 oon-

1076 2219 1077 2222 ,
1096 2161 1168 2218 renti
1192 2163 1313 2230 exceptio
1336 2163 1392 2228 his,
1415 2163 1461 2232 quii
1477 2161 1598 2216 fraudem
1615 2179 1631 2216 a
1649 2161 1718 2216 Titio
1737 2161 1907 2216 commissam

1094 2231 1248 2298 ignorantes
1265 2235 1463 2298 transegerunt,
1490 2229 1635 2294 obiciatur,
1661 2227 1697 2284 de
1720 2227 1781 2282 dolo
1803 2227 1905 2282 utiliter

1094 2297 1219 2364 replicari
1236 2311 1324 2366 posse.

1131 2359 1171 2422 36
1189 2363 1360 2418 Peccator
1383 2365 1451 2418 libro
1469 2367 1563 2434 quinto
1580 2365 1756 2434 epistolarum
1791 2361 1820 2416 Si
1844 2377 1906 2416 cum

1074 2497 1075 2500 Ἴ
1093 2431 1206 2484 fundum
1228 2445 1317 2484 meum
1339 2431 1473 2500 possides,
1498 2433 1663 2486 convenisset
1679 2431 1744 2484 mihi
1760 2435 1857 2494 tecum,
1874 2437 1905 2482 ut

1092 2499 1374 2620 ttttttttttt
1388 2499 1473 2620 tttt
1487 2497 1905 2632 tttttnttttttttttt

1094 2631 1200 2686 excludi
1217 2633 1327 2698 debere,
1352 2647 1432 2702 quam
1450 2635 1473 2686 si
1490 2639 1538 2686 aut
1553 2635 1606 2686 iam
1622 2633 1793 2698 tradidisses,
1817 2637 1864 2686 aut
1881 2631 1905 2686 si

1093 2705 1140 2754 tua
1158 2715 1242 2754 causa
1258 2701 1286 2752 id
1302 2701 1372 2754 inter
1388 2715 1437 2754 nos
1456 2701 1621 2756 convenisset
1635 2707 1663 2754 et
1676 2717 1725 2770 per
1739 2705 1766 2754 te
1780 2715 1834 2756 uon
1849 2705 1904 2754 sta-

1093 2773 1134 2820 ret
1169 2783 1204 2820 uo
1222 2767 1310 2820 minus
1326 2767 1453 2820 traderes.

1128 2783 1169 2890 33
1186 2833 1454 2888 Perterrefacias
1468 2833 1536 2888 libro
1553 2833 1670 2888 secando
1688 2833 1721 2888 de
1739 2833 1904 2900 constitutio

1093 2899 1172 2954 aibas
1205 2901 1383 2968 Imperatores
1398 2901 1550 2954 Antoninus
1568 2905 1595 2956 et
1607 2899 1693 2954 Verus
1711 2903 1907 2968 rescripserunt

1094 2965 1225 3022 ιιιιιιιιιι8
1241 2967 1280 3020 ιιι
1304 2967 1427 3036 publicae
1450 2983 1467 3020 a
1485 2973 1608 3022 curatore
1624 2969 1759 3036 permitat
1776 2969 1905 3036 pecunias

1073 3049 1148 3110 non
1172 3049 1251 3152 poppe
1277 3037 1317 3098 ιι,
1342 3049 1402 3088 oum
1419 3033 1634 3102 Philippensibus
1656 3035 1783 3088 remissae
1807 3039 1905 3100 essent,

1092 3115 1209 3158 rmocan
1228 3115 1266 3154 as.
1737 3115 1739 3120 ·

1127 3163 1463 3224 tesseradecades
1489 3165 1606 3222 secando
1633 3169 1819 3236 paoesu'oaam
1859 3167 1905 3222 lus

1093 3235 1230 3302 publicum
1247 3235 1411 3300 privatorum
1428 3235 1515 3304 pactis
1532 3233 1630 3286 mutari
1647 3247 1702 3286 non
1718 3237 1818 3302 potest.

1127 3297 1168 3358 39
1185 3299 1267 3354 loun
1280 3301 1349 3356 libro
1367 3301 1459 3370 quieto
1478 3303 1664 3370 qaaestionem
1689 3301 1831 3356 Veteribus
1847 3301 1905 3380 pla·

1094 3373 1137 3424 cet
1159 3367 1312 3436 pactionem
1334 3367 1476 3422 obscuram
1499 3367 1539 3422 vel
1563 3367 1713 3436 ambiguam
1730 3367 1861 3424 ιιιιιιοιι
1879 3373 1906 3424 ιι

1093 3435 1139 3506 qui
1160 3435 1260 3490 locavit
1282 3451 1394 3502 nocere,
1417 3437 1446 3490 ιι
1469 3451 1581 3506 quorum
1597 3435 1649 3490 fuit
1665 3441 1800 3506 potestate
1821 3439 1905 3506 legem

1093 3503 1212 3574 apertius
1230 3505 1406 3558 conscribere.
1605 3571 1607 3574 Ι

1127 3567 1167 3628 40
1186 3569 1266 3624 Ionos
1286 3571 1354 3624 libro
1373 3573 1465 3640 primo
1482 3585 1674 3640 responsorem
1708 3571 1774 3624 Tale
1796 3577 1906 3640 pactum

1094 3637 1230 3706 ‘profiteor
1252 3643 1279 3690 te
1301 3653 1356 3690 non
1379 3639 1471 3692 teneri'
1490 3653 1545 3690 uon
1566 3637 1596 3690 in
1617 3653 1759 3706 personam
1778 3637 1905 3706 dirigItur,

1092 3703 1140 3758 sed
1158 3719 1218 3756 cum
1240 3703 1363 3772 generale
1385 3705 1434 3770 sit,
1460 3705 1550 3758 locum
1574 3705 1644 3758 inter
1665 3705 1776 3760 heredes
1800 3721 1907 3784 quoque

1094 3775 1106 3824 1
1126 3789 1127 3792 ¹
1142 3771 1277 3840 litigantes
1293 3771 1411 3826 habebit.
1448 3769 1499 3838 out
1515 3773 1676 3840 provocarit,
1694 3777 1790 3840 pactus
1807 3779 1848 3826 est
1864 3789 1905 3826 m-

1091 3841 1135 3892 tra
1149 3837 1218 3892 diem
1233 3843 1335 3892 centurn
1350 3839 1473 3906 pecunia,
1493 3855 1545 3910 qua
1558 3845 1732 3908 transegerat,
1747 3857 1802 3894 non
1817 3841 1906 3896 soluta

1091 3905 1215 3960 iudicatis
1226 3907 1247 3940 ¹⁰
1265 3921 1294 3958 se
1308 3907 1521 3960 satisfacturum:
1540 3907 1621 3960 iudex
1634 3907 1820 3978 appellationis
1829 3909 1903 3964 nullo

1092 3973 1145 4026 alio
1170 3973 1204 4026 de
1226 3973 1368 4042 principali
1391 3989 1473 4030 carisa
1498 3975 1617 4030 decusso
1634 3975 1734 4030 iustam
1751 3977 1905 4030 conventio-

1092 4045 1108 4094 2
1142 4055 1205 4094 uem
1226 4041 1299 4096 velut
1324 4041 1469 4096 ιοιιιιιι11
1494 4047 1626 4112 sequetur.
1661 4043 1728 4098 Post
1753 4043 1906 4096 diuisionem

1091 4109 1224 4162 bonorum
1247 4111 1275 4162 et
1297 4109 1365 4162 aeris
1391 4109 1470 4164 alieni
1487 4111 1583 4178 singuli
1601 4111 1744 4164 creditores
1762 4125 1779 4162 a
1796 4111 1836 4162 sin
1855 4109 1906 4164 ulis

1090 4176 1235 4232 heredibus
1259 4193 1315 4232 non
1331 4177 1495 4246 interpositis
1513 4177 1719 4246 delegationibus
1736 4177 1765 4232 in
1782 4127 1905 4242 solidum,

1091 4251 1122 4298 ut
1140 4249 1315 4310 convenerat,
1333 4261 1429 4300 usuras
1448 4249 1666 4314 acceptaverunt:
1685 4245 1818 4306 actiones,
1835 4259 1905 4312 quas

1091 4313 1218 4366 adversus
1245 4327 1337 4392 omnes
1362 4329 1411 4382 pro
1437 4313 1560 4382 partibus
1582 4313 1698 4377 habent,
1724 4309 1910 4378 impediendae·

1090 4397 1146 4434 non
1169 4385 1260 4444 erunt,
1286 4397 1309 4434 sn
1331 4397 1386 4432 non
1403 4381 1500 4450 singuli
1516 4397 1565 4448 pro
1582 4379 1635 4432 fide
1651 4381 1689 4432 rei
1711 4385 1802 4446 gestae
1819 4383 1906 4432 totum

1091 4453 1107 4502 3
1142 4447 1261 4502 debitum
1278 4447 1388 4516 siugulis
1406 4447 1530 4502 offerant.
1565 4447 1653 4510 Pater,
1672 4447 1718 4514 quii
1736 4445 1825 4498 dotem
1841 4461 1905 4512 pro-

1091 4515 1176 4582 misit,
1194 4520 1291 4586 pactus
1310 4521 1358 4582 est,
1376 4519 1407 4570 ut
1423 4519 1486 4584 post
1502 4517 1614 4566 mortem
1631 4527 1707 4566 suam
1724 4513 1753 4564 in
1769 4513 1905 4568 matrimo-

1091 4585 1134 4638 nio
1154 4585 1210 4638 sine
1227 4585 1318 4638 liberis
1337 4583 1462 4638 defuncta
1479 4581 1534 4634 tilia
1551 4579 1637 4648 portio
1655 4579 1725 4634 dotis
1743 4581 1814 4650 apud
1827 4581 1905 4636 here-

1091 4653 1152 4706 dem
1169 4669 1248 4706 suurn
1265 4651 1375 4706 fratrem
1392 4653 1547 4702 remaneret.
1575 4663 1607 4702 ea
1625 4649 1763 4702 conventio
1781 4649 1871 4706 liberis
1888 4665 1906 4706 a

1091 4735 1184 4776 socero
1209 4723 1306 4786 postea
1332 4717 1464 4786 susceptis
1482 4723 1509 4768 et
1525 4713 1667 4770 heredibus
1684 4719 1843 4774 testamento
1862 4735 1904 4774 re·

1090 4789 1161 4842 lictis
1179 4801 1228 4854 per
1245 4785 1429 4854 exceptionem
1448 4783 1502 4838 doli
1518 4783 1650 4864 proderit,
1676 4799 1737 4840 cnm
1753 4785 1823 4840 iuter
1841 4801 1904 4840 con-

1090 4857 1227 4922 trahentes
1245 4853 1273 4906 id
1292 4855 1382 4906 actam
1405 4851 1454 4916 sit,
1478 4855 1510 4904 ut
1532 4849 1673 4906 heredibus
1698 4855 1856 4908 consulatur
1878 4861 1906 4910 et

1090 4923 1135 4978 illo
1161 4927 1296 4990 ternpore,
1321 4935 1373 4988 quo
1391 4923 1468 4986 pater
1485 4917 1553 4972 alios
1575 4919 1644 4976 filios
1667 4939 1721 4976 non
1744 4923 1852 4988 habuit,
1875 4923 1905 4976 in

1090 4989 1202 5044 fratrem
1217 5005 1295 5044 suum
1308 4985 1436 5042 iudicium
1450 5001 1603 5056 supremum
1618 4991 1762 5056 contulisse
1776 4993 1904 5044 rideatur.

1125 5057 1163 5116 tl
1183 5057 1266 5112 Iacer
1279 5057 1347 5110 libro
1364 5053 1506 5110 :andecimo
1523 5073 1712 5128 responsorum
1739 5059 1905 5114 ‘lutraillum

1091 5125 1169 5180 ‘diem
1187 5125 1269 5180 debiti
1286 5129 1392 5192 partem
1410 5123 1478 5202 mihi
1501 5125 1524 5178 si
1546 5125 1669 5192 solveris,
1692 5133 1833 5196 acceptum
1856 5127 1906 5182 tibi

1091 5191 1326 5248 ‘residuumieram
1334 5191 1745 5250 ettehberabo.’lioetaotionem
1753 5197 1905 5260 nonhabet,

1091 5261 1165 5330 pacti
1182 5265 1272 5314 tamen
1290 5261 1473 5330 exceptionem
1492 5269 1643 5332 competere
1652 5263 1764 5318 debitori
1774 5263 1902 5318 constitit.

1124 5325 1165 5384 42
1182 5327 1265 5382 Iram
1278 5329 1347 5384 libro
1364 5331 1477 5400 septimo
1495 5331 1596 5388 dommo
1613 5347 1805 5404 responsorum
1830 5331 1905 5384 Inter

1091 5395 1237 5450 debitorem
1256 5401 1282 5450 et
1300 5397 1458 5452 creditorem
1476 5405 1644 5464 convenerat,
1661 5403 1692 5454 ut
1707 5399 1822 5454 creditor
1836 5413 1905 5452 onus

1089 5463 1183 5518 tributi
1200 5465 1302 5534 praedii
1325 5467 1457 5536 pignerati
1479 5485 1534 5524 non
1559 5469 1748 5536 adgnosceret,
1775 5467 1823 5522 sed
1847 5467 1904 5520 eius

522 5635 555 5698 (ι)
581 5635 648 5686 sicS
663 5635 758 5700 carrrB,
774 5633 944 5684 hereditarius
961 5633 1059 5682 omF=
1087 5631 1251 5698 pantocrat
1327 5639 1359 5704 (8)
1379 5639 1593 5692 debitoribusecr.
1673 5641 1705 5702 (ι)
1723 5635 1902 5688 εῐςΡσωιΒ.

1086 5701 1183 5752 remitti
1193 5701 1287 5756 Srecie
1378 5711 1423 5774 (10)
1433 5709 1554 5758 iudicatis
1563 5707 1629 5758 F¹P
1635 5725 1686 5756 cam
1695 5705 1723 5754 B
1741 5703 1848 5770 (Aaou),
1862 5703 1901 5752 iu-

1087 5769 1166 5820 dicati
1175 5767 1214 5820 1¹¹³
1283 5773 1324 5838 (11)
1343 5777 1451 5826 confessi
1459 5775 1527 5836 Fid,
1537 5773 1657 5824 confessis
1667 5773 1692 5824 F
1697 5773 1704 5804 ¹
