4366 6258
272 355 339 424 V3

1067 349 1107 424 u
1207 351 1208 354 ψ

1621 369 1665 416 DE
1687 369 1909 424 Haaahrraris

943 451 1233 466 Ἣ

273 545 372 600 caverit
388 549 432 602 111
449 547 588 616 petitorem
605 545 741 600 defensum
756 543 797 598 iri.
821 541 868 598 sed
885 559 920 598 au
937 549 963 598 et
980 543 1065 598 bonae

273 613 333 668 fidei
349 631 483 682 possessor
500 613 594 666 debeat
605 611 796 666 defendendum
808 625 907 678 cavere,
925 613 1063 666 videndum

273 681 334 744 erit,
359 683 419 750 quia
440 683 467 734 in
485 695 515 732 eo
533 681 603 748 quod
620 681 696 736 solvit
717 695 770 732 uon
787 679 889 734 videtur
911 679 1065 748 locupletior

272 749 371 802 factus:
390 747 439 800 nisi
455 747 525 800 forte
541 747 639 800 habeat
656 745 847 800 condictionem
861 755 888 802 et
898 749 949 802 boc
961 747 1065 802 nomine

272 815 373 868 videtur
389 813 556 880 locupletior,
575 815 636 880 quia
652 819 740 882 potest
756 819 888 880 repetere:
911 815 979 882 linge
998 815 1065 868 enim

272 899 339 946 eum,
357 881 418 934 dum
435 895 463 934 se
479 879 599 934 heredem
617 887 700 948 putat,
719 881 826 934 solvisse
843 897 891 936 suo
909 883 1022 938 nomine.
1040 889 1065 934 et

272 949 373 1002 uidetur
394 947 456 1000 mihi
482 947 599 1000 lulianus
623 949 655 1000 de
678 949 735 1002 solo
759 949 892 1016 praedone
920 955 950 1002 ut
974 955 1065 1004 caveat

273 1017 399 1078 sensisse,
416 1031 470 1068 non
488 1015 566 1068 etiam
584 1015 615 1068 de
632 1015 717 1068 bonae
737 1015 798 1070 fidei
812 1033 977 1086 possessore:
1002 1033 1064 1072 con-

273 1083 412 1138 dictionem
429 1087 516 1136 tamen
533 1089 668 1150 praestare
686 1083 798 1138 debebit.
822 1087 867 1140 sed
886 1091 912 1138 et
928 1085 1026 1152 petitor
1044 1087 1065 1138 si

272 1167 289 1204 a
312 1149 481 1204 creditoribus
505 1149 689 1216 conueniatur,
713 1167 776 1208 exce
795 1153 867 1208 11111
890 1153 929 1205 uti
952 1153 1065 1206 debebit.

274 1225 285 1272 1
323 1217 375 1272 Sed
392 1219 414 1272 si
431 1219 481 1288 ipsi
499 1217 597 1286 aliquid
613 1219 740 1288 praedoni
782 1223 921 1284 ebebatur,
946 1219 997 1274 hoo
1021 1221 1064 1276 de-

272 1287 367 1340 ducere
384 1303 436 1340 non
449 1285 565 1342 debebit:
584 1287 694 1342 11111111
706 1289 728 1342 si
746 1289 772 1344 id
791 1291 841 1342 fuit
853 1289 977 1352 debitum,
995 1289 1065 1356 quod

270 1361 365 1408 natura
382 1355 532 1408 debebatur.
558 1355 621 1424 quid
638 1361 725 1410 tamen
742 1357 765 1412 si
782 1357 939 1424 expediebat
962 1357 1066 1424 petitori

269 1423 297 1474 id
314 1423 429 1476 debitum
446 1437 504 1476 esse
521 1423 676 1478 dissolutum
687 1431 795 1494 propter
806 1439 919 1492 poenam
929 1425 971 1478 uel
989 1425 1065 1478 eham

272 1491 397 1544 causam?
419 1495 507 1558 potest
530 1491 582 1546 dici
598 1491 684 1560 ipsum
702 1493 752 1546 sibi
773 1494 814 1546 rel
837 1491 945 1546 solvisse
963 1493 1003 1546 rel
1020 1491 1065 1546 de-

270 1563 284 1612 2
320 1559 519 1614 buissesolvere.
549 1561 638 1614 iustus
646 1567 733 1614 autem
758 1575 876 1612 assessor
888 1559 966 1614 dubio
974 1561 1066 1628 procul

270 1631 284 1682 3
320 1627 424 1681 debebit
435 1627 572 1694 deducere,
590 1627 660 1696 quod
673 1629 722 1682 sibi
734 1579 852 1680 debetur.
892 1627 966 1680 Sicut
979 1633 1066 1682 autem

270 1701 403 1764 sumptum
414 1711 490 1766 quem
507 1697 570 1752 fecit
582 1697 696 1760 deducit,
714 1695 752 1748 ita
769 1695 792 1748 si
808 1695 897 1750 iacere
915 1695 1005 1750 debuit
1016 1711 1066 1750 nec

269 1765 341 1830 fecit,
359 1765 453 1834 culpae
470 1765 547 1820 huius
565 1765 658 1818 reddat
674 1765 810 1828 rationem,
834 1763 885 1818 nisi
902 1765 989 1818 bonae
1005 1763 1067 1818 fidei

270 1849 408 1902 possessor
425 1839 477 1886 est:
502 1839 566 1888 tunc
591 1831 666 1896 enim,
685 1831 747 1900 quia
764 1831 841 1898 quasi
858 1847 932 1886 suam
943 1847 999 1884 rem
1021 1849 1065 1886 ne-

269 1903 357 1970 glexit,
375 1901 438 1954 nulli
456 1901 586 1970 querellae
605 1899 739 1954 subiectus
758 1905 877 1952 estante
894 1901 1004 1968 petitam
1021 1901 1065 1954 he·

269 1975 284 2022 4
319 1969 467 2022 reditatem:
491 1975 584 2036 postea
602 1983 661 2022 vero
681 1967 780 2034 etipse
797 1967 897 2038 praedo
916 1973 963 2022 est.
998 1967 1068 2020 Illud

268 2037 346 2106 plane
365 2034 490 2104 praedoni
506 2035 632 2104 imputari
650 2053 702 2090 nou
720 2041 821 2104 potest,
848 2053 897 2090 cur
913 2053 1009 2104 passus
1028 2041 1067 2090 est

269 2107 398 2160 debitores
416 2105 521 2158 hberari
539 2111 564 2158 et
581 2105 750 2174 pauperiores
768 2103 826 2158 fieri
844 2111 870 2158 et
881 2121 934 2158 111
947 2121 991 2158 111
1004 2119 1065 2160 111-

268 2179 282 2228 5
317 2173 401 2236 uenit,
425 2189 483 2226 cum
501 2173 632 2228 actionem
649 2189 701 2226 non
718 2173 848 2226 habuerit.
885 2173 962 2240 tlrrod
980 2177 1067 2226 autem

268 2243 413 2312 possessori
424 2243 538 2296 solutum
551 2247 590 2296 est
602 2257 636 2296 an
649 2241 786 2296 restituere
799 2241 902 2306 debeat,
920 2241 1066 2296 rideamus:

270 2317 296 2366 ct
320 2311 360 2366 si²
383 2311 468 2366 bonae
491 2311 552 2364 fidei
574 2327 712 2380 possessor
735 2311 786 2364 luit
804 2311 858 2366 siue
882 2327 948 2374 uon,
973 2311 1068 2362 debere

269 2381 407 2434 restituere
422 2379 518 2446 placet,
537 2385 564 2434 et
581 2379 684 2448 quidem
701 2379 724 2432 si
743 2379 895 2444 restituerit,
913 2383 943 2432 ut
961 2377 1067 2432 Cassius

268 2439 620 2560 111111111111111111111
638 2455 723 2512 serto,
747 2447 854 2500 liberari
870 2449 928 2516 ipso
947 2449 1005 2500 iure
1023 2447 1067 2500 de·

301 2569 341 2630 32
359 2573 475 2626 Pectus
491 2573 558 2626 libro
577 2575 716 2626 uicensimo
741 2571 779 2626 ad
795 2575 909 2628 edictam
943 2575 995 2628 Per
1012 2591 1066 2628 ser-

266 2659 327 2696 rum
350 2641 495 2710 adquisitae
517 2657 560 2694 res
582 2641 672 2694 heredi
695 2641 874 2696 restituendae
897 2647 972 2696 sunt:
998 2641 1068 2710 quod

266 2709 385 2778 procedit
407 2709 434 2762 iu
456 2707 603 2762 hereditate
626 2709 714 2764 liberti
738 2713 765 2762 et
790 2725 849 2764 crim
869 2709 900 2764 de
918 2709 1067 2764 inofficioso

268 2779 362 2846 agitur,
381 2793 440 2830 oum
457 2775 562 2830 iuterim
578 2777 607 2830 iu
624 2777 700 2830 bonis
719 2783 789 2830 esset
805 2779 923 2830 heredis:

301 2841 339 2902 33
364 2845 507 2900 Uarianos
522 2845 590 2898 libro
608 2847 700 2914 parisio
719 2845 819 2898 decimo
833 2845 870 2898 ad
881 2845 994 2900 edictum
1018 2845 1068 2898 uisi

269 2919 278 2968 1
317 2931 348 2968 ex
360 2929 389 2968 re
400 2911 503 2968 heredis
515 2913 608 2982 scripti
615 2913 756 2982 stipulatus
764 2913 806 2968 sit.
837 2915 954 2968 Iulianus
968 2915 1067 2978 scribit,

266 2983 288 3036 si
306 2983 436 3036 homiuem
453 2997 591 3050 possessor
610 2983 769 3046 distraxerit,
789 2983 810 3036 si
830 2983 933 3052 quidem
951 3001 1004 3036 111
1023 2999 1067 3036 11-

266 3051 408 3104 cessarium
436 3049 588 3114 hereditati,
620 3051 747 3118 petitione
773 3051 927 3106 hereditatis
954 3051 1068 3120 pretium

264 3125 471 3188 praestaturum:
489 3119 664 3188 imputaretur
673 3121 741 3172 enim
754 3119 785 3184 ei,
799 3121 1065 3172 sinendistraxisset:

265 3187 335 3256 quod
353 3187 375 3240 si
386 3187 563 3240 necessarium
574 3187 722 3254 hereditati,
741 3187 764 3242 si
776 3187 882 3256 quidem
894 3189 963 3250 uiuit,
982 3189 1068 3256 ipsum

264 3253 459 3324 praestandum,
477 3255 500 3308 si
512 3255 662 3320 decesserit,
680 3257 802 3310 fortassis
815 3271 864 3310 uec
877 3257 1003 3324 pretium:
1024 3255 1078 3310 sed¹

264 3339 317 3376 nou
328 3339 468 3392 passurum
485 3323 598 3376 inclinem
611 3325 654 3392 qui
668 3325 804 3392 cognoscit
815 3339 997 3394 possessorem
1009 3341 1068 3394 pre·

263 3393 328 3444 tium
346 3391 443 3446 lucrari
460 3391 560 3458 scribit,
579 3397 606 3444 et
623 3393 708 3446 uerius
728 3397 774 3446 est.

297 3457 336 3516 34
355 3459 473 3514 Paucos
488 3459 555 3514 libro
573 3463 715 3514 ricciarium
734 3461 771 3514 ad
794 3461 908 3514 edictam
944 3459 1005 3512 Filii
1028 3457 1041 3512 f
1057 3487 1068 3500 ·

263 3527 347 3580 milies
365 3529 451 3580 militis
469 3535 534 3596 puto
552 3529 609 3596 peti
631 3545 711 3596 posse
733 3529 908 3580 hereditatem
932 3543 965 3580 ex
987 3535 1068 3580 testa-

266 3601 274 3648 l
313 3603 400 3650 mento
424 3595 500 3648 uobis
524 3595 717 3650 obvenientem.
760 3595 788 3648 Si
814 3611 905 3648 servus
932 3595 973 3648 vel
999 3595 1068 3648 filius

263 3663 375 3716 familias
398 3679 441 3718 res
464 3661 638 3718 hereditarias
662 3669 765 3726 teneat,
791 3679 807 3716 1
831 3671 908 3730 patre
931 3663 1070 3716 dominove

262 3733 315 3800 peti
339 3731 471 3784 hereditas
489 3737 594 3798 potest,
623 3731 645 3784 si
668 3731 826 3784 facultatem
845 3731 1070 3784 restituendarum

262 3815 350 3852 rerum
368 3797 455 3852 habet.
482 3805 552 3852 certe
570 3799 592 3852 si
609 3799 725 3866 pretium
743 3815 831 3852 rerum
850 3799 1069 3852 hereditariarum

262 3867 426 3920 verrditarum
443 3867 471 3918 in
482 3867 586 3934 pecude
601 3869 669 3920 servi
680 3869 787 3932 habeat,
808 3873 834 3920 et
847 3867 966 3922 Iulianus
980 3867 1068 3922 existi-

261 3943 315 3988 mat
326 3949 405 4002 posse
422 3949 438 3988 a
456 3933 561 3988 domiuo
581 3935 691 4004 quasia
709 3935 774 3988 iuris
792 3951 948 4004 possessore
966 3937 1068 3990 heredi·

260 4009 342 4056 tatem
360 4003 422 4070 peti.

294 4067 333 4126 35
356 4071 446 4126 Gaius
454 4069 522 4124 libro
533 4075 612 4124 screto
624 4069 662 4122 ad
672 4071 786 4124 edictam
793 4071 963 4140 provinciale
998 4071 1071 4126 idem

260 4141 379 4192 lulianus
398 4139 435 4192 ait
452 4137 555 4192 etiamsi
572 4137 688 4192 noudum
705 4139 792 4206 pretia
809 4153 897 4192 rerum
910 4147 1069 4194 consecutus

260 4209 294 4260 sit
314 4221 416 4270 servus,
440 4221 520 4276 posse
544 4205 683 4268 adomino
702 4207 779 4274 quasi
797 4221 813 4258 a
830 4207 895 4258 iuris
914 4223 1069 4274 possessore

260 4275 431 4328 hereditatem
449 4275 511 4342 peti,
530 4273 594 4342 quia
610 4273 691 4328 habet
710 4273 851 4336 actionem,
876 4289 929 4342 111
947 4289 1005 4328 earu
1023 4291 1069 4344 pe-

260 4343 366 4396 cuniam
384 4349 576 4410 consequatur,
596 4357 664 4410 quae
682 4341 789 4410 quidem
807 4341 878 4396 actio
899 4341 1069 4412 1111111111-

259 4411 328 4464 ranti
346 4411 538 4478 adquireretur.

294 4475 333 4534 36
353 4477 471 4534 Paucos
491 4479 559 4534 libro
577 4477 719 4532 uicensimo
737 4477 775 4530 ad
791 4477 907 4532 edictum
943 4477 1005 4530 Sia
1024 4477 1070 4532 do·

259 4547 329 4600 mino
348 4547 389 4600 rel
406 4561 422 4600 a
440 4551 531 4614 patre,
550 4545 595 4612 qui
611 4545 697 4614 pretia
714 4545 848 4614 possidet,
872 4543 1005 4600 hereditas
1024 4561 1069 4614 pe·

259 4621 339 4678 tatur,
359 4631 392 4668 11
409 4615 462 4668 lilio
481 4615 522 4668 uel
541 4629 615 4666 seruo
633 4621 737 4666 mortuo
756 4615 798 4666 uel
815 4629 891 4666 seruo
907 4615 1068 4668 manumisso

258 4685 298 4736 rel
318 4681 483 4750 emancipato
502 4681 556 4736 filio
575 4681 645 4734 intra
663 4699 762 4734 annum
781 4681 823 4748 agi
848 4681 963 4736 debeat?
987 4687 1013 4734 et
1036 4699 1071 4734 11

258 4751 376 4804 debitum
395 4751 446 4804 sibi
464 4749 585 4804 dominus
604 4747 644 4804 vel
661 4757 738 4816 peter
751 4749 883 4804 deducere
901 4749 1008 4818 potest?
1026 4751 1069 4802 Iu-

257 4819 344 4870 lianus
362 4819 448 4872 uerius
467 4833 526 4870 esse
545 4817 595 4880 ait,
618 4819 647 4870 id
665 4819 736 4886 quod
753 4819 885 4870 Proculus
904 4833 1011 4886 quoque
1028 4833 1070 4882 re·

257 4885 372 4952 spondit,
391 4891 518 4954 perpetuo
537 4885 669 4940 actionem
686 4885 801 4938 dandam
820 4901 870 4938 nec
882 4885 978 4940 deduci
989 4901 1070 4954 opor-

257 4959 313 5006 tere
331 4953 358 5004 id
371 4955 441 5020 quod
452 4953 503 5022 ipsi
515 4953 635 5018 debetur,
655 4953 717 5020 quia
737 4969 791 5006 nou
803 4951 837 5006 de
848 4953 954 5020 peculio
968 4959 1070 5020 agatur,

257 5019 304 5074 sed
328 5021 462 5074 hereditas
480 5025 596 5088 petatur.
621 5023 686 5074 haec
710 5025 797 5084 recte,
822 5019 846 5074 si
863 5021 950 5086 pretia
972 5021 1071 5074 habeat

257 5103 348 5142 seruus
362 5089 402 5140 rel
414 5089 483 5142 filius
495 5087 618 5140 familias.
644 5087 715 5156 quod
733 5087 756 5140 si
773 5093 918 5154 propterea
935 5089 1069 5140 hereditas

277 5161 365 5210 etatur
383 5171 399 5206 a
418 5155 536 5220 domiuo,
555 5155 626 5224 quod
644 5171 735 5210 seruus
754 5155 858 5208 debitor
875 5155 888 5208 i
908 5155 941 5220 ’1,
960 5155 1071 5224 perinde

257 5173 350 5276 baberi
374 5221 493 5286 debebit,
518 5229 600 5292 atque
623 5225 646 5278 si
668 5223 701 5278 de
719 5223 824 5290 peculio
844 5227 975 5290 ageretur.
1000 5221 1071 5276 idem

257 5289 399 5342 dicendum
410 5289 593 5344 Mauricianus
609 5293 646 5344 ait
659 5289 762 5344 etiamsi
779 5291 922 5358 pecuniam
941 5305 972 5344 ex
984 5289 1070 5358 pretio

256 5361 411 5426 perceptam
428 5371 519 5412 seruus
545 5359 585 5412 vel
603 5359 672 5412 filius
697 5359 906 5426 consumpserit,
930 5359 978 5410 scd
1003 5359 1069 5410 alias

258 5431 269 5480 1
309 5441 342 5478 ex
359 5425 462 5492 peculio
482 5425 539 5482 eius
557 5427 625 5482 solui
648 5431 744 5494 potest.
783 5425 836 5478 Sed
860 5431 887 5478 et
910 5441 926 5480 1
950 5425 1004 5480 filio
1028 5425 1069 5478 fa·

257 5495 343 5548 mflias
362 5491 416 5562 peti
433 5491 608 5548 hereditatem
625 5509 705 5562 posse
722 5509 777 5548 non
794 5499 836 5548 est
860 5493 982 5560 dubium,
1007 5493 1071 5562 quia

256 5561 414 5616 restituendi
435 5557 593 5614 facultatem
609 5563 704 5626 habet,
729 5561 800 5616 sicut
823 5562 858 5615 ad
882 5561 1068 5614 exhibendum.

260 5729 292 5788 (o
311 5713 521 5794 serueueram.
611 5733 645 5792 (1
665 5731 696 5792 1]
704 5731 756 5780 seve
764 5733 819 5782 11.
909 5733 945 5794 (1)
965 5731 1070 5794 quoa-

207 5877 209 5882 ,
257 5797 582 5852 ciendumessetsecuadum
591 5795 863 5866 &amorfortiusseiaa
942 5799 978 5860 ll)
996 5801 1088 5878 sice,

1114 543 1196 598 multo
1219 543 1300 610 magis
1323 545 1431 598 dicimus
1454 555 1533 610 posse
1556 537 1609 606 peti
1633 537 1803 592 hereditatem
1820 555 1837 594 a
1854 537 1908 592 filio

1114 613 1239 676 familias,
1258 613 1314 680 qui,
1334 629 1393 664 cnm
1410 615 1485 678 pater
1502 607 1614 662 familias
1633 613 1701 662 esset
1719 613 1745 662 et
1761 607 1907 676 possideret

1115 685 1128 732 2
1164 679 1345 742 hereditatem,
1370 677 1550 748 adrogaudum
1573 691 1601 730 se
1617 677 1766 744 praestavit.
1803 677 1831 730 Si
1848 693 1908 748 pos·

1115 763 1202 800 sessor
1219 747 1403 800 hereditarium
1421 763 1524 800 seruum
1547 743 1684 808 occiderit,
1707 745 1734 798 id
1757 763 1861 814 quoque
1883 747 1909 798 11

1115 815 1266 868 hereditatis
1289 815 1413 882 petitione
1435 811 1534 866 ueniet:
1559 811 1605 866 sed
1628 813 1788 880 Pomponius
1811 817 1909 868 11111-

1115 889 1198 936 torem
1209 883 1303 934 debere
1315 881 1415 950 eligere,
1428 887 1517 934 utrum
1528 879 1590 940 uelit
1602 881 1651 934 sibi
1664 897 1722 934 eum
1735 883 1910 946 condemnari,

1115 955 1145 1002 ut
1163 955 1254 1004 careat
1271 965 1299 1004 se
1316 967 1368 1002 nou
1386 955 1508 1002 acturum
1524 949 1580 1014 lege
1597 949 1710 1018 Aquilia,
1729 967 1763 1004 an
1781 951 1854 1004 malit
1871 951 1911 1002 in-

1115 1023 1215 1086 tegram
1232 1017 1281 1072 sibi
1299 1033 1356 1072 esse
1374 1017 1505 1070 actionem
1521 1017 1584 1084 legis
1602 1017 1722 1086 Aquiliae
1740 1019 1837 1072 omissa
1856 1019 1911 1072 eius

1115 1087 1153 1138 rei
1171 1087 1352 1140 aestimatione
1369 1101 1386 1138 a
1402 1085 1496 1138 indice.
1523 1099 1590 1152 quae
1608 1087 1700 1138 electio
1718 1087 1806 1140 locum
1822 1087 1912 1150 hahet,

1115 1153 1137 1206 si
1156 1161 1218 1210 ante
1240 1153 1339 1208 aditam
1357 1153 1530 1206 hereditatem
1547 1153 1649 1208 occisus
1667 1153 1701 1208 sit
1724 1171 1827 1208 servus:
1853 1171 1914 1208 nam

1115 1221 1139 1276 si
1155 1231 1255 1290 postea,
1279 1223 1361 1300 ipsius
1380 1221 1449 1276 actio
1467 1221 1576 1290 propria
1593 1221 1686 1276 effecta
1704 1227 1810 1276 estnec
1828 1223 1914 1276 veniet

1116 1293 1130 1342 3
1165 1291 1194 1342 in
1210 1291 1362 1346 hereditatis
1380 1291 1540 1358 petitionem.
1577 1291 1605 1344 Si
1622 1291 1718 1358 praedo
1732 1291 1791 1346 dolo
1805 1291 1914 1346 desisset

1115 1359 1262 1424 possidere,
1286 1375 1328 1412 res
1352 1365 1440 1412 autem
1457 1373 1488 1414 eo
1512 1357 1589 1412 modo
1607 1359 1748 1422 interierit,
1773 1375 1823 1426 quo
1844 1365 1913 1412 esset

1115 1425 1254 1478 interitura
1271 1431 1297 1478 et
1315 1427 1337 1480 si
1355 1427 1446 1480 eadem
1469 1441 1551 1480 causa
1568 1427 1740 1494 possessionis
1759 1427 1914 1480 mansisset:

1116 1499 1244 1560 quantum
1261 1493 1295 1546 ad
1311 1495 1391 1546 uerba
1409 1499 1517 1548 senatus
1535 1495 1648 1548 consulti
1665 1495 1757 1546 melior
1775 1501 1815 1546 est
1833 1509 1915 1546 causa

1116 1561 1254 1628 praedonis
1273 1577 1351 1630 quam
1368 1561 1455 1614 bonae
1471 1561 1533 1616 tidei
1546 1563 1713 1630 possessoris,
1734 1561 1796 1630 quia
1807 1561 1916 1630 praedo,

1117 1627 1139 1682 si
1158 1627 1218 1682 dolo
1236 1627 1341 1682 desierit
1358 1631 1507 1696 possidere,
1530 1631 1568 1684 ita
1592 1633 1781 1684 condemnatur
1798 1635 1878 1696 atque
1896 1631 1917 1684 si

1116 1695 1269 1764 possideret,
1288 1711 1336 1750 neo
1355 1695 1487 1752 adiectum
1505 1699 1593 1762 esset³,
1611 1699 1633 1752 si
1650 1715 1692 1754 res
1709 1699 1846 1752 interierit,
1871 1699 1917 1750 sed

1117 1781 1171 1818 nou
1191 1769 1230 1816 est
1247 1765 1363 1828 dubium,
1382 1765 1443 1832 quin
1463 1781 1517 1818 non
1535 1765 1629 1820 debeat
1646 1765 1760 1822 melioris
1779 1783 1836 1820 esse
1855 1781 1913 1818 con·

1118 1831 1228 1886 dicionis
1251 1849 1329 1900 quam
1354 1831 1441 1886 bonae
1466 1831 1529 1886 fidei
1550 1849 1695 1900 possessor.
1730 1833 1819 1900 itaque
1847 1837 1872 1886 et
1897 1831 1919 1886 si

1116 1899 1200 1966 pluris
1217 1899 1326 1954 venierit
1347 1915 1404 1964 res,
1428 1901 1521 1954 electio
1546 1901 1650 1954 debebit
1676 1915 1732 1954 esse
1755 1901 1866 1964 actoris,
1890 1907 1920 1954 ut

1116 1969 1230 2034 pretium
1241 1973 1431 2036 consequatur:
1445 1969 1564 2036 alioquin
1575 1969 1693 2022 lucretur
1706 1967 1803 2036 aliquid
1809 1967 1917 2036 praedo.

1117 2039 1133 2086 4
1168 2035 1225 2104 Quo
1248 2041 1365 2104 tempore
1388 2035 1546 2104 locupletior
1564 2051 1620 2090 esse
1645 2037 1740 2090 debeat
1757 2035 1842 2088 bonae
1860 2035 1920 2090 fidei

1117 2119 1270 2170 possessor,
1297 2105 1443 2158 dubitatur:
1477 2105 1524 2158 sed
1553 2105 1634 2172 magis
1662 2109 1701 2158 est
1727 2103 1765 2158 rei
1789 2103 1921 2158 iudicatae

1118 2177 1131 2224 5
1167 2177 1272 2240 tempus
1295 2173 1468 2240 spectandum
1492 2187 1558 2228 esse.
1593 2173 1710 2226 Fructus
1733 2171 1920 2238 intelleguntur

1118 2239 1237 2294 deductis
1256 2239 1394 2308 impensis,
1419 2257 1488 2308 quae
1511 2239 1722 2308 quaerendorum
1746 2239 1922 2308 cogendorum

1118 2309 1410 2376 conservandorumque
1436 2325 1527 2362 eorum
1550 2309 1635 2376 gratia
1658 2307 1733 2361 fiunt.
1767 2307 1839 2376 quod
1868 2325 1920 2362 non

1118 2377 1205 2430 solutu
1221 2377 1249 2428 11
1266 2377 1352 2430 bonae
1369 2377 1429 2430 fidei
1447 2377 1644 2446 possessoribus
1657 2375 1784 2428 naturalis
1796 2377 1865 2428 ratio
1879 2391 1922 2428 ex-

1118 2443 1250 2512 postulat,
1274 2461 1364 2498 verum
1382 2445 1461 2498 etiam
1478 2445 1506 2498 in
1523 2443 1714 2512 praedonibus,
1739 2443 1807 2498 sicut
1825 2443 1923 2498 Sabino

1119 2527 1170 2582 quo
1192 2527 1225 2566 ue
1241 2511 1350 2578 placuit.
1688 2533 1690 2540 s

1154 2527 1192 2638 31
1216 2573 1820 2694 11111111111111111111111111111111111
1847 2571 1924 2640 Quod

1118 2641 1141 2698 si
1159 2643 1293 2710 sumptus⁴
1316 2641 1420 2710 quidem
1451 2641 1510 2706 ecit,
1529 2641 1594 2694 nihil
1613 2647 1700 2694 autem
1717 2641 1853 2694 fructuum
1865 2659 1924 2710 per·

1119 2713 1225 2776 ceperit,
1244 2711 1430 2778 aequissimum
1448 2711 1498 2764 erit
1516 2709 1646 2764 rationem
1663 2711 1758 2762 horum
1776 2725 1881 2776 quoque
1898 2711 1925 2764 iu

1118 2779 1206 2832 bonae
1223 2777 1284 2830 fidei
1300 2779 1498 2844 possessoribus
1516 2779 1617 2830 haberi.

1155 2841 1194 2902 38
1213 2845 1330 2898 Pronus
1352 2845 1419 2900 libro
1443 2845 1566 2900 uicesimo
1590 2845 1629 2898 ad
1651 2845 1764 2898 edictam
1799 2843 1881 2896 Plane
1899 2845 1926 2896 in

1121 2915 1213 2968 ceteris
1232 2913 1386 2968 necessariis
1405 2921 1431 2968 et
1442 2913 1551 2966 utilibus
1568 2913 1694 2980 impensis
1707 2929 1786 2980 posse
1798 2915 1926 2980 separari,

1120 2989 1150 3034 ut
1168 2983 1254 3034 bonae
1278 2981 1338 3034 lidei
1361 2981 1467 3050 quidem
1489 2997 1659 3050 possessores
1683 2983 1731 3034 has
1749 2997 1854 3050 quoque
1877 2983 1925 3034 im·

1119 3057 1221 3118 putent,
1240 3049 1338 3118 praedo
1358 3057 1447 3102 autem
1466 3049 1498 3102 de
1516 3065 1545 3102 se
1563 3049 1637 3118 queri
1652 3049 1754 3114 debeat,
1773 3049 1819 3118 qui
1839 3049 1926 3104 sciens

1119 3119 1147 3172 iu
1164 3135 1221 3172 rem
1238 3117 1350 3170 alienam
1367 3117 1504 3186 impendit.
1525 3117 1571 3172 sed
1590 3117 1728 3184 benignius
1748 3123 1786 3172 est
1803 3117 1831 3170 iu
1849 3117 1927 3172 huius

1120 3203 1226 3254 quoque
1249 3201 1362 3254 persona
1387 3187 1480 3240 haberi
1509 3187 1639 3238 rationem
1662 3187 1842 3254 impensarum
1866 3195 1928 3250 tnon

1121 3255 1188 3308 enirn
1208 3253 1285 3308 debet
1308 3253 1406 3322 petitor
1430 3271 1463 3308 ex
1480 3253 1567 3306 ahena
1585 3253 1689 3308 iactura
1706 3253 1811 3308 lucrum
1828 3253 1926 3318 facere)

1121 3329 1147 3376 et
1163 3323 1191 3376 id
1208 3325 1294 3392 ipsum
1313 3321 1400 3376 cilicio
1418 3321 1514 3376 iudicis
1534 3323 1725 3376 continebitur:
1744 3339 1805 3376 nam
1821 3339 1870 3376 uec
1883 3339 1928 3376 eu-

1121 3393 1208 3460 ceptio
1236 3391 1289 3446 doli
1313 3391 1374 3444 mali
1401 3391 1575 3446 desideratur.
1609 3391 1706 3460 plane⁵
1730 3397 1818 3460 potest
1844 3391 1872 3444 in
1899 3407 1928 3444 eo

1121 3459 1269 3514 differentia
1286 3475 1350 3524 esse,
1370 3467 1399 3514 ut
1416 3461 1503 3514 bonae
1521 3459 1581 3514 fidei
1597 3459 1702 3528 quidem
1718 3475 1856 3528 possessor
1874 3477 1929 3514 om-

1120 3529 1225 3582 nimodo
1244 3529 1376 3596 impensas
1395 3529 1538 3592 deducant,
1563 3527 1626 3582 licet
1649 3545 1691 3582 res
1716 3545 1769 3582 uon
1794 3533 1879 3582 exstet
1903 3529 1929 3580 in

1121 3611 1200 3664 quarn
1223 3595 1300 3660 iecit,
1328 3597 1398 3650 sicut
1420 3601 1494 3648 tutor
1518 3595 1559 3650 vel
1586 3601 1694 3650 curator
1722 3601 1929 3664 consequuntur,

1120 3663 1219 3732 praedo
1239 3671 1327 3718 autem
1345 3681 1398 3718 nou
1417 3665 1502 3728 aliter,
1522 3679 1601 3732 quam
1619 3665 1701 3718 sires
1721 3664 1812 3718 melior
1832 3665 1872 3718 sit.

1154 3727 1194 3788 39
1216 3731 1466 3786 Geroslibroseocto
1476 3731 1818 3802 uriediclurraprooiaciala
1847 3731 1930 3788 Utiles

1120 3805 1209 3852 autem
1227 3801 1446 3868 necessariaeque
1464 3805 1527 3852 sunt
1544 3799 1625 3854 veluti
1643 3817 1711 3868 quae
1726 3799 1794 3852 fiunt
1811 3801 1930 3856 reficien-

1121 3867 1214 3922 dorum
1229 3867 1408 3922 aedificiorum
1423 3867 1522 3936 gratia:
1542 3873 1589 3920 aut
1604 3867 1631 3936 11
1646 3869 1789 3922 novelleta:
1809 3875 1856 3924 aut
1872 3883 1932 3922 cum

1120 3951 1256 3990 seruorum
1265 3937 1351 4006 gratia
1360 3937 1413 3990 litis
1429 3937 1577 3988 aestimatio
1587 3937 1704 4000 soluitur,
1724 3953 1784 3990 cunr
1799 3937 1827 3990 id
1842 3937 1932 3990 utilius

1121 4005 1156 4058 sit
1168 4021 1247 4072 quam
1261 4005 1332 4074 ipsos
1349 4005 1422 4058 dedi:
1442 4003 1554 4072 denique
1569 4005 1635 4058 alias
1652 4005 1800 4072 complures
1817 4005 1932 4060 eiusdem

1123 4077 1133 4124 1
1170 4073 1273 4140 generis
1292 4087 1349 4126 esse
1366 4073 1500 4140 impensas
1517 4073 1686 4144 manifestum
1705 4079 1752 4126 est.
1789 4073 1932 4126 Videamus

1120 4147 1218 4204 tamen,
1236 4157 1269 4194 ue
1288 4147 1314 4194 et
1331 4141 1365 4194 ad
1383 4141 1549 4210 picturarum
1567 4157 1671 4210 quoque
1689 4147 1714 4192 et
1730 4157 1890 4194 marmorum
1907 4143 1932 4192 et

1122 4217 1269 4262 ceterarum
1286 4209 1497 4276 voluptariarum
1514 4225 1602 4262 rerum
1620 4209 1752 4276 impensas
1771 4225 1857 4276 aeque
1871 4225 1932 4276 pro·

1121 4277 1195 4330 ficiat
1213 4277 1289 4330 nobis
1308 4277 1362 4330 doli
1381 4277 1516 4344 exceptio,
1541 4277 1564 4330 si
1588 4275 1665 4332 modo
1684 4277 1770 4330 bonae
1789 4277 1851 4330 fidei
1870 4291 1932 4344 pos-

1121 4361 1238 4398 sessores
1257 4345 1352 4398 simus:
1372 4359 1433 4396 uam
1451 4345 1581 4412 praedoni
1598 4345 1683 4414 probe
1697 4345 1800 4396 dicetur
1815 4361 1870 4396 uon
1889 4345 1933 4396 de-

1120 4413 1210 4466 buisse
1226 4413 1258 4472 11Ι
1273 4413 1385 4466 alienam
1403 4427 1458 4464 rem
1476 4429 1656 4480 supervacuas
1680 4413 1812 4480 impensas
1830 4411 1933 4466 iacere:

1121 4487 1257 4534 attamen
1274 4485 1394 4546 potestas
1414 4481 1438 4534 ei
1455 4477 1533 4534 lieret
1550 4481 1728 4536 tollendorum
1748 4497 1847 4546 eorum,
1868 4495 1935 4548 quae

1121 4549 1178 4604 siue
1198 4549 1353 4602 detrimento
1373 4547 1457 4616 ipsius
1476 4549 1515 4600 rei
1532 4549 1590 4602 tolli
1607 4549 1720 4616 possint.

1155 4615 1196 4672 40
1214 4615 1333 4668 Pectus
1348 4615 1416 4670 libro
1434 4617 1558 4670 vicesimo
1577 4617 1614 4670 acl
1631 4617 1745 4672 :deorum
1785 4613 1854 4666 Illud
1869 4631 1935 4684 quo·

1121 4699 1173 4752 que
1192 4685 1263 4750 quod
1280 4683 1307 4736 in
1325 4685 1446 4738 oratione
1465 4683 1518 4738 diri
1534 4683 1665 4738 Hadriani
1683 4689 1738 4750 est,
1763 4689 1794 4736 ut
1811 4689 1872 4750 post
1890 4699 1934 4734 ac·

1123 4757 1229 4818 ceptum
1246 4751 1373 4804 iudicium
1386 4753 1414 4804 id
1430 4753 1517 4806 actori
1528 4757 1686 4820 praestetur,
1706 4751 1777 4820 quod
1795 4749 1935 4804 habiturus

1124 4825 1201 4882 esset,
1220 4819 1242 4872 si
1261 4837 1290 4874 eo
1310 4825 1502 4888 temporeque
1521 4821 1587 4888 petit
1604 4819 1729 4872 restituta
1747 4825 1816 4874 esset
1834 4819 1935 4872 heredi-

1122 4893 1178 4952 tas,
1201 4887 1335 4942 iuterdum
1353 4889 1449 4942 durum
1469 4895 1517 4942 est.
1545 4887 1709 4956 quidecim,
1735 4887 1757 4942 si
1781 4891 1844 4954 post
1861 4887 1932 4940 litem

1123 4959 1299 5008 contestatam
1316 4957 1451 5022 mancipia
1469 4963 1516 5008 aut
1539 4957 1657 5008 iumenta
1676 4957 1722 5006 aut
1740 4969 1840 5022 pecora
1858 4953 1935 5020 depe·

1121 5023 1233 5076 sierint?
1258 5023 1379 5076 damnari
1403 5023 1511 5076 debebit
1529 5023 1677 5076 secundum
1699 5023 1782 5074 uerba
1800 5021 1936 5084 orationis,

1122 5091 1184 5158 quia
1202 5089 1289 5158 potuit
1306 5091 1404 5158 petitor
1418 5089 1544 5144 restituta
1559 5089 1708 5144 hereditate
1724 5087 1880 5142 distraxisse
1898 5103 1935 5140 ea.

1122 5163 1150 5210 et
1166 5157 1218 5212 hoc
1235 5159 1336 5212 iustum
1349 5173 1408 5212 esse
1421 5159 1449 5212 in
1461 5157 1623 5226 specialibus
1635 5155 1809 5224 petitionibus
1822 5155 1936 5210 Proculo

1121 5225 1225 5290 placet:
1251 5225 1359 5278 Cassius
1379 5231 1474 5278 contra
1498 5225 1589 5278 sensit.
1616 5223 1644 5276 iu
1662 5223 1804 5292 praedonis
1823 5239 1938 5292 persona

1121 5293 1253 5346 Proculus
1271 5299 1343 5346 recte
1359 5293 1500 5356 existimat,
1518 5293 1546 5344 11
1562 5293 1650 5346 honae
1662 5293 1725 5346 lidei
1738 5293 1938 5360 possessoribus

1123 5359 1242 5414 Cassius.
1268 5377 1317 5414 nec
1335 5359 1406 5414 enim
1424 5361 1505 5414 debet
1520 5375 1661 5428 possessor
1685 5365 1734 5412 aut
1750 5359 1938 5416 mortalitatem

1121 5433 1274 5494 praestare,
1298 5433 1344 5482 aut
1361 5435 1473 5498 propter
1490 5433 1590 5482 metum
1607 5429 1687 5484 huius
1711 5427 1823 5496 periculi
1840 5433 1939 5484 temere

1124 5499 1136 5548 1
1172 5495 1339 5550 indefensum
1362 5497 1404 5550 ius
1423 5513 1503 5548 suum
1520 5497 1676 5566 relinquere.
1710 5497 1816 5550 Praedo
1834 5495 1938 5554 fructus

1121 5577 1185 5618 suos
1196 5563 1332 5630 11111111,
1345 5563 1393 5618 sed
1405 5569 1505 5632 augent
1515 5565 1703 5620 hereditatem:
1721 5565 1836 5634 ideoque
1849 5581 1938 5624 eorum

1121 5737 1281 5800 sumptumF
1349 5737 1383 5800 (5)
1403 5735 1521 5790 siracti
1591 5739 1626 5802 ld)
1646 5737 1786 5792 deducetF.
