4366 6258
257 377 353 428 socio

257 545 332 604 iacit,
351 557 384 594 ne
401 547 537 606 teneatur,
561 545 667 594 rernm1
686 541 709 592 si
726 541 843 608 plagium
860 541 924 594 lecit
941 543 982 596 ιιι
999 557 1062 610 sup-

257 611 358 682 pressit,
377 609 463 662 Fabia
480 609 572 662 teneri.

289 673 327 734 52
346 675 426 730 Inna
440 675 507 730 libro
527 677 681 744 trigessimo
693 675 786 744 primo
803 675 842 730 ad
857 675 971 732 edictum
998 675 1064 728 Oum

258 745 361 800 duobus
377 741 585 796 vicinis'fundus
604 741 762 796 coniunctus
780 743 881 796 ιιιιιιι
899 747 978 808 esset,
995 743 1064 794 alter

257 829 287 868 ex
305 811 345 864 his
362 809 429 876 petit
446 809 480 862 ab
499 809 592 872 altero,
611 815 641 862 ut
658 823 718 862 eum
731 809 844 862 fundum
858 813 963 874 emeret,
980 809 1019 862 ita
1033 811 1064 860 ut

257 895 286 934 ea-
303 891 374 946 pars,
392 891 462 944 quae
476 891 525 930 suc
539 875 623 930 fundo
637 877 730 930 iuncta
744 883 823 940 esset,
842 877 893 930 sibi
911 875 1062 930 cederetur:

257 963 315 1004 mox
332 945 390 1012 ipse
407 959 467 998 eum
483 941 596 996 fundum
612 943 750 1012 ignorante
773 943 859 998 ricino
884 941 958 998 emit:
983 957 1064 1010 quae-

257 1017 334 1076 ritur,
359 1027 393 1064 an
416 1011 533 1078 aliquam
555 1011 687 1064 actionem
711 1027 771 1066 curn
790 1025 821 1064 eo
839 1011 940 1064 ricinus
958 1011 1062 1062 habeat.

256 1081 372 1136 lulianus
395 1079 504 1146 scripsit
525 1079 680 1146 implicitam
704 1093 762 1132 esse
785 1075 851 1130 facti
869 1075 1062 1144 quaestionem:

257 1165 314 1204 nam
332 1147 354 1200 si
372 1147 423 1198 boc
443 1147 528 1198 solum
545 1151 633 1198 actum
652 1149 705 1210 est,
730 1149 761 1198 ιι
776 1143 889 1198 fundum
906 1145 984 1198 Lucii
1001 1145 1065 1198 Titii

256 1217 354 1270 ricinus
373 1217 471 1266 emeret
489 1217 515 1266 et
527 1227 631 1264 mecum
646 1211 862 1276 communicaret,
881 1213 1006 1266 adversus
1022 1227 1065 1264 me

257 1283 299 1352 qui
317 1279 367 1334 erni
384 1279 484 1334 nullam
506 1279 638 1334 actionem
660 1279 746 1332 vicino
770 1285 933 1348 competere:
958 1279 981 1332 si
1002 1293 1063 1332 sero

255 1351 281 1406 id
299 1353 387 1402 actum
404 1353 453 1412 est,
471 1351 501 1400 ut
518 1347 595 1416 quasi
612 1363 751 1402 commune
768 1347 902 1414 negotium
919 1351 1063 1414 gereretur,

256 1415 387 1474 societatis
413 1415 510 1470 iudicio
542 1415 668 1480 tenebor,
699 1419 729 1468 ut
754 1415 804 1468 tibi
830 1413 946 1470 deducta
971 1415 1064 1484 parte²

258 1493 267 1540 1
304 1499 382 1552 quam
396 1483 584 1536 mandaveram
598 1483 957 1552 reliquespartespraestem.
985 1483 1065 1536 Venit

257 1561 270 1608 'l
305 1557 393 1606 autem
407 1551 435 1604 in
450 1551 501 1604 hoo
515 1549 640 1606 iudicium
649 1567 698 1620 pro
708 1551 780 1606 socio
790 1551 942 1604 bonafides.
973 1551 1065 1606 Utrum

257 1635 315 1688 erge
338 1625 443 1672 tantum
466 1619 555 1672 dolum
578 1633 612 1674 an
636 1621 714 1672 etiam
739 1619 780 1672 cul
800 1635 843 1672 am
866 1625 1003 1688 praestare
1020 1635 1063 1674 so-

257 1687 323 1742 cium
348 1691 486 1754 oporteat,
510 1687 652 1754 quaeritur.
687 1693 714 1740 et
739 1635 831 1740 Oessus
857 1687 924 1740 libro
952 1687 1062 1756 septimo

257 1755 415 1822 digestorum
432 1755 471 1808 ita
488 1753 609 1822 scripsit:
628 1755 714 1810 socios
731 1755 800 1808 inter
818 1771 846 1810 se
862 1755 952 1810 dolum
967 1761 993 1810 et
1008 1755 1063 1810 cul-

257 1837 315 1892 pam
331 1827 470 1890 praestare
488 1827 600 1890 oportet.
628 1823 695 1876 siin
713 1823 833 1876 coeunda
857 1825 999 1888 societate,
1022 1823 1062 1876 in-

257 1891 317 1958 quit,
337 1895 420 1944 artem
438 1905 579 1960 operumve
595 1891 729 1958 pollicitus
748 1897 788 1944 est
805 1891 886 1956 alter,
905 1891 986 1944 veluti
1004 1907 1064 1944 cnm

257 1973 335 2078 genus
362 1957 390 2010 ιι
413 1973 554 2012 commune
578 1957 741 2026 pascendum
766 1963 813 2012 aut
839 1975 931 2026 agrum
957 1957 1064 2026 politori

275 2041 347 2078 amus
365 2025 393 2080 in
411 2041 550 2080 commune
563 2027 721 2094 quaerendis
735 2027 875 2090 fructibus,
893 2025 1015 2080 uinnrum
1027 2027 1065 2081 ibi

256 2093 333 2146 etiam
360 2095 440 2164 culpa
465 2093 627 2164 praestanda
651 2099 705 2148 est:
732 2095 847 2162 pretium
873 2095 942 2146 enim
967 2109 1064 2162 operae

256 2161 318 2214 artis
345 2167 385 2212 est
405 2161 594 2216 velamentum.
626 2161 699 2230 quod
722 2163 746 2216 si
767 2161 806 2216 rei
824 2161 957 2216 communi
975 2161 1063 2216 socius

257 2233 270 2282 3
304 2227 942 2298 necuit‚magisadmittitenlpamquoquevenire.
959 2229 1065 2286 Damna

256 2311 321 2366 quae
338 2297 550 2364 imprudentibus
568 2299 702 2362 accidunt,
720 2299 771 2350 boc
789 2305 829 2350 est
847 2299 945 2352 damna
960 2297 1063 2364 fatalia,

256 2363 320 2418 socii
338 2381 390 2418 non
410 2371 537 2434 cogentur
554 2371 702 2436 praestare:
720 2365 834 2434 ideoque
851 2367 874 2420 si
887 2381 969 2434 pecus
985 2367 1064 2420 aesti-

256 2439 353 2486 matum
377 2431 470 2486 datum
493 2433 528 2488 sit
551 2441 578 2488 et
599 2435 627 2488 id
650 2433 790 2488 latrocinio
815 2441 862 2488 aut
878 2433 999 2488 incendio
1018 2449 1064 2502 pe-

255 2499 334 2564 rierit,
353 2515 493 2554 commune
510 2501 634 2556 damnum
652 2507 702 2566 est,
719 2501 743 2556 si
760 2501 825 2554 nibil
843 2503 903 2556 dolo
921 2507 968 2554 aut
986 2503 1065 2572 culpa

256 2569 380 2622 acciderit
398 2569 462 2634 eius,
482 2569 526 2638 qni
544 2571 711 2624 aestimatum
728 2585 810 2638 pecus
828 2569 974 2638 acceperit:
993 2569 1065 2638 quod

256 2635 276 2692 si
293 2651 309 2688 a
326 2635 430 2692 furibus
449 2637 604 2706 subreptum
622 2639 669 2704 sit,
694 2637 830 2706 proprium
848 2637 904 2692 eius
923 2637 1063 2692 detrimen-

256 2709 309 2758 tum
328 2709 375 2770 est,
395 2705 456 2772 quia
475 2705 622 2760 custodiam
639 2713 775 2776 praestare
793 2705 897 2770 debuit,
921 2707 966 2776 qui
983 2707 1063 2760 aesti-

256 2779 353 2826 matum
380 2773 490 2842 accepit.
523 2773 589 2826 haec
606 2791 669 2828 vera
692 2779 768 2838 sunt,
795 2779 822 2826 et
845 2791 892 2842 pro
917 2773 989 2830 socio
1013 2773 1065 2828 erit

256 2841 337 2904 actio,
365 2839 387 2894 si
410 2841 489 2896 modo
513 2841 647 2896 societatis
675 2841 872 2896 ronnahcnuae
896 2857 978 2896 causa
1000 2857 1063 2910 pas-

256 2915 270 2962 4
305 2907 389 2962 cenda
408 2909 471 2962 data
488 2915 552 2962 sunt
568 2911 687 2976 quamvis
705 2911 853 2964 aestimata.
889 2911 1002 2976 Quidam
1019 2923 1063 2962 sa·

256 2977 351 3044 gariarn
361 2977 565 3044 negotiationem
580 2977 713 3030 coierunt:
728 2979 795 3030 alter
809 2993 843 3030 ex
857 2977 897 3028 his
913 2977 948 3030 ad
962 2991 1063 3030 meroes

256 3043 447 3112 comparandas
470 3043 606 3112 proiectus
629 3045 657 3098 iu
680 3043 797 3100 latrones
821 3043 913 3098 incidit
935 3059 1064 3112 suamque

255 3111 392 3182 pecuniam
415 3111 541 3180 perdidit,
566 3113 634 3166 servi
657 3111 712 3166 eius
735 3111 867 3166 ιιιιιιιιιιι
889 3119 951 3166 sunt
968 3127 1064 3180 resque

255 3179 375 3250 proprias
399 3181 522 3248 perdidit.
551 3179 614 3232 dicit
631 3181 749 3234 lulianus
767 3181 891 3234 damnum
909 3195 967 3232 esse
991 3197 1062 3234 com-

256 3263 331 3300 mune
353 3247 466 3316 ideoque
490 3249 594 3302 ardone
616 3263 666 3316 pro
689 3247 780 3302 ιοιιο3
798 3247 886 3302 damni
903 3251 1006 3316 partem
1024 3247 1062 3302 di·

257 3317 360 3370 midiam
378 3315 540 3382 adgnoscere
557 3315 654 3370 debere
669 3321 723 3370 tam
738 3317 868 3384 pecuniae
883 3331 962 3384 quam
976 3331 1064 3370 rerum

256 3391 416 3448 ceterarum,
440 3399 506 3452 quas
530 3399 620 3438 secum
642 3399 696 3438 non
719 3385 824 3438 tulisset
848 3385 935 3438 socius
960 3383 1011 3440 nisi
1028 3383 1064 3436 ad

256 3469 352 3508 merces
369 3451 501 3506 communi
515 3451 620 3506 nomine
634 3451 826 3520 comparandas
841 3451 1061 3520 proficisceretur.

255 3521 298 3574 sed
317 3529 343 3574 et
361 3521 383 3574 si
401 3519 464 3588 quid
480 3519 508 3572 in
525 3517 642 3574 medicos
665 3517 813 3586 impensum
836 3525 890 3584 est,
913 3535 961 3588 pro
986 3527 1062 3588 parte

256 3591 354 3644 socium
379 3603 523 3656 agnoscere
545 3587 639 3642 debere
656 3587 803 3642 rectissime
820 3587 938 3640 lulianus
956 3587 1061 3656 probat.

255 3659 364 3728 proinde
382 3663 408 3710 et
426 3657 448 3710 si
471 3655 609 3724 naufragio
633 3655 697 3724 quid
740 3657 811 3722 eriit,
837 3671 897 3710 cum
919 3671 973 3708 non
997 3655 1062 3710 alias

256 3741 354 3780 merces
377 3739 457 3794 qnam
480 3725 540 3778 nari
563 3723 678 3778 solerent
701 3673 807 3788 advehi,
836 3723 960 3776 damnum
983 3725 1062 3778 ambo

256 3795 380 3848 sentient:
407 3807 470 3844 narn
496 3791 575 3846 sicuti
596 3791 715 3856 lucrum,
742 3793 780 3844 ita
807 3793 931 3844 damnum
957 3805 1063 3860 quoque

256 3877 391 3916 commune
416 3875 474 3914 esse
491 3863 609 3980 ogortet,
635 3859 707 3926 quod
729 3875 783 3912 uon
807 3859 885 3926 culpa
908 3857 974 3912 sccii
998 3875 1062 3912 oon-

256 3933 269 3982 5
303 3929 387 3996 tingit.
425 3927 491 3982 Cum
527 3943 562 3982 uo
581 3931 656 3980 erant
674 3927 817 3994 argentarii
835 3925 914 3990 socii,
932 3927 999 3980 alter
1017 3941 1062 3980 eo·

255 4013 311 4050 rum
335 3995 435 4064 aliquid
458 3995 603 4064 separatim
626 3997 777 4062 quaesierat
800 3997 826 4048 et
844 3993 911 4048 lucri
928 3997 1062 4048 senserat:

256 4065 439 4132 quaerebatur,
458 4079 494 4116 an
511 4075 650 4118 commune
669 4077 726 4116 esse
743 4063 848 4116 luorum
866 4067 1008 4130 oporteret.
1037 4067 1063 4116 et

255 4133 397 4200 imperator
422 4131 534 4186 Severus
557 4129 648 4184 Flavio
673 4129 756 4184 Felici
777 4129 807 4184 in
829 4129 896 4184 haec
918 4131 999 4182 verba
1021 4145 1062 4182 rc-

255 4201 374 4268 scripsit:
398 4199 510 4252 ‘etiamsi
533 4199 647 4254 maxime
670 4197 837 4268 argentariae
860 4197 973 4252 societas
996 4197 1063 4252 inita

257 4273 316 4332 est,
341 4267 411 4336 quod
435 4267 546 4336 quisque
568 4273 657 4320 tamen
680 4267 768 4320 socius
792 4283 846 4320 uon
864 4281 897 4320 ex
914 4267 1064 4334 argentaria

257 4339 345 4390 ‘causa
369 4335 495 4402 quaesiit,
519 4333 548 4388 id
571 4333 606 4388 ad
631 4333 842 4388 communionem
859 4349 913 4388 non
931 4333 1063 4402 pertinere

257 4405 270 4456 b
305 4403 444 4472 ‘explorati
452 4403 518 4456 iuris
528 4403 585 4458 est'.
621 4403 786 4470 Papinianus
794 4417 900 4470 quoque
908 4403 974 4456 libro
984 4403 1062 4458 tertio

256 4487 442 4540 responsorum
459 4471 511 4524 ait:
530 4471 553 4524 si
569 4471 666 4524 fratres
683 4471 834 4538 parentium
847 4469 972 4524 indivisas
986 4471 1062 4524 bere-

257 4537 350 4594 ditates
365 4537 424 4592 ideo
439 4539 612 4604 retinuerunt,
627 4543 658 4592 ut
673 4539 877 4592 emolumentum
891 4555 924 4594 ac
938 4537 1064 4592 damnum

256 4605 338 4660 iubis
357 4621 495 4660 commune
513 4607 654 4672 sentirent,
679 4607 750 4674 quod
773 4605 879 4660 aliunde
902 4607 1062 4728 {quaesierint

257 4679 269 4726 t
304 4675 331 4726 in
350 4689 488 4728 commune
505 4691 560 4728 non
582 4673 721 4744 redigetur.
757 4673 824 4728 Item
848 4689 879 4728 ex
914 4681 974 4730 acto
998 4691 1062 4730 con·

257 4741 351 4796 sultum
374 4741 544 4810 respondisse
566 4755 595 4798 se
617 4743 656 4796 ιιι
679 4741 746 4796 bbro
764 4743 843 4796 tertio
860 4759 1062 4812 responsorum:

256 4809 321 4864 inter
339 4809 460 4864 Flavium
473 4809 609 4864 Victorem
626 4817 651 4864 et
668 4809 796 4864 Bellicum
810 4809 938 4865 Asianum
956 4813 1062 4880 placue-

256 4881 303 4942 rat,
321 4883 352 4930 ιι
369 4877 435 4932 locis
453 4877 548 4946 emptis
565 4879 679 4948 pecunia
696 4879 812 4932 Victoris
829 4885 998 4932 monumenta
1015 4879 1060 4934 lie-

255 4951 312 4998 rent
329 4961 411 5018 opera
429 4951 456 4998 et
472 4945 568 5014 peritia
585 4945 693 5012 Asiani,
717 4945 813 5016 quibus
830 4945 964 5000 distractis
982 4963 1062 5014 peon·

257 5013 324 5068 niam
343 5013 437 5068 Victor
454 5029 515 5068 cum
539 5019 612 5068 certa
635 5017 783 5086 quantitate
805 5015 948 5094 reciperet,
971 5029 1062 5084 super-

256 5079 335 5136 fluum
353 5083 469 5136 Asianus
487 5083 633 5152 acciperet,
657 5083 704 5152 qui
727 5099 836 5152 operam
857 5101 886 5138 ιι
909 5083 1063 5138 societatem

257 5151 271 5200 8
305 5149 431 5204 contulit:
456 5149 505 5204 erit
527 5167 576 5230 pro
599 5151 672 5206 socio
696 5153 775 5206 actio.
811 5151 884 5206 Idem
901 5149 1063 5220 Papinianus

257 5217 347 5272 eodem
364 5219 433 5272 libro
451 5219 502 5282 ιιι,
521 5233 544 5272 ιι
560 5219 630 5272 inter
645 5219 742 5272 fratres
759 5219 937 5274 voluntarium
956 5227 1063 5274 consor-

257 5283 319 5338 tum
335 5287 432 5340 initum
448 5285 543 5350 luerit,
568 5293 595 5340 et
612 5285 743 5356 stipendia
761 5293 903 5358 ceteraque
920 5285 1017 5340 salaria
1034 5287 1062 5340 in

259 5367 394 5430 ccmmune
402 5353 486 5422 redigi
494 5353 591 5410 iudicio
602 5357 744 5420 societatis,
759 5357 879 5424 quamvis
893 5355 963 5410 filius
974 5371 1063 5410 eman·

258 5427 358 5488 crpatus
375 5425 443 5478 baec
461 5437 515 5476 non
533 5427 644 5490 cogatur
662 5423 783 5478 conferre
799 5423 890 5488 fratri,
914 5423 1012 5494 inquit,
1036 5425 1064 5476 in

257 5495 387 5554 potestate
404 5491 537 5558 manenti,
560 5491 622 5560 quia
646 5497 673 5546 et
695 5491 719 5546 si
741 5491 769 5546 in
786 5497 920 5560 potestate
936 5497 1062 5558 ιιιιιιιι,

257 5557 273 5608 s
305 5561 450 5630 praecipua
467 5575 499 5614 ea
515 5559 633 5614 haberet.
668 5559 742 5614 ldern
758 5561 897 5630 respondit
911 5561 1065 5614 societatem

258 5731 285 5794 ιιι
305 5731 393 5782 utilius
403 5739 441 5782 est
452 5735 497 5784 ins.
593 5733 624 5796 (ι)
642 5733 774 5796 pertemF
863 5735 895 5798 (a)
914 5731 1008 5782 socium
1019 5733 1062 5782 ins.

258 5803 288 5866 ιι)
306 5815 393 5866 cogere
403 5803 498 5854 socium
509 5803 555 5856 ins.
623 5803 654 5868 (tl
674 5803 836 5868 sumptum}i
905 5803 937 5866 (a)
957 5815 1008 5850 rem
1018 5799 1063 5848 im·

1056 349 1116 424 225

1788 347 1880 420 XVII
1904 351 1923 424 aff

1115 557 1169 592 non
1185 553 1264 608 posse
1281 541 1351 592 ultra
1368 547 1479 596 mortem
1499 539 1611 622 porrigi,
1636 543 1663 592 et
1684 535 1745 590 ideo
1769 549 1818 614 neo
1841 537 1923 592 liber-

1114 611 1197 660 tatem
1219 605 1252 658 de
1274 605 1404 672 supremis
1425 609 1530 664 ιιιιιιιι
1553 605 1731 674 constringere
1749 617 1808 670 quis
1824 605 1924 670 poterit

1114 673 1175 726 vel⁴
1201 677 1341 740 cognatum
1367 673 1519 730 ricemerem
1543 673 1746 744 proximioribus
1777 669 1921 748 praeterre.

1118 745 1147 792 10
1182 739 1416 806 ldcmrespoudit:
1430 741 1527 804 socius,
1538 743 1583 810 qui
1592 739 1720 796 cessantis
1730 741 1923 792 cessantrumve

1114 805 1249 874 portiones
1266 805 1369 860 insulae
1386 807 1539 874 restituerit,
1557 809 1674 878 quamvis
1688 813 1737 862 aut
1750 811 1847 860 sortem
1862 821 1923 858 cum

1115 873 1195 928 certis
1213 873 1301 928 usuris
1318 873 1389 928 intra
1406 879 1533 942 quattuor
1548 891 1666 940 menses,
1709 881 1832 944 ostquam
1856 887 1922 940 opus

1115 941 1243 996 refectum
1262 943 1324 1004 erit,
1342 941 1460 1010 recipere
1477 947 1566 1010 potest
1583 945 1677 1012 exiges
1697 959 1765 1012 oque
1788 941 1922 1012 privilegio

1115 1015 1204 1062 utetur
1228 1015 1275 1062 aut
1299 1009 1424 1078 deinceps
1448 1009 1583 1126 propriam
1607 1027 1662 1064 rem
1686 1011 1808 1076 habebit,
1835 1013 1923 1080 potest

1115 1081 1203 1130 tamen
1220 1093 1269 1144 pro
1287 1077 1360 1132 socio
1379 1091 1457 1144 agere
1474 1091 1490 1128 ι
1525 1075 1590 1140 boc,
1608 1081 1639 1130 ut
1656 1093 1834 1148 consequatur
1851 1075 1923 1148 quod

1115 1159 1164 1198 sua
1181 1145 1315 1198 intererat.
1338 1143 1409 1212 finge
1424 1143 1492 1198 enim
1504 1143 1582 1196 malle
1598 1159 1657 1196 eum
1670 1147 1752 1214 magis
1767 1161 1843 1200 suum
1859 1161 1923 1200 con·

1115 1213 1189 1280 sequi
1203 1227 1282 1280 quam
1297 1211 1442 1266 dominium
1454 1211 1566 1264 insulae.
1593 1211 1677 1266 oratio
1693 1213 1762 1266 eninr
1777 1215 1828 1268 diri
1837 1213 1924 1268 Marci

1114 1279 1212 1332 idcirco
1231 1285 1359 1348 quattuor
1376 1279 1509 1332 mensibus
1533 1277 1591 1330 finit
1615 1283 1701 1332 certas
1725 1297 1835 1348 usuras,
1860 1283 1923 1350 quia

1117 1351 1145 1400 11
1182 1353 1243 1414 post
1260 1351 1386 1416 quattuor
1410 1345 1553 1400 dominium
1576 1343 1656 1400 dedit.
1691 1345 1719 1400 Si
1742 1351 1788 1414 qui
1811 1351 1923 1404 societa-

1114 1419 1168 1468 tem
1185 1413 1221 1468 ad
1238 1413 1377 1468 emendum
1395 1413 1518 1480 coierint,
1544 1411 1638 1468 deiude
1661 1427 1704 1468 ιιι
1727 1415 1836 1470 alterins
1861 1417 1922 1472 dolo

1114 1483 1155 1536 ιιι
1173 1483 1252 1552 culpa
1269 1489 1358 1552 empta
1383 1499 1437 1536 non
1463 1483 1512 1548 sit,
1535 1497 1584 1552 pro
1610 1481 1683 1534 socio
1711 1485 1924 1540 assecutionem

1115 1555 1227 1606 constat.
1259 1551 1339 1630 plane
1363 1551 1386 1606 si
1404 1551 1524 1606 condicio
1544 1549 1578 1604 sit
1595 1549 1698 1604 adiecta
1716 1547 1747 1602 ‘si
1763 1549 1834 1604 intra
1850 1553 1924 1606 illum

1115 1619 1193 1672 ‘diem
1215 1621 1332 1684 vennet',
1357 1625 1384 1672 et
1401 1619 1457 1672 dies
1480 1619 1537 1672 sine
1561 1619 1641 1686 culpa
1664 1615 1729 1672 socii
1751 1621 1923 1686 praeterierit,

1117 1691 1146 1740 ιι
1183 1687 1297 1742 cessabit
1320 1687 1391 1742 actio
1410 1703 1458 1756 pro
1476 1687 1557 1742 socio.
1593 1687 1659 1740 ltem
1676 1683 1743 1738 siin
1761 1701 1924 1740 communem

1115 1755 1199 1810 rivum
1215 1755 1386 1810 reficiendum
1404 1757 1516 1822 inpensa
1532 1753 1605 1808 facta
1623 1753 1671 1820 sit,
1695 1767 1743 1822 pro
1768 1753 1840 1806 socio
1865 1769 1924 1808 esse

1115 1823 1246 1876 actionem
1264 1823 1299 1876 ad
1315 1823 1518 1890 reciperandum
1535 1827 1668 1890 sumptum
1681 1819 1788 1876 Oassius
1807 1819 1922 1888 scripsit.

1118 1895 1146 1944 13
1181 1891 1247 1944 ltem
1264 1891 1336 1944 Mela
1358 1891 1464 1954 scribit,
1489 1891 1511 1944 si
1534 1891 1613 1944 ricini
1635 1889 1782 1960 semipedes
1804 1889 1874 1942 inter
1895 1903 1925 1942 se

1115 1957 1298 2024 contulerunt,
1316 1963 1346 2012 ut
1363 1957 1399 2010 ibi
1417 1957 1554 2012 craticium
1572 1957 1699 2026 parietem
1716 1957 1786 2010 inter
1802 1971 1832 2010 se
1849 1955 1923 2010 aedi-

1115 2025 1227 2080 ficarent
1243 2023 1278 2080 ad
1295 2041 1378 2094 onera
1394 2025 1533 2092 utriusque
1550 2025 1719 2090 sustinenda,
1737 2023 1833 2078 deinde
1851 2023 1924 2076 aedi-

1115 2093 1193 2146 ficato
1211 2095 1312 2162 pariete
1331 2093 1398 2146 alter
1414 2093 1443 2146 in
1460 2107 1520 2146 eum
1537 2093 1634 2146 inmitti
1650 2109 1705 2148 non
1721 2093 1855 2162 patiatur,
1874 2107 1922 2160 pro

1115 2161 1188 2216 socio
1215 2161 1353 2230 agendum.
1381 2161 1503 2231 idemque
1526 2167 1553 2214 et
1575 2161 1598 2216 si
1620 2163 1709 2214 aream
1731 2161 1759 2214 in
1786 2173 1924 2216 commune

1115 2229 1238 2294 emerint,
1257 2243 1290 2282 ue
1307 2229 1451 2284 luminibus
1469 2229 1524 2284 suis
1542 2227 1706 2294 efficeretur,
1730 2233 1757 2282 et
1774 2227 1851 2282 alteri
1868 2233 1923 2282 tra·

1115 2297 1171 2350 dita
1188 2295 1223 2350 sit
1240 2311 1289 2350 neo
1307 2301 1425 2366 praestet
1442 2297 1518 2352 alteri
1535 2295 1605 2366 quod
1624 2295 1759 2362 convenit,
1783 2311 1831 2364 pro
1850 2295 1923 2350 socio

1117 2369 1148 2418 tt
1183 2365 1314 2418 actionem
1338 2379 1403 2418 esse.
1439 2365 1467 2420 si
1490 2365 1581 2434 plures
1598 2365 1652 2418 sint
1668 2365 1737 2418 inter
1755 2365 1862 2418 eosdem
1880 2379 1923 2418 se-

1115 2431 1223 2488 cietates
1250 2433 1350 2498 caitae,
1376 2431 1411 2486 ad
1437 2449 1529 2488 omnes
1554 2433 1695 2488 societates
1721 2431 1845 2488 sufficere
1871 2433 1923 2486 hoc

1119 2505 1146 2554 15
1181 2501 1398 2554 unumiudioium
1408 2507 1520 2554 constat.
1556 2501 1657 2570 Siquis
1673 2517 1705 2556 ex
1720 2501 1798 2554 sociis
1813 2517 1862 2570 pro
1883 2505 1923 2554 ter

1115 2569 1268 2624 societatem
1284 2569 1421 2638 proiectus
1439 2569 1487 2634 sit,
1508 2569 1590 2624 veluti
1613 2569 1648 2622 ad
1670 2585 1771 2624 meroes
1790 2517 1923 2632 emendas,

1115 2653 1161 2692 eos
1178 2637 1317 2692 dumtaxat
1335 2641 1506 2706 sumptuum³
1523 2637 1645 2692 societati
1661 2637 1803 2706 imputabit
1828 2635 1874 2716 qui
1897 2637 1924 2690 in

1116 2719 1174 2760 eam
1191 2721 1248 2760 rern
1264 2705 1393 2774 impensi6
1410 2709 1486 2760 sunt:
1510 2705 1608 2760 viatica
1629 2705 1710 2774 igitur
1733 2711 1759 2760 et
1776 2705 1923 2760 meritorio-

1114 2791 1173 2828 rum
1190 2779 1216 2828 ιι
1232 2773 1411 2840 stabulorum,
1434 2773 1611 2828 iumentorum
1634 2773 1816 2828 ιιιιιιοιιιι7
1834 2779 1924 2828 vectu-

1114 2857 1159 2896 ras
1176 2841 1218 2896 rel
1235 2841 1277 2896 sui
1299 2841 1341 2896 ιιι
1364 2841 1527 2896 sarcinarum
1550 2857 1659 2896 suarum
1680 2841 1767 2910 gratia
1789 2841 1831 2896 ιιι
1853 2857 1923 2896 mer-

1117 2915 1148 2964 16
1182 2909 1252 2964 cium
1274 2915 1347 2962 recte
1368 2909 1517 2978 imputabit.
1553 2907 1660 2962 Socium
1682 2911 1806 2962 universa
1828 2909 1856 2962 in
1880 2925 1923 2962 so-

1115 2977 1237 3032 cietatem
1263 2977 1385 3040 conferre
1411 2977 1507 3030 debere
1529 2977 1653 3030 Neratius
1680 2977 1732 3042 ait,
1758 2977 1781 3030 si
1807 2977 1924 3030 omnium

1114 3043 1244 3098 bonorum
1268 3043 1356 3098 socius
1386 3043 1434 3100 sit:
1460 3049 1488 3098 et
1508 3043 1567 3098 ideo
1592 3043 1646 3098 ιιιι
1670 3043 1704 3098 ob
1727 3043 1850 3098 iniuriam
1874 3043 1924 3098 sibi

1113 3111 1213 3166 factam
1230 3111 1272 3166 vel
1289 3111 1395 3180 exlege
1412 3111 1533 3178 Aquilia,
1556 3111 1611 3164 sire
1627 3111 1710 3180 ipsius
1728 3111 1782 3166 sive
1799 3111 1846 3166 filii
1865 3127 1923 3166 cor-

1118 3185 1146 3232 rt
1182 3179 1241 3248 pori
1259 3181 1377 3232 nocitum
1391 3179 1434 3244 sit,
1452 3179 1574 3232 conferre
1589 3179 1684 3232 debere
1698 3179 1843 3248 respondit.
1871 3181 1923 3232 lbi-

1115 3247 1174 3300 dem
1191 3247 1229 3300 ait
1245 3245 1346 3300 socium
1364 3247 1481 3300 omnium
1497 3247 1627 3302 bonorum
1643 3261 1698 3300 non
1717 3247 1774 3316 cogi
1793 3247 1922 3312 conferre,

1117 3319 1147 3368 18
1182 3329 1249 3384 quae
1273 3329 1306 3368 ex
1322 3313 1461 3382 prohibitis
1481 3313 1568 3368 ιιιιιι
1586 3313 1749 3382 adquisierit.
1784 3315 1836 3370 Per
1860 3331 1922 3368 cou-

1114 3381 1225 3436 trarium
1249 3397 1353 3450 quoque
1381 3381 1452 3450 apud
1477 3387 1577 3436 ueteres
1600 3387 1746 3448 tractatur,
1772 3397 1808 3436 an
1834 3385 1923 3436 socius

1114 3451 1230 3504 omnium
1254 3451 1398 3514 bonorum,
1425 3451 1448 3502 si
1471 3449 1534 3518 quid
1557 3451 1592 3504 eb
1614 3451 1769 3504 iniuriarum
1793 3451 1924 3504 actionem

1115 3517 1254 3574 damnatus
1276 3517 1452 3586 praestiterit,
1484 3533 1516 3572 ex
1540 3517 1671 3572 communi
1693 3523 1871 3588 consequatur
1893 3523 1924 3572 ut

1114 3591 1237 3654 praestet.
1264 3589 1290 3640 et
1308 3585 1448 3640 Atilicinus
1464 3585 1578 3640 Sabinus
1593 3585 1700 3640 Cassius
1717 3587 1922 3654 responderunt,

1114 3653 1137 3706 si
1154 3655 1249 3708 iniuria
1266 3653 1359 3706 iudicis
1379 3655 1518 3706 damnatus
1537 3653 1586 3718 sit,
1610 3659 1828 3720 consecuturum,
1848 3655 1871 3710 si
1888 3655 1923 3710 ob

1113 3721 1269 3776 maleficium
1287 3737 1378 3786 suurn,
1395 3721 1482 3790 ipsum
1499 3727 1603 3778 tantum
1620 3721 1745 3776 damnum
1763 3723 1860 3778 sentire
1878 3723 1923 3778 de-

1113 3789 1185 3844 bere.
1211 3789 1254 3844 oui
1276 3789 1410 3856 congruit,
1434 3789 1504 3858 quod
1522 3789 1640 3844 Servium
1663 3791 1832 3860 respondisse
1848 3791 1923 3846 Aufi-

1115 3855 1174 3910 dius
1192 3857 1287 3922 refert,
1312 3859 1335 3910 si
1358 3857 1423 3912 socii
1440 3859 1569 3912 bonorum
1591 3857 1703 3922 fuerint,
1728 3857 1823 3912 deinde
1845 3875 1923 3924 unus,

1114 3939 1175 3978 cum
1192 3925 1226 3978 ad
1243 3925 1368 3978 iudicium
1386 3941 1439 3980 non
1457 3925 1569 3990 adesset,
1587 3925 1728 3980 damnatus
1745 3925 1789 3990 sit,
1807 3941 1862 3980 non
1878 3925 1923 3980 de·

1114 3993 1177 4046 bere
1194 4007 1254 4048 eum
1271 3991 1303 4046 de
1321 3991 1452 4048 communi
1469 3993 1497 4046 id
1514 3993 1654 4060 consequi,
1678 3993 1701 4048 si
1718 4009 1780 4048 vero
1798 4009 1923 4062 praesens

1113 4061 1236 4114 iniuriam
1253 4059 1347 4116 iudicis
1364 4075 1461 4130 passus
1479 4061 1527 4126 sit,
1546 4061 1579 4116 de
1597 4063 1728 4114 communi
1745 4061 1922 4116 sanciendum.

1149 4123 1188 4186 53
1207 4129 1287 4184 Inar!
1301 4129 1370 4184 libro
1388 4129 1543 4200 tripenrinco
1561 4129 1599 4184 cd
1614 4129 1743 4184 Sabinum
1780 4129 1857 4196 Quod
1875 4145 1921 4184 au·

1114 4201 1168 4252 ιιιι
1187 4213 1218 4252 ex
1235 4195 1307 4252 furto
1325 4197 1366 4252 ιιι
1385 4213 1417 4252 ιιι
1434 4197 1485 4252 alio
1504 4195 1633 4252 ιιιιιιιιιι
1651 4197 1800 4266 quaesitum
1818 4203 1873 4262 est,
1896 4197 1922 4250 in

1115 4265 1268 4320 societatem
1285 4283 1338 4320 non
1356 4271 1479 4336 oportere
1497 4265 1611 4320 conferri
1628 4267 1716 4336 palam
1734 4271 1782 4332 est,
1800 4267 1863 4336 quia
1878 4267 1920 4320 de·

1113 4333 1236 4388 lictorum
1258 4333 1344 4402 turpis
1368 4339 1447 4404 atque
1463 4333 1544 4388 foeda
1562 4333 1710 4390 communio
1728 4339 1776 4386 est.
1803 4333 1884 4402 plane
1901 4333 1924 4386 si

1114 4401 1142 4454 in
1158 4401 1272 4456 medium
1290 4401 1389 4456 collata
1406 4403 1440 4456 sit
1448 4403 1466 4468 ⁸,
1485 4417 1623 4456 commune
1640 4401 1689 4456 erit
1706 4401 1819 4456 lucrum.

1149 4465 1189 4524 54
1212 4469 1383 4526 Pannonius
1406 4471 1474 4526 libro
1501 4471 1578 4524 tertio
1604 4471 1704 4524 decr'mc
1731 4469 1768 4522 act
1792 4467 1923 4522 Sabinam

1115 4537 1191 4606 Quod
1209 4539 1278 4592 enim
1295 4555 1328 4594 ex
1347 4537 1477 4594 maleficio
1496 4537 1636 4592 contulerit
1653 4537 1755 4602 socius,
1772 4551 1828 4590 non
1846 4537 1923 4590 aliter

1114 4603 1232 4672 recipere
1250 4607 1335 4672 debet,
1372 4621 1434 4660 uam
1452 4607 1476 4660 si
1493 4605 1633 4660 damnatus
1652 4605 1694 4658 sit.

1148 4671 1188 4730 55
1211 4625 1434 4728 Urnrmrsqttbra
1450 4675 1605 4744 trigessimo
1619 4675 1657 4726 ad
1670 4669 1799 4726 Sabinam
1833 4669 1862 4724 Si
1876 4671 1923 4740 igi-

1114 4747 1158 4796 tur
1176 4759 1208 4798 ex
1225 4741 1276 4796 boc
1295 4747 1440 4798 conventus
1457 4741 1538 4794 fuerit
1559 4741 1605 4810 qui
1627 4739 1786 4794 maleficium
1809 4739 1923 4808 admisit,

1113 4809 1141 4864 id
1158 4809 1230 4880 quod
1247 4810 1359 4865 eontulit
1376 4815 1425 4864 aut
1441 4808 1525 4864 solum
1543 4813 1590 4862 aut
1613 4825 1674 4862 cum
1695 4823 1783 4876 poena
1805 4807 1922 4864 auferet:

1114 4879 1199 4934 solum
1217 4879 1320 4932 auferet
1326 4879 1346 4944 ⁰,
1364 4879 1388 4932 si
1405 4877 1469 4932 mihi
1484 4891 1619 4946 proponas
1632 4875 1761 4930 insciente
1774 4877 1847 4932 socio
1864 4893 1923 4934 eum

1113 4947 1143 5002 in
1157 4947 1293 5002 societatis
1307 4947 1439 5002 rationem
1452 4947 1504 5000 lroc
1520 4945 1677 5000 contulisse:
1690 4945 1762 5014 quod
1776 4945 1800 5002 si
1814 4945 1923 5014 sciente,

1115 5017 1194 5070 etiam
1210 5031 1323 5086 poenam
1340 5017 1443 5072 socium
1460 5029 1603 5082 agnoscere
1615 5019 1734 5084 oportet:
1753 5029 1867 5086 aequum
1883 5023 1924 5070 ιιι

1115 5085 1192 5150 enirn,
1208 5091 1239 5138 ιι
1259 5085 1333 5140 cuius
1351 5081 1521 5152 participarit
1534 5081 1636 5138 lucrum
1650 5083 1794 5154 participet
1808 5091 1835 5140 et
1849 5085 1923 5140 dam-

1115 5169 1187 5206 uum.

1149 5217 1189 5278 56
1212 5221 1331 5276 Partus
1350 5219 1419 5274 libro
1442 5223 1521 5274 screto
1544 5219 1582 5274 cd
1603 5219 1731 5276 Sabinum
1766 5221 1823 5276 Neo
1849 5223 1922 5290 quic-

1132 5305 1194 5344 uam
1206 5287 1325 5352 interest,
1340 5293 1430 5342 utrum
1444 5293 1566 5344 manente
1583 5289 1710 5344 societate
1717 5289 1880 5360 praestiterit
1889 5289 1923 5344 cb

1114 5305 1215 5410 darton
1232 5371 1266 5410 an
1284 5355 1413 5410 dissoluta
1431 5371 1471 5410 ea.
1496 5357 1617 5428 idemque
1632 5365 1673 5412 est
1686 5359 1714 5412 in
1727 5359 1850 5412 omnibus
1865 5363 1923 5412 tur-

1115 5423 1192 5492 pibus
1211 5423 1366 5502 acticnibns,
1385 5423 1467 5478 veluti
1484 5425 1653 5492 iniuriarum,
1671 5427 1697 5480 ιι
1712 5425 1844 5482 bonorum
1861 5441 1923 5494 rap·

1115 5497 1212 5558 torum,
1229 5505 1297 5546 serat
1312 5491 1431 5560 corrupti
1448 5497 1474 5548 et
1487 5495 1623 5560 similibus,
1640 5493 1709 5550 etin
1723 5493 1845 5548 omnibus
1858 5509 1923 5562 poe·

1115 5561 1156 5614 nis
1172 5557 1332 5630 pecuniariis
1349 5575 1419 5630 quae
1436 5577 1469 5616 ex
1486 5563 1599 5632 publicis
1615 5563 1719 5616 iudiciis
1737 5561 1871 5616 ιιιιιιιιι.

1116 5729 1188 5796 pensi
1196 5729 1225 5788 S:
1235 5729 1306 5792 Ρθιιιί
1316 5731 1368 5794 (ιιι.
1377 5749 1429 5782 rem
1439 5733 1485 5796 im)
1494 5735 1520 5784 F
1629 5731 1662 5794 (t)
1681 5731 1866 5782 carrulcrumre
1875 5715 1923 5796 scr.

1116 5801 1150 5864 (8)
1168 5797 1290 5848 ⁸5¹²fflal·
1359 5803 1391 5868 (e)
1410 5801 1520 5872 autemst
1529 5817 1549 5852 s.
1561 5799 1704 5850 auferretF

1689 5883 1721 5934 ιιι
