4366 6258
290 397 459 464 XXXVIII
479 403 499 464 2
1091 395 1157 466 tit

1553 421 1597 466 nn
1619 419 1719 468 nonis
1740 395 1985 494 nraaanonoq}

289 589 379 654 petere
403 583 534 638 bonorum
575 581 762 650 essessionem,
788 583 906 652 quamvis
929 583 998 638 aeris
1017 581 1098 638 alieni
1149 583 1258 652 adoptio
1285 589 1407 648 noceret,
1436 599 1533 640 nocere
1561 583 1640 638 debet
1667 583 1863 650 exheredatos,
1889 587 1985 656 quast

217 685 218 688 =
290 649 450 720 magnitudo,
468 599 676 718 qoemIttertus
693 651 836 720 reliquerit,
854 649 996 706 iacmtates
1013 651 1097 718 patri·
1148 651 1221 704 niam
1244 667 1344 722 poena,
1374 667 1443 720 quae
1471 651 1572 720 legibus
1598 655 1645 704 aut
1670 649 1757 706 edicto
1781 651 1946 728 irrogarem,

290 719 371 776 monii
389 719 444 772 eius
463 717 575 772 excedat
584 719 601 782 ¹,
618 719 699 772 veluti
716 719 740 774 si
755 719 867 788 praedia
884 725 945 772 sunt
960 719 1050 786 aliqua
1065 735 1098 772 ex
1149 717 1299 788 adoptionis
1315 719 1431 772 remedio
1448 735 1503 772 non
1517 719 1711 772 obliteraretur.
1737 717 1855 772 Pronus
1865 727 1961 784 aotam*
1982 752 1983 755 =

290 787 366 842 bouis
390 787 491 852 liberti,
512 787 540 840 in
564 787 659 864 quibus
681 787 811 842 maiorum
832 787 939 856 patroni
957 787 1098 854 sepulchra
1150 787 1187 852 ei,
1213 787 1259 856 qui
1281 787 1332 842 aliu
1354 787 1411 840 iure
1435 787 1506 842 uenit
1523 801 1603 856 quarn
1620 801 1664 852 eo,
1688 787 1760 856 quod
1782 787 1881 850 amisit,
1902 805 1961 852 uoq„

290 851 352 916 sint,
367 859 393 908 et
404 855 493 922 magni
510 859 633 908 aestimat
644 861 775 924 patronus
788 853 919 908 bonorum
929 853 1098 934 possessIone
1149 861 1229 908 nocet
1245 853 1272 906 id
1290 853 1362 922 quod
1379 853 1505 922 perdidit,
1523 853 1571 910 sed
1587 853 1697 922 prodest
1714 853 1785 922 quod
1801 853 1894 906 habet:
1915 859 1944 918 riq
1955 869 1959 928 J

291 925 351 978 iura
368 937 417 992 pro
435 927 511 988 parte
529 921 579 976 ea2
596 919 678 978 adse
695 921 835 988 pertinere,
854 923 896 976 rel
910 921 1010 990 ahquid
1022 935 1098 976 man·
1151 923 1251 976 dictum
1275 927 1315 976 est
1337 927 1452 988 petrono
1475 921 1650 990 eodemque¹1
1671 927 1802 990 patronae
1823 919 1877 974 lilio
1903 935 1953 994 nous
1980 977 1984 987 ,

293 991 397 1060 cipium,
416 991 488 1058 quod
504 1005 558 1042 non
569 991 663 1058 pretio,
683 989 730 1044 sed
741 989 840 1042 affectu
851 991 886 1044 sit
897 989 1097 1042 aestimandum.
1151 991 1253 1054 obesse,
1272 989 1344 1058 quod
1361 991 1439 1058 quasi
1454 995 1586 1058 patronus
1604 989 1722 1058 deliquit,
1743 989 1767 1042 si
1783 991 1814 1042 ut
1830 993 1945 1056 patruum
1981 1018 1985 1036 ι

292 1075 345 1114 non
362 1073 424 1126 ergo
442 1055 502 1112 ideo
518 1057 604 1112 minus
621 1057 720 1112 habere
738 1057 817 1112 debet
833 1057 876 1112 ius
898 1057 1029 1126 petendae
1050 1057 1098 1112 bo·
1153 1063 1164 1110 1
1200 1055 1272 1110 filius
1297 1057 1388 1110 ventre
1416 1057 1510 1126 possit.
1554 1057 1743 1112 Pammenes.
1779 1055 1944 1126 Castrensium
1980 1090 1981 1093 η

293 1141 387 1182 norum
404 1125 592 1192 possessionis,
614 1127 659 1194 qui
677 1125 764 1178 auimo
781 1125 871 1192 potins
890 1139 970 1194 quarn
987 1125 1100 1180 aliorum
1151 1127 1282 1180 bonorum
1305 1123 1406 1178 Titium
1427 1125 1539 1180 libertus
1561 1123 1627 1180 feeit
1647 1123 1786 1190 heredem,
1812 1129 1944 1190 ceterorum

294 1195 490 1262 computatione
507 1195 579 1246 bona
594 1193 684 1248 liberti
700 1191 830 1258 aestimat,
850 1207 910 1246 cum
926 1193 979 1246 eoi
999 1209 1029 1246 so
1043 1191 1100 1246 sui·
1151 1193 1245 1246 alium:
1265 1191 1338 1246 adita
1355 1197 1397 1246 est
1413 1207 1430 1246 a
1447 1193 1518 1246 Titio
1537 1193 1683 1246 hereditas:
1706 1191 1790 1260 mam's
1807 1189 1884 1246 nobis
1900 1195 1945 1260 pla
1980 1216 1981 1225 .

292 1261 372 1316 licere
395 1261 581 1330 patrimonium
602 1261 686 1316 uideri
707 1261 807 1328 possit,
834 1261 906 1330 quod
929 1265 956 1316 et
977 1209 1101 1316 Xeredem
1153 1261 1231 1316 cebat
1247 1261 1365 1314 nondum
1386 1267 1529 1330 patronum
1569 1261 1745 1316 ossessionem
1767 1261 1953 1334 coutratabu.

293 1329 390 1382 habeat
407 1333 435 1382 et
451 1329 582 1384 bonorum
597 1343 786 1400 possessorem.
1152 1331 1192 1384 las
1210 1333 1299 1396 petere
1317 1343 1405 1396 posse.
1440 1345 1531 1384 uerum
1612 1329 1731 1398 quaestio
1749 1325 1902 1392 intervenit,
1922 1345 1946 1390 aq

276 1435 277 1438 =
328 1393 366 1454 37
391 1395 534 1452 ULPJANUS
550 1399 618 1454 libro
633 1395 774 1450 andecimo
798 1395 835 1450 acl
855 1397 879 1450 ic
899 1411 940 1450 eru
957 1395 1057 1450 Iuliam
1076 1401 1102 1450 et
1153 1397 1290 1450 omittente
1314 1411 1344 1450 eo
1368 1395 1414 1466 qui
1434 1397 1537 1466 reliqua
1553 1397 1624 1450 bona
1641 1397 1746 1466 accepit
1757 1393 1872 1478 perinde
1889 1395 1985 1460 Titiam

295 1465 409 1536 Papiam
448 1465 567 1518 Iulianus
588 1465 638 1528 ait,
668 1463 692 1518 si
713 1469 843 1532 patronus
866 1413 996 1518 h'bertatis
1019 1479 1102 1518 causa
1153 1465 1319 1528 adcrescant,
1337 1479 1369 1518 ac
1388 1463 1411 1516 si
1428 1469 1518 1534 partes
1538 1465 1655 1518 eiusdem
1673 1463 1828 1518 hereditatis
1844 1467 1946 1534 acceph-

294 1531 417 1600 imposita
434 1533 545 1588 libertae
562 1531 746 1596 revendiderit,
764 1531 847 1586 filium
865 1531 922 1586 eius
939 1549 956 1584 a
970 1531 1102 1586 bonorum
1154 1541 1220 1586 sent.
1251 1533 1364 1588 ¹²rerius
1382 1533 1446 1586 mihi
1463 1531 1567 1586 ridetur
1578 1533 1698 1588 intestati
1711 1533 1769 1586 itus
1782 1531 1880 1586 deferri
1890 1533 1947 1594 bona
1982 1555 1985 1580 1

295 1599 462 1668 possessione
480 1599 648 1664 summoveri,
673 1599 774 1654 scilicet
798 1601 861 1668 quia
882 1615 932 1654 nec
950 1605 1044 1654 contra
1061 1605 1101 1654 ta·
1154 1605 1252 1654 cetera.
1280 1599 1367 1654 Titius
1380 1601 1461 1668 igitur
1473 1601 1551 1654 heres
1565 1617 1620 1654 non
1633 1601 1733 1670 poterit
1744 1599 1858 1654 inritare
1871 1615 1947 1658 manu·
1981 1607 1983 1658 i

295 1667 373 1722 bulas
390 1669 543 1724 testamenti
560 1667 648 1722 liberti
670 1665 802 1720 bonorum
818 1667 1014 1736 possessionem
1032 1669 1102 1720 acci·
1154 1669 1299 1732 missorem,
1309 1685 1369 1724 cum
1376 1669 1446 1724 Titio
1455 1669 1521 1722 nihil
1530 1667 1674 1732 auferatur,
1685 1685 1734 1724 nec
1743 1669 1821 1724 bonis
1832 1669 1947 1740 cerense,
1984 1673 1985 1678 ’

295 1737 360 1806 piat,
373 1737 494 1804 quotiens
505 1743 582 1804 pater
593 1735 666 1788 eiusi
680 1735 778 1788 donum
791 1753 888 1790 munus
902 1735 1102 1804 operasliberto
1155 1743 1169 1790 ‘i
1205 1751 1274 1804 quae
1283 1735 1402 1792 nondum
1412 1735 1447 1790 ad
1457 1753 1566 1792 oausam
1576 1737 1728 1790 testamenti
1737 1737 1878 1804 pertinent.
1897 1735 1956 1796 em*
1982 1751 1985 1798 3

296 1805 477 1858 revendiderit.
513 1803 592 1872 plane
616 1803 638 1856 si
660 1803 768 1870 patroni
785 1801 855 1858 filius
872 1803 1003 1858 libertatis
1022 1819 1104 1858 causa

295 1873 417 1940 Imposita
434 1871 624 1934 revendiderit,
647 1869 729 1924 nihilo
751 1871 839 1926 miuus
857 1871 1000 1924 famfliaml
1019 1873 1103 1926 bono·

295 1957 354 1992 rum
370 1939 566 2008 possessionem
583 1943 677 1992 coutm
692 1939 800 1992 tabulas
817 1939 906 1994 liberti
921 1939 1043 2008 accipere
1058 1939 1103 2004 ait,

296 2007 359 2074 quia
375 2007 445 2060 filius
462 2005 629 2060 revendendo
647 2005 778 2062 llbertatis
800 2023 882 2060 eausa
903 2007 1028 2076 imposita
1049 2007 1103 2060 ira·

302 2083 309 2128 1
347 2081 415 2128 trem
438 2089 515 2128 suum
536 2091 591 2128 nun
613 2083 767 2130 summovet.
803 2073 832 2128 Si
852 2075 963 2130 libertus
981 2075 1105 2128 heredem

296 2143 471 2210 scripseritis
489 2157 523 2194 ue
541 2143 629 2210 prius,
653 2159 732 2212 quam
754 2143 787 2206 de
804 2141 906 2196 familia
924 2143 1105 2212 quaestionem

296 2211 420 2276 haberet,
449 2157 543 2262 arberto
566 2209 751 2278 hereditatem,
782 2217 924 2278 patronum
951 2209 987 2264 ad
1012 2217 1105 2266 contra

296 2277 402 2342 tabulas
421 2279 552 2332 bonorum
572 2281 765 2346 possessionem
787 2295 841 2334 non
864 2279 967 2334 admitti
983 2277 1104 2332 lulianus

297 2347 347 2400 ait:
367 2347 459 2400 debuit
475 2347 546 2400 enim
563 2351 589 2398 et
606 2351 735 2416 patronus
752 2347 840 2400 liberti
852 2361 944 2400 necem
959 2345 1104 2400 uindicare.

297 2413 368 2484 quod
386 2419 412 2468 et
428 2415 456 2468 iu
473 2419 589 2482 patrona
606 2413 657 2470 erit
674 2415 822 2470 dicendum.

332 2479 371 2540 38
391 2483 558 2536 Taenarius
575 2481 708 2536 Carmana
724 2485 791 2536 libro
809 2497 879 2536 trono
904 2483 940 2536 ed
958 2483 1041 2554 tapam
1058 2481 1105 2536 Io-

299 2551 360 2604 liam
379 2557 404 2602 et
421 2549 537 2620 Papiam
572 2549 721 2618 Quaeritur,
740 2567 776 2602 an
785 2551 840 2606 fillo
854 2551 1013 2604 exheredato
1027 2551 1106 2604 etiam

299 2623 407 2686 nepotes
425 2633 458 2670 ex
476 2633 541 2672 eoa
562 2617 693 2674 bonorum
715 2619 885 2686 possessione
905 2617 995 2672 liberti
1017 2618 1105 2672 exclu-

299 2687 403 2740 duntur.
441 2683 512 2754 quod
533 2687 625 2754 utique
646 2687 685 2740 sic
711 2687 885 2740 dirimendum
910 2691 962 2752 est,
992 2691 1023 2740 ut
1049 2687 1107 2740 vivo

299 2753 360 2818 filio,
380 2755 464 2808 donec
481 2755 510 2806 in
526 2761 659 2824 potestate
678 2755 734 2810 eius
749 2755 828 2808 liberi
845 2759 965 2820 manent,
988 2771 1043 2810 uon
1060 2755 1108 2808 ad-

299 2823 438 2878 mittantur
455 2821 490 2876 ad
506 2821 637 2878 bonorum
654 2823 860 2890 possessionem,
879 2839 912 2876 ne
929 2823 975 2892 qui
992 2837 1041 2878 sno
1058 2839 1107 2878 no-

299 2891 368 2944 mine
386 2905 402 2944 a
419 2891 551 2944 bonerum
566 2891 735 2960 possessione
746 2893 963 2950 summoventur⁵
980 2905 1028 2958 per
1041 2889 1108 2944 alios

299 2975 357 3014 eam
381 2965 591 3028 consequantur,
621 2959 662 3014 sin
686 2965 774 3012 autem
800 2959 960 3028 emancipati
989 2975 1006 3012 a
1051 2965 1109 3012 atre

300 3025 399 3106 ¹fuerint
420 3027 462 3080 vel
483 3025 534 3082 abo
558 3025 637 3080 modo
661 3027 702 3080 sui
722 3027 789 3082 iuris
814 3025 913 3106 effecti,
940 3027 997 3106 siue
1048 3027 1109 3094 'quo

301 3093 697 3218 titittttttttttt
704 3095 1110 3232 itttttttttttttttt

300 3235 414 3300 patrorm
432 3231 562 3302 proficiet.

335 3295 375 3358 39
396 3297 476 3352 Inna
494 3301 562 3354 titre
587 3299 689 3354 deciam
716 3297 752 3354 ad
778 3299 861 3370 tapam
884 3299 984 3354 Ictium
1006 3305 1032 3352 et
1056 3297 1110 3366 Pa<

297 3369 374 3490 fiam
407 3367 517 3424 Patroni
534 3369 589 3422 filla
604 3367 627 3422 si
639 3367 666 3418 in
680 3367 804 3436 adoptiva
817 3367 919 3422 familia
930 3367 973 3436 sit,
992 3367 1026 3422 ad
1040 3369 1111 3424 bona

311 3437 456 3490 ibertorunr
473 3441 645 3506 paternorum
663 3435 819 3490 admittitur.

335 3501 375 3562 40
394 3505 473 3558 Inna
488 3505 555 3560 libro
574 3505 730 3558 duodecimo
747 3505 785 3558 acl
802 3505 885 3574 tapam
901 3505 999 3558 Iuliam
1018 3511 1044 3558 et
1058 3503 1111 3558 Pa·

299 3573 375 3694 {riam
414 3571 443 3626 Si
458 3579 537 3640 pater
554 3571 714 3628 exheredato
732 3571 787 3626 lilio
805 3573 843 3626 ita
862 3573 944 3638 cavit,
969 3577 999 3624 ut
1021 3571 1063 3628 ius
1084 3571 1112 3624 in

311 3641 444 3694 ibertum⁸
461 3639 563 3694 salvum
579 3639 604 3694 ei
622 3645 703 3704 esset,
726 3639 793 3694 nihil
811 3641 834 3694 ei
852 3641 886 3694 ad
903 3641 973 3694 hanc
990 3655 1047 3694 rem
1064 3655 1111 3694 no·

302 3713 345 3762 cet
363 3709 540 3764 exheredato.
706 3749 707 3754 ,

336 3773 373 3832 41
394 3775 578 3830 Flammas
597 3775 665 3830 libro
690 3775 846 3828 duodecimo
864 3775 1050 3844 quaestionum
1085 3775 1113 3830 Si

302 3845 413 3898 libertus
430 3849 552 3912 patrono,
572 3841 642 3912 quod
661 3841 696 3896 ad
713 3841 830 3896 debitam
844 3843 992 3910 portionem
1009 3843 1111 3910 attinet,

304 3911 463 3976 satisfaciat,
486 3913 568 3966 invito
589 3917 678 3964 tamen
700 3911 800 3978 aliquid
818 3917 975 3980 extorquere
992 3917 1111 3978 conetur,

304 3979 366 4050 quid
388 3981 559 4034 statuendum
581 3985 635 4044 est,
676 3979 804 4034 uaeritur.
840 3979 904 4048 quid
926 3979 1007 4046 enim,
1034 3981 1056 4034 si
1080 3997 1113 4036 ex

295 4055 380 4120 parte
405 4049 495 4102 debita
516 4047 639 4102 instituto
659 3997 756 4102 Xecem
779 4055 919 4118 praeterea
942 4049 1063 4116 legentur
1088 4055 1113 4102 et

303 4123 411 4186 rogetur
429 4131 532 4170 servum
550 4117 699 4188 proprium,
724 4115 768 4184 qui
785 4117 820 4170 sit
838 4115 928 4170 decem
944 4117 987 4170 vel
1004 4117 1113 4172 minoris

305 4185 394 4256 precli,
424 4185 627 4240 manumittere?
651 4185 771 4252 iniquum
794 4189 835 4240 est
859 4191 885 4238 et
908 4185 1023 4252 legatum
1046 4185 1113 4240 velle

307 4253 441 4322 percipere
465 4259 492 4306 et
513 4253 663 4306 libertatem
686 4267 761 4306 servo
784 4269 837 4306 uon
861 4253 939 4306 dare:
966 4253 1014 4308 sed
1036 4259 1113 4322 parte

305 4321 395 4376 dehita
412 4327 522 4390 accepta
541 4327 568 4374 et
584 4321 670 4390 legato
688 4327 837 4390 temperare
855 4327 882 4376 et
898 4321 1047 4376 libertatem
1064 4321 1112 4376 im·

304 4405 402 4458 ponere
420 4405 474 4442 non
492 4389 564 4456 cogi,
581 4405 615 4444 ne
632 4405 737 4444 servum
754 4389 832 4448 {forte
851 4389 885 4444 de
902 4391 1015 4444 semele
1032 4391 1110 4444 meri-

305 4465 370 4522 tum)
389 4463 501 4526 cogatur
518 4457 711 4522 manumittere.
743 4457 807 4528 quid
825 4473 887 4526 ergo
905 4459 928 4512 si
945 4459 1002 4514 solo
1022 4457 1114 4512 eodem

305 4525 540 4586 heredesiustituto
554 4525 623 4578 idem
635 4525 747 4582 libertus
758 4525 883 4594 petierit?
906 4525 929 4580 si
941 4527 1113 4582 substitutum

306 4593 428 4658 habebit,
451 4609 534 4662 aeque
557 4593 655 4648 decreti
678 4595 823 4650 remedium
845 4595 941 4664 poterit
957 4593 1112 4662 procedere,

306 4669 336 4716 ut
353 4669 464 4732 accepta
486 4663 575 4716 debita
597 4663 719 4732 portione
740 4669 831 4718 cetera
851 4679 914 4732 pars
932 4663 967 4718 ad
983 4663 1113 4718 substitu-

307 4741 362 4784 tum
375 4731 511 4800 pertentat
524 4731 570 4798 ita,
587 4737 626 4796 ut,
644 4731 669 4786 si
681 4731 751 4786 forte
764 4747 856 4786 servus
869 4731 963 4786 redimi
974 4731 1113 4800 potuisset,

307 4803 487 4868 praestaretur
500 4799 622 4854 libertas:
641 4805 763 4854 cessante
781 4813 843 4852 vero
860 4801 1048 4856 substitutione
1064 4815 1113 4866 pa-

306 4875 411 4922 tronum
429 4867 602 4922 hereditatem
615 4865 704 4922 liberti
719 4867 921 4936 amplectentem
935 4873 1050 4936 praetor,
1069 4869 1115 4936 qui

308 4935 339 5014 de
361 4933 563 4990 fideicommissa
587 4937 737 5002 cognoscit,
760 4937 912 4990 libertatern
935 4951 1010 4990 servo
1037 4939 1113 4988 eum⁷

307 5017 441 5070 imponere
460 5009 545 5072 cogat.

281 5131 283 5134 ,
342 5067 400 5128 42⁸
417 5071 498 5124 lnam
512 5071 579 5126 libro
595 5071 672 5124 tertio
688 5071 788 5126 decimo
803 5071 987 5140 quaestionum
1022 5069 1114 5138 Fihua

308 5141 352 5208 qui
369 5139 439 5210 patri
455 5141 533 5194 heres
552 5137 659 5204 exstitit,
678 5137 788 5194 fratrem
800 5137 988 5194 exheredatum
1001 5137 1113 5206 adroga-

308 5209 344 5262 vit
362 5215 441 5278 atque
458 5209 496 5262 ita
512 5209 609 5262 herede
627 5221 657 5260 eo
675 5209 767 5260 relicto
791 5207 930 5276 defunctui
953 5213 1007 5260 est:
1031 5209 1113 5262 bono-

238 5301 239 5304 *
308 5293 367 5330 rum
383 5277 580 5344 possessionem
596 5275 738 5328 libertum⁹
754 5275 840 5344 patris
857 5275 987 5330 naturalis
1004 5275 1115 5332 exhere-

309 5345 387 5398 datus
413 5359 467 5398 uon
492 5345 616 5400 habebit:
643 5359 705 5396 nam
728 5345 771 5398 cni
794 5359 848 5398 nen
869 5341 1029 5398 exheredato
1052 5343 1114 5398 talis

309 5515 338 5578 (1)
356 5515 510 5566 excedautF
587 5519 618 5574 (1)
636 5515 757 5564 bonorum
766 5515 941 5578 possessionem
949 5517 1051 5578 propter
1059 5513 1116 5564 iura

309 5597 392 5632 sacer.
432 5583 462 5644 (3)
474 5581 660 5646 accipiatpater
668 5581 729 5644 eins,
739 5581 854 5644 quotiens
862 5601 908 5632 scr.
947 5587 978 5636 tsi
991 5579 1068 5630 filiurn
1077 5581 1116 5632 F²

308 5653 341 5712 (t)
359 5653 526 5698 summovetur
541 5651 569 5700 F
646 5653 678 5712 (6)
695 5647 798 5698 libertos
811 5669 856 5700 scr.
944 5651 978 5714 (1)
998 5665 1054 5700 eum
1069 5651 1115 5702 del.

311 5721 342 5778 ts)
362 5719 482 5782 adesos
494 5719 608 5776 tetra.
620 5729 635 5768 r.
678 5719 710 5780 te)
729 5715 875 5768 libertorum
885 5719 968 5768 Loetr
1011 5719 1055 5780 (ro)
1074 5717 1116 5766 te-

309 5785 351 5834 bet
359 5783 516 5834 exheredatio
525 5785 574 5832 Pl:
589 5799 646 5834 nam
656 5785 697 5834 cui
705 5799 756 5834 non
766 5783 882 5848 adoptato
891 5785 949 5834 talis
959 5785 1116 5834 exheredetio

311 5849 720 5914 uocaret,nooeredebetadoptatc
733 5851 846 5902 Ceionius
929 5855 969 5914 (11)
988 5851 1116 5914 eidemque
1140 5877 1143 5906 ι

1154 1803 1224 1858 filius
1241 1803 1332 1858 liberti
1348 1805 1476 1872 impubes,
1496 1805 1541 1874 qui
1559 1805 1694 1858 subiectus
1709 1803 1815 1870 dieitur,
1834 1819 1867 1858 ex
1878 1807 1954 1874 prino

1155 1877 1231 1942 parte
1253 1873 1386 1928 honorum
1402 1873 1603 1954 possessionem
1625 1873 1754 1942 accipisit,
1778 1887 1814 1926 an
1835 1877 1948 1940 petreum
1980 1936 1981 1941 ¹

1156 1939 1275 1994 defuncti
1292 1955 1488 2008 possessiouem
1507 1941 1627 2008 achpere
1638 1941 1736 2062 §³⁰⁸⁸it’
1755 1941 1902 2008 quaesitum
1913 1949 1948 2000 est
1980 1960 1982 1969 ²

1157 2015 1183 2062 et
1202 2007 1258 2062 sine
1275 2007 1356 2064 dubio
1376 2009 1421 2076 qui
1438 2009 1572 2076 sequentis
1589 2023 1637 2078 gra
1657 2023 1689 2062 us
1706 2015 1781 2072 sunt,
1799 2023 1854 2062 non
1871 2007 1948 2066 admit
1980 2039 1983 2061 s

1156 2081 1249 2130 tuntur
1271 2077 1391 2130 interim:
1417 2093 1478 2130 cum
1500 2077 1569 2130 enim
1591 2075 1728 2146 praecedit
1749 2077 1803 2130 alta
1824 2079 1949 2146 possessio,
1981 2077 1985 2144 J

1157 2145 1203 2214 qui
1226 2143 1346 2212 sequitur
1372 2143 1494 2212 accipere
1517 2161 1572 2198 non
1592 2149 1690 2212 potest.
1725 2143 1805 2212 plane
1828 2143 1851 2198 si
1874 2151 1950 2204 conta
1984 2159 1985 2162 ’

1158 2227 1218 2266 eum
1236 2213 1281 2280 qui
1298 2211 1434 2266 subiectus
1452 2211 1549 2266 dicitur
1565 2211 1647 2266 tuerit
1664 2211 1818 2278 iudicatum,
1837 2209 1898 2266 data
1910 2229 1950 2270 non
1983 2260 1984 2263 ,

1156 2279 1326 2348 intellegitur.
1354 2279 1401 2334 sed
1420 2285 1446 2332 et
1463 2281 1491 2332 ln
1507 2285 1621 2348 patrono
1638 2279 1770 2346 pendente
1788 2281 1950 2338 connoversia
1984 2293 1985 2296 ’

1157 2347 1227 2402 idern
1244 2347 1294 2402 erit
1312 2347 1460 2400 ditandum.
1500 2347 1605 2416 “plane
1629 2347 1699 2416 quod
1722 2347 1757 2400 ad
1778 2347 1884 2416 patroni
1901 2365 1950 2416 quo·

1158 2431 1209 2484 que
1226 2431 1369 2484 personam
1385 2415 1512 2482 pertiuet,
1536 2415 1634 2470 differri
1656 2415 1837 2470 controversia
1854 2413 1950 2474 debebit

1160 2495 1172 2536 :a
1209 2485 1237 2538 Si
1253 2483 1350 2538 falsum
1367 2485 1457 2538 liberti
1474 2489 1662 2538 testamentum
1679 2485 1713 2538 ab
1731 2485 1789 2540 aliis
1811 2483 1839 2536 in
1861 2485 1950 2552 provin·

1160 2553 1201 2606 cia
1213 2551 1318 2606 ‘dictum
1337 2557 1416 2620 atque
1433 2553 1473 2606 ita
1489 2569 1532 2608 res
1551 2567 1600 2620 per
1621 2551 1825 2620 appellationem
1849 2557 1952 2608 extracta

1159 2623 1240 2684 esset,
1269 2619 1396 2674 defuncta
1416 2619 1503 2674 medio
1527 2625 1647 2688 tempore
1667 2619 1776 2688 patroni
1795 2617 1862 2686 filia,
1889 2635 1952 2688 quen

1151 2689 1269 2742 libertus
1291 2689 1416 2744 heredem
1438 2689 1604 2754 instituerat,
1631 2687 1686 2742 filio
1712 2687 1830 2742 mulieris
1856 2689 1953 2744 servarit
1984 2737 1985 2740 ,

1160 2757 1235 2810 divus
1253 2755 1362 2812 Marcus
1382 2763 1560 2824 campartem
1577 2757 1722 2822 bonorum,
1748 2773 1827 2824 quam
1848 2755 1903 2810 iilia
1917 2773 1952 2824 pa·

1160 2825 1231 2878 troni
1248 2826 1290 2878 rel
1306 2825 1364 2878 inre
1381 2825 1508 2890 intestati,
1526 2825 1550 2880 si
1566 2825 1682 2890 vixisset,
1700 2825 1800 2878 habere
1817 2825 1911 2892 potuit.

1194 2887 1233 2950 43
1253 2893 1333 2946 Ibam
1347 2893 1415 2946 libro
1434 2897 1538 2974 quarto·
1550 2893 1650 2974 decimo
1670 2893 1861 2972 quaestionum·
1882 2893 1958 2972 'Iulia

1160 2959 1954 3106 stttuttttttttattttttrtttttttttt

1160 3111 1357 3164 possessionem
1375 3101 1470 3148 contra
1486 3097 1593 3150 tabulas
1611 3095 1723 3164 accepit,
1740 3111 1764 3148 sr
1776 3101 1871 3164 postea
1883 3095 1954 3150 Tium

1161 3179 1215 3220 non
1233 3163 1329 3218 adterit
1344 3163 1531 3230 hereditatem,
1555 3163 1621 3216 nihil
1641 3163 1678 3230 ei,
1702 3163 1749 3232 qui
1766 3163 1821 3218 adit
1838 3163 1954 3218 heredita

1160 3237 1227 3296 tem,
1251 3231 1407 3296 abstuIIsse‚
1431 3247 1485 3286 non
1507 3231 1590 3300 magis
1609 3231 1728 3300 quamsi
1745 3233 1796 3286 sub
1814 3231 1955 3286 condicione

1161 3299 1257 3354 inisset
1277 3301 1425 3356 institutus.
1460 3301 1541 3370 Igitur
1558 3301 1628 3354 nino
1646 3301 1808 3356 deliberante
1826 3315 1869 3354 ras
1886 3301 1913 3352 iu
1927 3301 1955 3352 in·

1163 3373 1235 3424 certo
1254 3369 1312 3430 erit,
1331 3375 1455 3422 utrumne
1472 3369 1551 3424 semis
1569 3385 1602 3424 ex
1619 3367 1808 3424 substitutione
1824 3369 1853 3422 in
1865 3383 1955 3436 posset·

1163 3437 1293 3492 sionem¹⁶
1311 3439 1483 3492 convertatur
1500 3451 1535 3490 an
1550 3437 1619 3490 Titio
1638 3435 1752 3490 adeunte
1769 3437 1878 3506 singulis
1894 3437 1956 3490 bere

1163 3505 1240 3558 dibus
1258 3511 1348 3572 partes
1367 3505 1472 3560 debitae
1490 3505 1653 3560 auferantur.

1196 3569 1237 3628 44
1255 3573 1375 3628 Paetus
1387 3571 1453 3628 libro
1468 3575 1561 3642 quinto
1577 3575 1762 3642 quaestionum
1789 3573 1818 3628 Si
1831 3577 1956 3642 patronum

1163 3655 1196 3694 ex
1214 3641 1302 3696 debita
1322 3641 1445 3712 portione
1465 3641 1590 3694 heredem
1612 3641 1737 3696 instituas
1760 3645 1787 3700 et
1808 3655 1875 3710 pure
1895 3653 1963 3708 roget

1163 3707 1276 3762 temdum
1294 3709 1358 3764 dare
1376 3709 1401 3762 ei
1419 3725 1453 3764 ue
1471 3709 1521 3764 sub
1540 3709 1697 3764 condicione
1715 3709 1872 3764 tantundem
1891 3708 1956 3778 leges,

1162 3777 1191 3830 in
1210 3777 1392 3832 condicionem
1402 3727 1639 3832 tbeleicomroissnm
1656 3777 1794 3844 redigitur.
1820 3777 1871 3832 erit
1883 3781 1957 3830 tamer

1163 3849 1190 3898 et
1207 3845 1251 3898 hic
1269 3845 1340 3912 quod
1356 3849 1474 3900 moveat:
1494 3845 1648 3898 onerabitur
1666 3847 1736 3900 enim
1749 3853 1878 3914 patronus
1895 3843 1957 3900 satis

1164 3913 1271 3966 datione
1286 3913 1490 3966 fideicommissi.
1517 3913 1565 3966 sed
1581 3913 1721 3968 dicendum
1739 3919 1780 3968 est
1797 3913 1831 3968 ab
1850 3929 1880 3968 eo
1897 3911 1972 3968 ‘fidei'

1165 3979 1346 4036 commissario
1364 3979 1522 4046 carendum,
1547 3995 1564 4034 a
1586 3997 1638 4048 quo
1660 3985 1773 4048 patrono
1790 3983 1906 4050 legatum
1922 3985 1958 4042 est

1164 4053 1194 4102 ut
1216 4047 1333 4116 undique
1355 4053 1486 4116 patronus
1513 4063 1590 4102 suum
1612 4049 1654 4104 ius
1676 4051 1776 4102 habeat
1798 4051 1957 4102 imminutum.

1166 4121 1177 4168 1
1214 4117 1347 4172 Patronus
1375 4117 1451 4170 heres
1477 4115 1615 4170 institutus
1640 4117 1728 4186 legato
1757 4117 1782 4170 ei
1808 4133 1895 4182 servo,
1921 4121 1959 4186 'per

1165 4201 1242 4252 quern
1261 4183 1429 4252 suppleretur
1447 4183 1537 4238 debita
1554 4185 1578 4238 ei
1594 4185 1696 4252 portio,
1720 4201 1773 4238 non
1790 4189 1863 4254 petet
1881 4191 1959 4241 contr

1163 4253 1272 4306 tabulas
1290 4253 1419 4306 bonorum
1433 4253 1636 4322 possessionem,
1655 4255 1773 4320 quamvis
1787 4267 1879 4308 servus
1893 4251 1959 4322 clusis

1165 4325 1179 4374 2
1215 4321 1315 4374 tabulis
1334 4319 1455 4374 decessit.
1491 4319 1521 4374 St
1541 4335 1574 4374 ex
1595 4321 1683 4384 bonis,
1707 4337 1776 4388 quae
1796 4323 1889 4376 mortis
1907 4327 1959 4386 teu·

1157 4401 1229 4456 ‘pore
1247 4385 1363 4452 fuerunt,
1382 4387 1499 4442 debitam
1515 4393 1618 4456 partem
1636 4387 1708 4444 dedit
1725 4389 1835 4444 libertus
1853 4389 1881 4444 in
1897 4391 1959 4444 here

1166 4457 1248 4510 ditate
1265 4457 1336 4510 rel²⁷
1353 4456 1449 4526 legato,
1467 4471 1558 4510 servus
1573 4461 1663 4510 tamen
1680 4461 1870 4524 postmortem
1886 4451 1970 4512 liberti,

1164 4539 1285 4578 reuersus
1301 4525 1335 4578 ab
1351 4523 1473 4580 hostibus
1489 4531 1584 4594 augeat
1598 4525 1800 4592 patrImonium:
1818 4541 1872 4578 non
1886 4529 1960 4594 potes

1164 4597 1293 4662 patronus
1320 4597 1464 4660 propterea
1493 4591 1580 4660 queri,
1609 4591 1680 4660 quod
1707 4591 1794 4648 minus
1823 4591 1921 4648 babeat
1941 4593 1959 4646 iu

1165 4675 1253 4726 servo,
1283 4675 1363 4730 quam
1391 4661 1516 4726 haberet,
1543 4661 1566 4714 si
1591 4677 1623 4716 ex
1648 4659 1737 4714 debita
1759 4661 1882 4728 portione
1904 4663 1973 4728 esset

1164 4729 1311 4784 institutus.
1345 4729 1414 4782 idem
1439 4735 1479 4782 est
1502 4735 1527 4780 et
1544 4729 1572 4780 in
1589 4729 1733 4792 alluvione,
1757 4745 1817 4782 cum
1841 4729 1875 4782 sit
1895 4729 1969 4786 saus.

1165 4795 1266 4850 facturn
1287 4813 1321 4850 ex
1337 4797 1379 4850 his
1397 4795 1488 4860 benis,
1511 4811 1579 4864 quae
1602 4795 1695 4850 mortis
1718 4801 1837 4864 tempore
1857 4795 1966 4870 fuerunt

1164 4863 1234 4918 idern
1253 4871 1293 4918 est
1311 4869 1337 4918 et
1354 4863 1378 4918 si
1394 4879 1457 4932 pars
1474 4863 1555 4932 legati
1571 4865 1667 4918 liberto
1685 4863 1770 4918 relicti
1787 4865 1821 4918 ab
1832 4867 1853 4898 ¹⁸
1870 4881 1909 4932 eo,
1928 4875 1974 4922 cut

1165 4931 1244 4986 simul
1267 4933 1359 4986 datum
1382 4937 1450 4996 erat,
1473 4933 1516 4986 vel
1532 4931 1686 4988 hereditatis
1705 4947 1776 4986 nunc
1793 4933 1876 4986 illis¹⁹
1892 4931 1977 4988 abst-2

1165 4999 1290 5056 uentibus
1309 4999 1455 5054 adcrescat.
1766 5013 1767 5018 ¹

1201 5065 1239 5124 45
1259 5069 1338 5122 lnam
1352 5069 1421 5122 libro
1439 5085 1509 5122 ncnc
1527 5071 1714 5140 quaestionum
1748 5067 1777 5122 Si
1796 5073 1923 5138 patronus
1937 5081 1962 5122 ex

1166 5143 1242 5192 sexta
1260 5143 1286 5190 et
1304 5153 1395 5192 servus
1412 5137 1469 5192 eius
1488 5153 1521 5192 ex
1538 5137 1640 5206 reliqua
1649 5137 1764 5258 parte20
1785 5137 1820 5192 sit
1840 5137 1916 5192 heres
1931 5137 1962 5190 ins

1166 5205 1284 5270 stitutus,
1304 5221 1354 5260 nec
1373 5221 1406 5260 ex
1424 5205 1631 5274 semipartiens
1668 5205 1879 5260 deicommissum
1896 5205 1962 5260 debe·

1166 5281 1223 5326 tur:
1242 5279 1271 5326 at
1288 5273 1311 5328 sl
1328 5289 1419 5328 seruus
1439 5275 1577 5328 dumtaxat
1595 5275 1672 5328 heres
1688 5273 1827 5328 Institutus
1843 5281 1890 5338 est,
1908 5277 1979 5344 pute„

1166 5357 1216 5396 nec
1233 5341 1278 5396 hie
1296 5359 1329 5406 ex
1345 5341 1437 5396 debita
1451 5343 1573 5410 portione
1590 5341 1789 5410 praestandum.

1168 5515 1222 5564 cdd.
1292 5517 1336 5578 (rat
1354 5517 1380 5564 et
1391 5515 1436 5566 ina
1506 5517 1549 5580 tit)
1566 5513 1836 5566 debonisceterisF²z
1854 5511 1964 5566 neebona

1168 5585 1304 5634 ceterascr.
1375 5583 1419 5648 (11)
1436 5583 1676 5638 Pennusnotatins.
1690 5587 1803 5636 Ouiccius
1871 5587 1914 5648 (15)
1929 5583 1963 5632 bt

1168 5649 1260 5702 redeF
1301 5655 1344 5712 (16)
1364 5653 1800 5716 expossessioneinsnbstitutiouem
1810 5655 1859 5708 Aa.
1866 5649 1964 5706 Schmidt

1169 5719 1212 5780 (11)
1230 5717 1278 5784 vel]
1295 5723 1319 5770 et
1332 5739 1380 5770 scr.
1457 5723 1503 5784 118)
1520 5719 1559 5788 ab]
1574 5723 1713 5774 abstinente
1728 5743 1773 5774 scr.
1852 5725 1897 5788 (ta)
1913 5715 1962 5782 lffiil

1168 5785 1278 5838 aliisccr.
1349 5791 1398 5852 (ae)
1415 5789 1551 5842 debitaias.
1945 5809 1947 5814 ‘
