4366 6258
265 367 300 412 ru
320 361 468 408 cresens
488 361 688 410 unasnurua
1058 349 1119 416 att
1814 361 1877 418 XX
1901 367 1919 420 4

263 529 290 578 in
306 523 420 590 pretium
437 521 476 572 rei
491 523 590 574 luerint
607 537 744 588 expensae.
769 525 839 590 quod
857 527 879 578 si
895 529 956 578 res¹
974 527 1067 578 nonin
1118 531 1132 578 3
1166 527 1248 578 terius
1265 527 1367 580 factum
1385 535 1432 580 est.
1468 531 1496 582 Si
1513 531 1544 584 de
1561 531 1650 582 futura
1667 543 1696 580 re
1714 529 1871 588 convenerit,
1889 535 1920 580 ιιι

263 597 347 646 totum
365 603 398 640 ιιι
416 587 528 640 nummis
546 589 683 640 cuiusdam
701 595 853 656 comparata
870 595 918 652 est,
937 591 987 642 erit
1003 605 1065 642 con·
1116 591 1281 658 hypothecae
1298 593 1341 652 rit,
1358 593 1437 644 sicuti
1452 601 1492 646 ιιι
1506 597 1538 646 de
1550 601 1638 660 partu,
1655 593 1707 644 hoc
1724 589 1919 656 quaeritamus

264 669 357 712 cursus
375 653 513 718 utriusque
530 651 681 716 creditoris,
704 655 732 706 id
755 661 795 706 est
819 667 846 708 et
867 655 1022 722 antiquioris
1041 659 1067 706 ιι
1117 655 1213 706 ancilla
1236 655 1415 708 conventionis
1438 663 1556 724 tempore
1571 661 1599 710 in
1616 657 1692 712 bonis
1708 655 1760 706 fuit
1778 651 1917 706 debitoris:

266 729 273 774 ι
314 721 369 774 ιιιι
389 721 464 772 cuius
482 719 594 772 nummis
618 725 771 786 comparata
794 727 841 774 est.
877 721 905 772 Si
928 721 976 772 tihi
999 733 1067 798 quae
1118 721 1194 772 etin
1217 719 1361 782 fructibus,
1385 721 1409 772 si
1432 725 1553 774 convenit
1574 729 1605 774 ut
1627 723 1679 776 sint
1696 717 1812 790 pignori,
1835 733 1920 784 aeque

263 789 400 844 habiturus
425 801 483 838 sum
507 787 675 852 obhgarerim
698 793 724 840 ιι
741 787 810 842 Τιιιο
835 787 984 852 specialiter
1005 789 1066 838 iun·
1118 787 1265 852 quaeritur,
1290 799 1324 836 an
1347 783 1446 838 fundus
1463 787 1505 838 rel
1520 787 1560 840 ius
1578 787 1668 840 utendi
1684 783 1788 840 fruendi
1805 797 1918 838 conven-

263 857 337 918 dum,
362 853 384 904 si
401 853 429 904 in
447 851 591 906 dominium
608 867 694 904 meum
715 853 877 922 pervenerit,
900 867 961 904 mox
985 853 1066 904 domi·
1117 857 1133 904 4
1167 853 1246 904 tionis
1271 857 1389 918 tempore
1414 849 1494 904 fuerit
1519 853 1650 906 debitoris.
1686 853 1715 906 Si
1740 855 1851 920 paratus
1877 851 1919 900 ιιι

263 923 333 976 nium
359 919 414 970 eius
440 919 603 984 adquisiero,
635 925 712 986 putat
737 919 879 972 Marcellus
909 931 1067 970 concurrere
1116 919 1248 984 posterior
1265 917 1379 970 creditor
1394 917 1477 984 priori
1494 917 1617 970 creditori
1633 919 1734 972 solvere
1751 915 1859 986 quodsi
1873 913 1918 968 de-

263 995 399 1052 ntiumque
418 985 574 1038 creditorem
592 991 618 1036 ιι
626 991 643 1016 ¹¹
660 987 687 1038 in
704 987 825 1052 pignore:
845 999 897 1036 non
916 985 985 1036 enim
999 985 1065 1036 mul-

263 1063 316 1108 tum
341 1051 420 1114 iacit,
454 1051 524 1118 quod
550 1051 583 1104 de
608 1065 657 1104 suo
682 1065 801 1102 nummos
828 1049 931 1102 debitor
956 1049 1064 1112 dederit,

262 1119 357 1190 quippe
375 1133 435 1168 curn
452 1133 493 1170 res
513 1133 546 1170 ex
562 1117 675 1168 nummis
689 1117 835 1234 gigneretis
854 1119 943 1182 empta
959 1129 1014 1168 non
1031 1115 1066 1168 sit

262 1185 512 1310 Ptittrttt
525 1183 1065 1320 titttltattttttittttt

261 1317 407 1390 specialiter
423 1333 467 1372 res
483 1267 593 1386 pubhda
611 1317 751 1384 acceperit,
770 1315 911 1372 (ιιιιιιιιιι
928 1321 969 1370 ιιι
986 1329 1064 1384 prae·

261 1385 324 1442 ferri
342 1399 400 1438 eam
416 1383 482 1438 fisco
501 1383 612 1448 debere,
638 1385 660 1438 si
682 1387 776 1456 postea
792 1383 859 1438 fisco
878 1383 981 1438 debitor
998 1381 1064 1438 obli·

260 1459 335 1522 gatus
353 1459 400 1514 est,
419 1453 482 1520 quia
499 1457 526 1504 ιι
543 1453 639 1518 privati
655 1453 851 1518 praeferuntur.

293 1515 312 1574 9
329 1519 498 1570 Ararcarvos
515 1519 582 1570 libro
599 1523 692 1570 oetaeo
710 1519 897 1584 quaestionum
933 1517 984 1582 Qui
1006 1515 1064 1570 bal-

261 1601 337 1642 neum
356 1597 389 1636 ex
406 1585 540 1636 ιιιιιιιιιξ
557 1585 681 1652 proximis
701 1583 872 1646 conduxerat,
890 1589 984 1650 pactus
999 1589 1064 1646 erat,

262 1657 291 1708 ut
305 1651 384 1704 homo
399 1651 469 1704 Eros
487 1651 590 1720 pignori
606 1651 718 1704 locatori
733 1657 811 1714 esset,
830 1651 914 1704 donec
931 1651 1064 1704 mercedes

261 1720 435 1774 solverentur:
460 1719 528 1772 idem
547 1723 609 1772 ante
626 1717 750 1772 calendas
767 1717 848 1772 Iulias
867 1717 979 1772 eundem
995 1717 1064 1772 Erc-

260 1795 312 1840 tcm
335 1785 379 1838 alii
403 1787 437 1840 ob
460 1787 600 1854 pecuniam
624 1785 750 1840 creditam
772 1787 876 1854 pignori
893 1785 972 1838 dedit.
1001 1801 1064 1840 ιιι-

260 1853 358 1916 ιιιιιιι,
382 1867 417 1906 an
438 1855 564 1906 adversus
582 1855 654 1906 huuc
672 1853 828 1906 creditorem
845 1859 978 1920 petentem
995 1853 1064 1906 Ero·

260 1929 310 1974 tem
326 1919 471 1972 locatorem
494 1927 602 1988 praetor
624 1919 692 1972 tueri
715 1921 837 1984 deberet,
860 1919 997 1988 respondit
1019 1921 1064 1972 de-

260 1991 333 2042 tere:
349 1987 411 2040 licet
426 1987 495 2040 eninr
510 2001 540 2042 eo
555 1993 673 2056 tempore
686 1987 765 2038 homo
798 1987 883 2054 ignom⁸
898 1989 976 2040 datus
986 1993 1063 2050 esset,

260 2071 310 2124 quo
332 2053 450 2106 nondum
475 2055 616 2122 quicquam
638 2071 687 2124 pro
714 2069 765 2108 con
784 2055 890 2108 ustione
916 2053 1063 2118 deberetur,

260 2121 381 2192 quoniam
398 2129 488 2176 tamen
504 2123 558 2176 iam
574 2129 638 2176 tunc
655 2123 683 2176 in
701 2137 732 2174 ea
750 2137 833 2176 causa
845 2121 915 2176 Eros
932 2137 989 2176 esse
1004 2137 1063 2176 coe-

259 2191 347 2260 pisset,
365 2195 395 2242 ut
412 2191 492 2244 invito
511 2191 630 2244 locatore
646 2191 687 2242 ius
704 2191 821 2256 pignoris
839 2191 867 2242 in
885 2203 915 2244 ιο
931 2191 997 2244 solvi
1011 2205 1065 2242 non

261 2263 270 2308 1
307 2263 411 2324 posset,
438 2257 567 2324 potiorem
594 2257 650 2310 eius
677 2271 784 2310 causam
806 2257 966 2308 habendam.
1000 2259 1063 2308 Am-

258 2323 326 2392 plius
342 2323 420 2376 etiam
435 2323 485 2378 sub
499 2323 655 2378 condicione
667 2323 822 2378 creditorem
839 2323 967 2376 tuendum
986 2331 1063 2392 puta·

259 2393 303 2442 bat
321 2389 445 2442 adversus
464 2407 538 2454 eum,
563 2391 607 2444 cui
628 2395 721 2458 postea
739 2393 880 2458 quicquam
897 2389 987 2444 deberi
1005 2407 1063 2444 ιιι-

258 2455 332 2524 perit,
352 2455 374 2510 ιι
390 2457 468 2512 modo
487 2473 541 2512 non
559 2473 591 2512 ea
608 2457 727 2512 condicio
746 2459 788 2524 sit,
806 2473 875 2526 quae
891 2459 972 2512 invito
991 2459 1063 2512 debi-

258 2529 272 2576 ι
306 2529 365 2578 tore
386 2525 489 2592 impleri
512 2539 565 2578 non
588 2525 681 2592 possit.
716 2525 769 2578 Sed
792 2531 819 2578 ιι
842 2527 864 2578 ιι
885 2527 962 2578 heres
980 2527 1014 2578 ob
1033 2541 1065 2578 ea

258 2593 357 2658 legata,
375 2607 444 2660 quae
462 2592 511 2646 suh
531 2593 684 2646 condicione
703 2593 766 2646 data
784 2599 873 2656 erant,
899 2593 931 2646 de
954 2595 1063 2662 pignore

257 2659 295 2710 rei
317 2675 381 2712 suae
405 2661 572 2712 convenisset
596 2665 622 2712 et
645 2665 738 2728 postea
764 2659 855 2714 eadem
878 2661 936 2728 ipsa
954 2661 1065 2728 pignora

258 2727 291 2780 ob
308 2729 447 2794 pecuniam
466 2727 594 2780 creditam
611 2727 713 2794 pignori
731 2727 803 2780 dedit
820 2743 853 2780 ac
866 2733 929 2796 post
944 2729 1063 2782 condicio

257 2795 400 2862 legatorum
409 2795 517 2860 exstitit,
533 2795 576 2848 hic
591 2809 694 2862 quoque
707 2795 834 2848 tuendum
850 2809 918 2860 eum,
935 2797 977 2848 cui
991 2797 1064 2864 prius

258 2865 271 2914 3
305 2861 399 2930 pignus
418 2861 510 2916 datum
526 2871 609 2926 esset,
635 2863 799 2916 existimavit.
835 2863 905 2916 Titia
928 2863 1065 2932 praedium

257 2929 369 2982 ahenum
386 2929 456 2982 Titio
476 2929 577 2998 pignori
596 2929 675 2992 dedit,
693 2937 756 2998 post
768 2929 887 2984 Maesio:
907 2929 1002 2984 deinde
1016 2931 1062 2984 do-

256 2997 327 3048 mina
350 2997 405 3052 eius
429 2997 547 3064 pignoris
564 2995 637 3050 facta
654 2999 749 3050 marito
767 3013 816 3050 suo
833 2997 861 3050 in
880 2997 967 3050 dotem
985 2999 1063 3050 aesti-

257 3069 355 3118 matum
373 3063 452 3118 dedit.
481 3065 502 3118 si
521 3065 590 3118 Τιιιο
609 3065 696 3116 ιιιιιι
719 3065 754 3118 ιιι
776 3065 903 3130 pecunia,
928 3079 982 3118 non
1004 3063 1064 3118 ideo

257 3131 444 3200 magisMaevii
452 3133 547 3198 pignus
563 3132 747 3184 convalescere
761 3133 892 3198 placebat.
917 3137 981 3184 tunc
996 3133 1064 3184 enim

256 3199 340 3264 priore
358 3199 465 3252 dimisso
485 3199 618 3276 sequentis
636 3197 808 3252 confirmatur
824 3199 927 3266 pignus,
947 3213 1008 3252 cum
1021 3213 1064 3250 res

255 3265 282 3318 in
308 3265 384 3320 bonis
411 3265 537 3320 debitorrs
564 3265 725 3318 inveniatur:
758 3267 786 3318 in
830 3265 949 3334 roposito
976 3273 1064 3318 autem

256 3333 365 3388 maritus
389 3333 513 3400 emptoris
538 3335 597 3386 loco
616 3337 669 3386 est:
694 3339 774 3400 atque
796 3283 870 3396 ideo,
895 3333 957 3400 quia
978 3349 1065 3400 neque

255 3409 318 3454 tuno
337 3417 398 3454 curo
415 3401 519 3454 Maesio
545 3399 705 3466 obligaretur
728 3415 814 3468 neque
838 3417 897 3454 cum
916 3401 986 3454 Τιιιο
1010 3401 1063 3454 ιιι-

255 3473 358 3522 veretur
374 3469 402 3520 in
420 3469 496 3520 bonis
515 3469 641 3532 mulieris,
653 3467 747 3532 fuerit,
771 3469 873 3522 nullum
895 3473 999 3534 tempus
1022 3467 1062 3520 in-

255 3535 349 3600 veniri,
375 3551 427 3604 quo
444 3535 540 3604 pignus
557 3535 654 3588 Maeuii
672 3535 858 3588 convalescere
877 3535 970 3602 possit.
996 3535 1064 3590 haec

255 3609 342 3656 tamen
365 3603 419 3666 ιιι,
444 3603 466 3656 ιι
490 3603 561 3656 bona
582 3601 636 3654 fide
650 3601 680 3654 in
697 3601 785 3656 dotem
803 3601 1063 3668 aestimatumprae-

256 3669 325 3724 dium
341 3671 452 3724 maritus
468 3669 580 3736 accepit,
598 3669 625 3722 id
640 3673 681 3724 est
694 3669 717 3724 si
731 3669 862 3736 ignoravit
875 3669 980 3724 Maesio
996 3669 1063 3724 obli·

271 3745 343 3792 atum
361 3753 426 3790 esse.
762 3769 763 3774 κ

253 3753 270 3806 g
291 3805 327 3862 10
350 3805 497 3860 Uberibus
512 3805 578 3860 libro
592 3807 684 3874 primo
698 3819 891 3874 responsorum
925 3805 954 3858 Si
967 3809 993 3856 et
1006 3805 1065 3858 iure

254 3873 399 3928 iudicatum
422 3879 449 3926 et
470 3875 566 3940 pignus
583 3871 612 3924 in
629 3887 711 3926 causa
726 3871 837 3926 iudicati
856 3887 888 3924 ex
906 3873 1064 3926 auctoritate

255 3941 310 3994 eius
328 3941 372 4008 qui
389 3939 483 3994 iubere
499 3941 586 4008 potuit
605 3945 711 4006 captum
730 3945 783 4004 est,
803 3939 943 4006 privilegiis
961 3943 1062 4006 tempo-

236 4009 288 4060 ris
311 4007 369 4062 iore
394 4009 524 4076 potiorem
549 4007 672 4060 heredem
698 4007 768 4072 eius,
794 4007 822 4060 in
849 4007 923 4060 cuius
949 4021 1063 4074 persona

254 4075 346 4144 pignus
365 4075 539 4128 constitutum
558 4079 605 4126 ιιι.

290 4141 324 4198 11
348 4143 440 4198 Galus
455 4143 522 4198 libro
540 4141 675 4212 stupratori
687 4141 720 4194 dc
732 4141 855 4210 formato
868 4139 1064 4210 hypothecario

254 4209 345 4266 Potior
363 4215 403 4264 est
419 4211 448 4264 in
464 4211 582 4278 pignore,
600 4209 645 4278 qui
662 4211 735 4278 prius
754 4209 865 4264 credidit
881 4211 1023 4278 pecuniam
1038 4215 1065 4264 et

254 4279 357 4346 accepit
379 4279 570 4348 hypothecam,
596 4279 714 4346 quamvis
738 4293 799 4330 cum
817 4279 868 4330 alic
887 4285 949 4330 ante
968 4293 1063 4330 couve-

254 4351 336 4410 nerat‚
355 4351 399 4408 ut,
418 4345 441 4398 si
459 4345 493 4398 ab
512 4361 542 4400 eo
560 4345 699 4412 Pecuniam
716 4345 864 4412 acceperit,
882 4345 918 4398 ιιι
933 4361 976 4398 res
996 4345 1062 4398 obli-

254 4419 323 4480 gata,
338 4413 418 4466 ιιιιι3
433 4413 466 4466 ab
482 4413 534 4466 hcc
549 4417 642 4480 postea
656 4411 773 4480 accepit:
789 4417 895 4480 poterat
910 4413 986 4476 enim,
1001 4411 1064 4466 licet

257 4485 267 4530 t
304 4485 366 4532 ante
384 4479 514 4542 convenit,
533 4495 587 4532 non
605 4481 726 4546 accipere
744 4479 778 4532 ab
794 4495 825 4532 ιι
839 4481 987 4548 pecuniam.
1016 4477 1062 4534 Vi-

255 4545 372 4612 deamus‚
390 4561 425 4600 an
441 4547 511 4600 idem
529 4547 669 4600 dicendum
683 4547 725 4612 sit,
744 4547 766 4600 si
782 4547 830 4600 sub
846 4547 1001 4600 condicione
1016 4549 1062 4600 sti-

254 4615 389 4682 pulatione
414 4613 489 4666 iacta
513 4615 665 4684 hypotheca
689 4615 753 4666 data
779 4615 826 4678 sit,
853 4629 906 4684 qua
930 4615 1063 4684 pendente

255 4683 320 4736 alius
343 4681 456 4736 credidit
477 4697 545 4750 pure
567 4689 594 4736 ιι
616 4683 720 4750 accepit
743 4681 854 4734 eandem
876 4685 1061 4750 hypothecam,

254 4753 317 4804 ιιιιι
341 4749 435 4804 deinde
458 4751 571 4816 prioris⁴
595 4749 773 4816 stipulationis
797 4751 909 4804 exsistat
933 4751 1062 4816 condicio,

254 4823 282 4868 ut
299 4819 386 4884 potior
403 4819 439 4870 sit
456 4817 502 4884 qui
518 4823 612 4884 postea
629 4817 791 4870 credidisset.
818 4817 865 4870 sed
881 4831 981 4882 vereor,
999 4835 1063 4872 num

254 4881 296 4936 hic
314 4885 385 4938 aliud
404 4885 438 4936 sit
452 4885 606 4938 dicendum:
626 4901 686 4938 cum
701 4885 769 4938 enim
785 4885 865 4938 semel
881 4885 1001 4940 condicio
1013 4901 1062 4940 ex·

254 4951 327 5016 stitit,
344 4951 454 5020 perinde
470 4953 592 5016 habetur,
611 4969 643 5006 ac
661 4953 684 5006 si
701 4953 746 5006 illc
763 4957 891 5020 tempore,
910 4969 963 5020 quo
977 4951 1061 5020 stipu-

254 5015 315 5072 latio
329 5019 487 5086 interposita
502 5025 549 5082 est,
566 5021 623 5074 sine
638 5021 793 5074 condicione
806 5021 879 5074 iacta
889 5023 966 5074 esset.
992 5023 1062 5088 quod

254 5089 268 5136 ι
302 5093 330 5140 ιι
345 5089 438 5140 melius
457 5091 504 5140 ιιι.
541 5087 569 5140 Si
587 5089 695 5142 colonus
714 5089 844 5152 convenit,
863 5093 893 5142 ut
909 5087 1020 5140 inducta
1033 5089 1062 5142 in

253 5149 362 5206 fundum
380 5155 456 5208 illata
471 5155 516 5206 iti.
532 5161 596 5208 nata
618 5155 722 5224 pignori
745 5161 846 5218 essent,
871 5161 897 5208 et
919 5161 1062 5224 antequam

253 5217 369 5286 inducat,
387 5221 432 5276 alii
446 5239 502 5276 rem
516 5221 534 5274 h
553 5223 683 5290 pothecae
697 5225 802 5278 nomine
816 5223 979 5292 obligaverit,
996 5229 1061 5278 tunc

253 5285 345 5368 deiude
363 5305 421 5344 eam
437 5239 592 5368 infundam
604 5291 745 5356 induxerit,
763 5291 851 5360 potior
866 5291 923 5354 erit,
941 5291 987 5358 qui
1000 5305 1060 5368 spe-

252 5357 353 5410 crahter
370 5373 435 5426 pure
453 5363 566 5424 accepit,
585 5359 718 5426 quianon
737 5373 769 5410 ex
787 5359 962 5412 conventione
996 5359 1062 5412 rrori

252 5423 390 5492 obligatur,
410 5425 456 5480 sed
474 5441 507 5478 ex
525 5441 555 5478 eo
575 5425 647 5492 quod
663 5425 774 5480 inducta
785 5443 828 5482 res
844 5431 891 5492 est,
910 5443 961 5494 quc
998 5441 1059 5494 pos-

252 5597 281 5658 (1)
300 5599 360 5646 rcF
432 5599 468 5664 (1⁸)
488 5597 633 5648 sidededd.
696 5601 728 5658 li)
747 5599 822 5648 Iuliis
832 5599 876 5648 ins.
936 5599 968 5660 (31
988 5597 1057 5662 licet]

251 5665 434 5718 scilicetsisor.
488 5663 644 5728 (ltprioriF
692 5665 893 5728 (tipossidetF2
935 5665 1057 5726 (bietine.

252 5731 284 5796 (1)
302 5733 422 5786 undedel.
434 5737 548 5804 Krtther
680 5737 712 5796 (8)
731 5737 851 5788 servetur]
862 5735 1002 5782 invertatur
1010 5749 1057 5784 scr.

1117 985 1209 1048 betur,
1234 985 1374 1038 videndum
1397 987 1452 1046 est,
1476 997 1511 1032 an
1529 991 1660 1050 competat
1684 987 1707 1038 ιι
1730 981 1920 1054 hypothecaria

1117 1051 1188 1102 actio
1206 1051 1314 1102 nolente
1330 1049 1419 1116 priore
1437 1047 1564 1100 creditore
1581 1051 1720 1114 pecuniam
1737 1051 1866 1120 accipere.
1893 1053 1920 1102 ιι

1116 1117 1225 1168 dicimus
1242 1115 1324 1184 priori
1343 1115 1466 1168 creditori
1481 1113 1599 1166 inutilem
1616 1131 1674 1168 esse
1691 1117 1834 1180 actionem,
1859 1131 1920 1170 cum

1115 1199 1164 1252 per
1181 1197 1240 1236 eum
1256 1181 1311 1246 fiat,
1330 1197 1362 1234 ne
1380 1181 1404 1236 ei
1440 1181 1533 1234 ecunia
1551 1181 1674 1234 solvatur.
1865 1215 1866 1218 =

1152 1247 1190 1306 12
1208 1249 1383 1302 Maecianus
1397 1197 1465 1304 iidoc
1479 1249 1613 1318 singulari
1624 1249 1660 1300 od
1671 1249 1820 1318 formulam
1834 1249 1920 1322 hypo-

1117 1315 1260 1372 thecariam
1304 1315 1425 1370 Creditor
1449 1317 1494 1384 qui
1519 1315 1590 1384 prior
1608 1317 1790 1392 ‘hypothecam
1817 1317 1921 1386 acecpit

1115 1385 1170 1438 sive
1195 1383 1347 1452 possideati
1370 1399 1428 1438 earn
1451 1389 1477 1438 et
1499 1385 1566 1438 alius
1590 1385 1705 1436 vrnmoot
1729 1385 1921 1454 hypothecaria

1118 1453 1237 1514 actione,
1261 1453 1380 1518 exceptio
1403 1451 1485 1518 priori
1508 1449 1578 1504 utilis
1602 1453 1642 1502 est
1660 1449 1691 1502 ‘si
1708 1467 1761 1504 uon
1778 1453 1842 1504 mihi
1859 1459 1922 1506 ante

1116 1519 1227 1586 ‘pignori
1244 1519 1279 1588 hy
1298 1519 1440 1570 ethecaeve
1457 1519 1562 1570 nomine
1579 1517 1612 1570 sit
1635 1531 1677 1568 res
1701 1517 1841 1584 obligata':
1866 1521 1921 1574 sire

1116 1585 1167 1640 alio
1193 1585 1265 1652 possi
1285 1591 1344 1638 ente
1367 1585 1440 1654 prior
1463 1585 1577 1638 creditor
1598 1583 1713 1636 vindicet
1729 1585 1921 1654 hypothecaria

1116 1653 1221 1706 actione
1239 1657 1264 1706 et
1280 1653 1323 1706 ille
1343 1653 1456 1720 excipiat
1473 1651 1504 1706 ‘si
1520 1667 1574 1706 non
1592 1651 1727 1714 convenit,
1751 1655 1782 1702 ut
1805 1653 1855 1706 sibi
1877 1669 1921 1708 res

1115 1721 1159 1774 ‘sit
1177 1719 1308 1788 obligata',
1326 1721 1370 1774 hic
1385 1721 1414 1772 iu
1431 1719 1536 1774 modum
1553 1733 1634 1788 supra
1650 1717 1761 1772 relatum
1773 1719 1920 1788 replicabit.

1115 1789 1162 1842 sed
1185 1789 1208 1840 si
1232 1803 1291 1840 cum
1313 1787 1364 1840 alio
1408 1801 1541 1840 ossessore
1564 1785 1677 1840 creditor
1700 1785 1833 1840 secundus
1850 1795 1920 1856 agat,

1115 1861 1188 1910 recte
1205 1861 1266 1924 aget
1282 1861 1308 1908 ιι
1325 1855 1387 1908 adiu
1407 1855 1471 1908 ‘cari
1488 1855 1511 1908 ei
1527 1855 1625 1924 poterit
1641 1855 1803 1926 hypotheca,
1826 1859 1857 1906 ut
1879 1861 1921 1908 ta·

1117 1927 1128 1974 1
1165 1937 1225 1974 men
1249 1923 1323 1990 prior
1349 1939 1409 1976 cum
1436 1939 1466 1976 eo
1493 1921 1593 1990 agendo
1617 1923 1722 1976 arderet
1747 1921 1771 1974 ei
1793 1935 1857 1974 rem.
1894 1921 1922 1976 st

1115 1989 1239 2060 quoniam
1261 2005 1315 2042 non
1337 1989 1495 2044 restituebat
1517 2005 1572 2042 rem
1594 1989 1758 2056 pigneratam
1781 2003 1922 2056 possessor

1115 2057 1314 2110 condemnatus
1330 2071 1362 2110 ex
1385 2057 1512 2126 praelatis
1535 2057 1618 2110 modis
1641 2057 1694 2110 litis
1712 2053 1922 2110 aestimationem

1116 2125 1261 2188 exsolverit,
1281 2139 1315 2176 an
1332 2125 1441 2192 perinde
1458 2125 1573 2178 secundo
1593 2125 1716 2178 creditori
1733 2128 1869 2188 teneatur,
1888 2137 1920 2176 ac

1115 2193 1138 2246 ιι
1161 2191 1248 2246 soluta
1271 2191 1305 2244 sit
1326 2193 1440 2260 pecunia
1466 2193 1547 2260 priori
1570 2191 1707 2256 creditori,
1725 2191 1868 2270 quaeritur.
1895 2195 1922 2244 ιι

1115 2263 1130 2312 2
1164 2263 1236 2312 recte
1253 2263 1318 2326 puto
1336 2259 1388 2314 hoc
1406 2259 1594 2314 admittendum
1607 2275 1672 2312 esse.
1709 2257 1737 2312 Sr
1750 2257 1859 2326 primus,
1877 2257 1923 2324 qui

1115 2327 1171 2380 sine
1187 2327 1337 2394 hypotheca
1355 2327 1479 2392 credidit,
1496 2333 1557 2394 post
1574 2327 1731 2390 secundum,
1757 2325 1801 2394 qui
1818 2329 1922 2378 utrum-

1115 2409 1167 2462 que
1183 2391 1254 2458 fecit,
1275 2393 1347 2460 6ιῙιιι
1364 2395 1539 2462 hypothecam
1557 2395 1669 2462 accepit,
1686 2393 1743 2446 sine
1761 2393 1841 2448 dubio
1859 2407 1922 2460 pos·

1115 2461 1196 2512 terior
1211 2461 1239 2512 in
1256 2461 1407 2530 hypotheca
1425 2465 1479 2514 este
1501 2461 1590 2512 unde⁷
1606 2461 1629 2514 si
1651 2461 1679 2512 in
1703 2461 1771 2514 diem
1788 2461 1821 2512 ιιι
1837 2461 1856 2512 h
1892 2473 1922 2512 o-

1115 2527 1194 2582 theca
1211 2527 1341 2590 convenit,
1361 2527 1470 2582 dubium
1487 2533 1602 2592 nonest,
1620 2529 1683 2596 quin
1698 2527 1787 2596 potior
1800 2527 1842 2590 sit,
1870 2527 1923 2580 icet

1115 2601 1178 2650 ante
1195 2595 1263 2650 diem
1281 2611 1341 2650 cum
1359 2595 1410 2650 alio
1430 2595 1559 2650 creditore
1576 2613 1642 2664 pure
1661 2595 1692 2650 de
1707 2595 1800 2650 eadem
1813 2611 1843 2648 re
1858 2611 1922 2648 con-

1115 2669 1130 2716 3
1164 2665 1242 2716 venit.
1279 2663 1307 2716 Si
1323 2663 1392 2716 idem
1409 2663 1458 2728 his,
1476 2663 1503 2716 id
1521 2669 1560 2716 est
1577 2669 1639 2716 ante
1656 2663 1802 2716 secundum
1820 2667 1923 2730 etpost

1115 2747 1175 2784 eum
1193 2729 1338 2794 crediderit,
1357 2731 1385 2782 in
1402 2731 1489 2796 priore
1506 2731 1620 2798 pecunia
1635 2731 1723 2798 potior
1739 2737 1779 2784 est
1794 2729 1922 2794 secundo,

1115 2803 1131 2850 4
1164 2797 1192 2850 ιι
1208 2797 1355 2866 posteriore
1371 2799 1464 2850 tertius
1484 2803 1530 2850 est.
1567 2797 1595 2852 Si
1611 2803 1700 2852 tecum
1718 2797 1751 2850 de
1767 2797 1920 2866 hypotheca

1115 2865 1267 2934 paciscatur
1285 2865 1401 2930 debitor,
1420 2865 1514 2918 deinde
1529 2865 1598 2920 idem
1616 2881 1677 2918 cum
1694 2865 1746 2918 alio
1764 2871 1812 2918 tua
1828 2863 1922 2918 volun·

1115 2939 1185 2996 tate,
1204 2933 1336 2986 secundus
1353 2933 1442 2998 potior
1460 2933 1521 2986 erit:
1540 2933 1652 3000 pecunia
1670 2937 1758 2986 autem
1775 2933 1863 2986 soluta
1881 2947 1922 2986 se-

1116 3001 1203 3052 cundo
1228 3015 1263 3052 an
1284 3015 1376 3052 rursus
1400 3005 1521 3052 teneatur
1538 2999 1594 3064 tibi,
1611 3005 1683 3052 recte
1702 2999 1846 3066 quaeritur.
1873 2999 1923 3052 erit

1115 3073 1204 3120 autem
1220 3067 1287 3120 iacti
1304 3067 1423 3134 quaestio
1442 3065 1579 3134 agitanda,
1604 3067 1666 3134 quid
1682 3067 1751 3118 inter
1769 3079 1814 3120 eos
1833 3071 1923 3120 actutu

1115 3133 1161 3196 sit,
1185 3139 1286 3196 utrum,
1312 3139 1343 3186 ut
1366 3133 1518 3186 discedatur
1541 3133 1575 3186 ab
1599 3135 1750 3202 hypotheca
1775 3133 1803 3184 in
1827 3139 1923 3198 totum,

1115 3201 1188 3268 prior
1205 3201 1337 3254 concessit
1355 3199 1469 3252 creditor
1487 3199 1531 3252 alii
1548 3199 1657 3268 obligari
1673 3199 1864 3268 hypothecam,
1887 3215 1923 3254 an

1115 3273 1146 3320 ut
1160 3267 1224 3322 ordo
1240 3267 1377 3322 serretur⁸
1394 3271 1420 3320 et
1436 3267 1509 3334 prior
1523 3267 1635 3320 creditor
1650 3265 1767 3320 secundo
1782 3267 1841 3322 loco
1858 3283 1923 3322 con-

1115 3341 1129 3388 5
1165 3337 1299 3388 stituatur.
1334 3335 1498 3402 Papinianus
1514 3335 1581 3388 libro
1600 3333 1739 3388 undecimo
1757 3349 1799 3388 res
1820 3335 1895 3388 ondit
1902 3335 1922 3400 ⁹,

1115 3403 1137 3456 si
1160 3403 1233 3472 prior
1256 3403 1370 3456 creditor
1391 3407 1485 3470 postea
1508 3403 1647 3454 novatione
1663 3401 1737 3456 facta
1755 3415 1788 3456 ea
1807 3417 1848 3456 em
1865 3403 1920 3472 pig·

1114 3485 1181 3524 nora
1199 3485 1258 3522 cum
1268 3473 1288 3502 ¹⁰
1306 3469 1365 3522 aliis
1383 3469 1501 3538 accepit,
1526 3469 1553 3520 in
1577 3483 1654 3522 suum
1676 3471 1765 3524 locum
1784 3485 1844 3524 eum
1861 3485 1922 3524 suc·

1115 3537 1221 3590 cedere:
1241 3537 1287 3592 scd
1304 3537 1327 3590 si
1343 3535 1476 3592 secundus
1495 3553 1548 3590 non
1565 3535 1661 3590 offerat
1676 3537 1825 3606 pecuniam,
1843 3553 1924 3606 posse

1114 3605 1228 3672 priorem
1250 3605 1376 3668 vendere,
1399 3609 1430 3658 ut
1451 3605 1563 3670 primam
1585 3609 1688 3658 tanturn
1710 3607 1851 3672 pecuniam
1876 3621 1921 3660 ex-

1114 3687 1224 3740 pensam
1244 3671 1328 3736 ierat,
1353 3687 1407 3726 non
1430 3673 1508 3724 etiam
1532 3687 1610 3740 quam
1632 3677 1727 3740 postea
1745 3671 1871 3738 credidit,
1896 3685 1923 3726 ιι

1115 3739 1185 3808 quod
1208 3739 1370 3808 superfluum
1394 3755 1427 3792 ιιι
1450 3739 1580 3794 anteriore
1604 3739 1703 3794 credito
1727 3739 1845 3808 accepit,
1871 3741 1923 3796 hoc

1115 3811 1129 3862 6
1165 3807 1282 3862 secundo
1305 3809 1437 3862 restituat.
1473 3805 1613 3862 Sciendum
1637 3813 1678 3862 est
1700 3809 1818 3862 secundo
1838 3809 1923 3862 credi-

1114 3877 1166 3928 tori
1189 3891 1244 3928 rem
1266 3877 1350 3928 teneri
1373 3877 1452 3928 etiam
1475 3875 1555 3928 insito
1580 3875 1698 3928 debitore
1720 3883 1776 3928 tam
1797 3877 1923 3930 insnum

1115 3943 1231 3996 debitum
1255 3959 1334 4010 quam
1357 3943 1386 3994 in
1409 3943 1487 4012 primi
1504 3943 1638 3996 creditoris
1657 3949 1683 3996 et
1700 3943 1728 3996 in
1745 3959 1841 3996 usuras
1859 3961 1923 4000 suas

1115 4015 1141 4062 et
1158 4025 1224 4078 quas
1241 4011 1326 4130 grimo
1345 4009 1470 4064 creditori
1487 4011 1576 4064 solvit:
1603 4009 1648 4064 sed
1664 4017 1754 4064 tamen
1771 4027 1922 4076 usurarum,

1115 4093 1181 4144 quas
1199 4093 1242 4132 cre
1262 4077 1323 4130 itori
1340 4077 1425 4146 primo
1443 4077 1527 4142 solvit,
1546 4093 1639 4132 usuras
1658 4093 1712 4132 non
1730 4083 1922 4148 consequetur:

1113 4161 1167 4198 nou
1185 4145 1254 4198 enim
1271 4145 1404 4214 negotium
1421 4145 1529 4200 alterius
1546 4147 1640 4214 gessit,
1664 4147 1711 4198 sed
1734 4147 1816 4214 magis
1835 4161 1920 4200 suum.

1115 4219 1141 4266 et
1163 4213 1202 4268 ita
1218 4213 1382 4282 Papinianus
1404 4213 1471 4266 libro
1495 4215 1572 4268 tertio
1596 4229 1784 4282 responsorum
1806 4213 1922 4280 scripsit,

1114 4283 1128 4332 't
1165 4287 1192 4336 ιι
1205 4297 1295 4336 rerum
1310 4287 1357 4334 est.
1394 4279 1423 4336 st
1437 4283 1589 4350 simpiciter
1607 4283 1772 4336 convenisset
1789 4279 1922 4336 secundus

1115 4349 1229 4402 creditor
1246 4349 1278 4402 de
1296 4349 1461 4418 hypotheca,
1487 4351 1520 4404 ab
1539 4351 1610 4402 omni
1626 4363 1779 4416 possessore
1796 4363 1856 4400 eam
1873 4363 1922 4400 au-

1112 4415 1182 4468 ferre
1199 4417 1296 4482 poterit
1310 4423 1418 4534 praeter
1435 4417 1549 4484 priorem
1567 4417 1722 4468 creditorem
1739 4419 1765 4468 ιι
1780 4413 1825 4482 qui
1840 4413 1874 4466 ab
1889 4429 1921 4468 eo

1115 4487 1128 4534 8
1163 4483 1233 4534 emit.
1269 4485 1294 4536 A
1334 4483 1381 4536 itio
1398 4489 1534 4536 mutuatus
1552 4489 1647 4550 pactus
1665 4487 1705 4534 est
1722 4497 1783 4536 cum
1806 4479 1867 4544 illo,
1891 4485 1923 4534 ut

1114 4549 1138 4602 ei
1154 4549 1291 4618 praedium
1307 4567 1385 4604 suum
1397 4551 1501 4620 pignori
1514 4549 1710 4618 hypothecaeve
1726 4551 1807 4600 esset:
1827 4545 1922 4604 deinde

1112 4623 1248 4672 mutuatus
1273 4623 1313 4672 est
1335 4621 1476 4686 pecuniam
1493 4633 1509 4672 a
1526 4617 1628 4670 Maesio
1646 4621 1673 4668 et
1689 4621 1785 4684 paetus
1803 4619 1844 4668 ιιι
1862 4629 1922 4670 cum

1114 4701 1154 4750 ιι,
1172 4695 1211 4750 ιιι,
1229 4687 1252 4738 ιι
1266 4685 1335 4738 Τιιιο
1355 4687 1462 4738 desierit
1478 4683 1614 4754 praedium
1631 4681 1722 4746 teneri,
1742 4681 1766 4736 ei
1783 4687 1920 4738 teneatur:

1112 4753 1206 4806 tertius
1224 4753 1318 4806 deinde
1335 4753 1429 4822 ahquis
1445 4753 1494 4804 dat
1510 4757 1629 4804 mutuam
1646 4751 1786 4816 pecuniam
1802 4749 1866 4816 tibi,
1890 4757 1921 4804 ut

1113 4819 1184 4872 Titio
1203 4819 1315 4874 solveres
1326 4821 1361 4882 ¹¹,
1381 4825 1407 4872 et
1424 4819 1567 4888 paciscitur
1583 4823 1686 4880 tecum,
1707 4821 1738 4869 ut
1754 4817 1824 4870 idem
1841 4833 1920 4888 prae-

1113 4887 1185 4940 dium
1208 4885 1231 4940 ei
1247 4887 1351 4954 pignori
1367 4885 1564 4956 hypothecaeve
1581 4885 1617 4936 sit
1633 4889 1659 4936 et
1675 4885 1764 4938 locum
1781 4885 1838 4940 eius
1856 4887 1921 4940 sub·

1112 4959 1157 5022 eat
1165 4955 1198 5008 12ι
1222 4969 1286 5008 num
1302 4955 1345 5008 hic
1362 4955 1464 5008 medius
1481 4953 1559 5006 tertio
1570 4951 1590 4984 ¹³
1607 4951 1695 5020 potior
1713 4957 1767 5018 est,
1792 4953 1838 5020 qui
1855 4969 1921 5022 pac·

1111 5027 1155 5076 tus
1180 5027 1233 5086 est,
1256 5027 1287 5074 ut
1304 5023 1375 5074 Τιιιο
1398 5023 1487 5076 soluta
1503 5019 1616 5088 pecunia
1631 5019 1773 5088 impleatur
1790 5023 1922 5088 condicio,

1112 5095 1140 5144 et
1161 5089 1254 5144 tertius
1279 5089 1312 5144 de
1330 5105 1380 5142 sua
1396 5089 1560 5156 neglegentia
1577 5087 1651 5156 queri
1668 5089 1782 5142 debeat?
1808 5089 1857 5144 sed
1878 5095 1921 5142 ta·

1111 5173 1172 5212 men
1190 5163 1216 5212 ιι
1233 5159 1276 5212 hic
1292 5157 1386 5210 tertius
1405 5155 1520 5210 creditor
1535 5153 1650 5210 secundo
1664 5155 1855 5224 praeferendus
1871 5163 1920 5212 est.

1112 5229 1127 5278 9
1163 5223 1191 5278 Si
1213 5227 1307 5278 tertius
1331 5225 1447 5278 creditor
1468 5223 1579 5290 pignora
1595 5239 1646 5278 sua
1664 5225 1774 5278 distrahi
1791 5225 1923 5292 permittit

1112 5291 1219 5356 adhoc,
1235 5299 1266 5344 ut
1280 5291 1362 5358 priori
1376 5291 1491 5358 pecunia
1505 5291 1593 5344 soluta
1606 5293 1635 5344 in
1649 5293 1721 5346 aliud
1734 5293 1762 5362 pi
1798 5291 1923 5360 uspriori

1111 5359 1251 5424 succedat,
1274 5373 1462 5412 successurum
1486 5375 1545 5412 eum
1562 5359 1725 5430 Papinianus
1748 5359 1767 5413 li
1785 5375 1816 5414 ro
1835 5359 1921 5414 unde·

1112 5427 1179 5482 cino
1197 5441 1383 5494 responsorum
1401 5425 1515 5494 scripsit.
1543 5431 1569 5482 ιι
1586 5429 1692 5482 omnino
1710 5427 1843 5482 secundus
1862 5443 1923 5482 cre·

1671 5539 1892 5548 .--..·-..„...--.—--·-

1111 5601 1143 5656 191
1162 5623 1196 5640 =
1206 5599 1220 5644 l.
1231 5605 1243 5646 ι
1250 5613 1289 5660 pr.
1300 5597 1322 5644 d.
1333 5605 1348 5646 ι.
1418 5599 1461 5660 (10)
1481 5603 1546 5662 cum]
1557 5599 1608 5650 faa
1616 5599 1642 5650 F
1706 5599 1746 5662 (ll)
1765 5593 1923 5646 ιοιιιιιιῙι12

1110 5667 1154 5730 (ti)
1173 5663 1314 5714 subeantF
1372 5667 1415 5730 113)
1435 5667 1566 5718 tertiodel.

1686 5821 1716 5866 34
