4366 6258
275 353 433 422 XVllllt
1057 335 1133 424 Ι258
1540 421 1545 430 ,
1636 367 1680 414 ιι
1703 363 1932 412 resusciteris

273 545 363 600 similis
381 545 432 598 erit
446 541 565 598 mandati
582 543 695 610 actoni,
713 541 933 612 quemadmodum
950 541 978 596 in
995 557 1074 612 supe·
1116 541 1167 596 'rel
1184 557 1266 610 pecus
1283 541 1447 610 pascendum
1461 541 1509 596 tibi
1524 541 1620 596 dedero
1636 541 1677 596 vel
1690 555 1803 610 puerum
1816 541 1931 592 tinnien-

272 619 286 668 t
321 613 435 670 rioribus
458 611 564 666 casibus
588 611 714 666 locationi
737 617 763 666 et
789 613 923 682 emptioni.
959 609 988 664 Si
1015 625 1074 680 ergo
1127 609 1189 664 dum
1206 611 1257 676 ita,
1281 615 1324 676 ut,
1343 609 1365 666 si
1382 615 1444 678 post
1461 615 1548 664 certos
1566 625 1650 664 annos
1667 609 1797 676 venisset,
1820 607 1932 678 pretium

272 683 337 736 haec
355 685 432 744 sunt,
454 679 501 734 ubi
518 679 551 734 de
567 679 689 734 iaciendo
707 681 741 734 ab
758 685 872 750 utroque
890 679 1024 744 convenit,
1048 685 1075 734 et
1125 679 1195 732 inter
1212 695 1262 734 nos
1280 679 1533 744 communicaretur,
1556 677 1700 732 abhorrere
1723 679 1791 732 haec
1814 677 1848 730 ab
1872 691 1933 730 area

272 751 299 802 in
321 749 457 816 proposita
479 749 633 816 quaestione
649 747 719 802 idem
736 747 789 802 dici
804 753 894 816 potest
910 753 936 802 ιι
953 763 1074 806 necessa·
1127 761 1166 812 ιι,
1185 745 1256 814 quod
1272 747 1315 800 bic
1333 745 1451 800 dominus
1471 763 1528 802 esse
1546 761 1600 798 non
1615 745 1710 802 desiuit
1724 745 1769 814 qui
1781 745 1854 816 prius
1869 743 1932 800 fuit:

271 815 310 868 rio
329 815 454 882 sequitur,
473 821 503 868 ιι
516 815 571 870 eius
585 815 633 868 liat
648 815 841 882 condemnatio,
860 815 952 884 quanti
965 813 1077 868 interest
1127 815 1253 882 competit
1270 815 1349 882 igitur
1365 829 1413 882 pro
1431 815 1504 870 socio
1523 813 1601 868 actio.
1634 813 1680 868 sed
1699 813 1722 868 si
1738 813 1808 868 forte
1825 827 1934 882 puerum

272 895 329 934 mea
343 895 446 936 servum
459 883 558 938 habere
573 899 650 952 quein
665 883 811 938 manumisi.
839 899 874 936 an
893 883 1076 936 deducendum
1127 883 1235 936 dominii
1258 883 1298 934 ιιι
1320 881 1423 946 ιιιιιι,
1445 881 1515 936 idem
1533 897 1561 934 se
1579 879 1695 948 quadiu
1713 897 1776 936 area
1795 881 1932 946 dicturum,

271 949 333 1012 erit,
361 949 436 1018 qnod
455 947 579 1004 libertum
604 951 709 1006 habeo?
743 951 789 1006 ιιι
820 951 872 1006 ιιι
902 967 956 1004 non
988 955 1077 1018 potest
1127 949 1189 1018 quia
1214 949 1359 1004 nominum
1382 949 1478 1004 desinit
1500 949 1535 1002 ad
1559 949 1672 1018 prinum
1697 949 1831 1002 dominum
1854 949 1933 1018 perti·

272 1017 411 1070 aestimari.
1127 1033 1197 1072 nere.
1225 1015 1290 1086 quid
1307 1033 1368 1084 ergo
1387 1019 1444 1072 est?
1467 1017 1495 1072 in
1517 1015 1619 1072 iactum
1642 1021 1721 1084 putat
1743 1017 1874 1072 actionem
1891 1017 1933 1072 Iu-

305 1079 324 1140 6
350 1083 501 1138 Nanneius
526 1085 593 1138 libro
615 1087 705 1156 priten
730 1101 774 1140 res
793 1101 919 1142 ausorum
958 1085 1076 1140 Insidam
1127 1085 1214 1138 banus
1238 1085 1367 1148 dandam,
1391 1083 1419 1138 id
1442 1091 1482 1140 est
1504 1085 1676 1152 praescriptis
1698 1085 1794 1140 verbis.
1827 1097 1889 1154 ergo
1913 1087 1934 1138 si

270 1151 322 1204 boc
339 1153 432 1216 niodo,
455 1157 485 1204 ut
508 1153 586 1204 aliam
603 1153 716 1206 insulam
732 1171 761 1208 re
782 1169 869 1216 ceres,
893 1153 1005 1206 vendidi.
1033 1169 1075 1206 re·
1128 1153 1186 1222 quis
1205 1167 1283 1206 areae
1301 1151 1443 1206 dominium
1460 1169 1515 1206 non
1532 1153 1704 1216 transtulerit,
1724 1151 1771 1206 sed
1788 1167 1883 1220 passus
1902 1153 1935 1206 sit

271 1219 378 1288 spondit
390 1219 489 1272 nullam
505 1235 563 1274 esse
575 1219 760 1286 venditionem,
778 1221 825 1276 sed
844 1219 912 1274 civili
929 1219 1077 1274 intentione
1127 1225 1154 1272 te
1171 1219 1209 1274 sio
1228 1219 1377 1284 aedificare,
1394 1219 1679 1274 utcommunicaretur
1696 1219 1737 1272 rel
1750 1219 1809 1288 ipsa
1820 1219 1863 1274 vel
1876 1237 1933 1288 pre·

270 1285 365 1340 incerti
383 1285 513 1354 agendum
531 1291 572 1340 est
583 1291 597 1340 ¹.
1127 1287 1201 1352 tium,
1219 1287 1269 1342 erit
1286 1287 1408 1342 societas.
1434 1287 1555 1354 idemque
1573 1291 1600 1340 et
1616 1287 1639 1340 si
1655 1287 1739 1354 partis
1757 1303 1837 1342 areae
1853 1285 1932 1342 domi-

306 1351 523 1408 7Pai>rniiirus
539 1355 606 1408 b'bro
622 1355 738 1410 secundo
756 1355 941 1426 quaestionum
977 1353 1005 1408 Si
1028 1355 1077 1410 tibi
1127 1355 1200 1408 nium
1217 1355 1414 1420 transtuleritfl,
1438 1357 1522 1426 partis
1541 1371 1608 1420 non,
1632 1359 1658 1408 et
1681 1353 1773 1408 cadent
1790 1355 1846 1422 lege
1863 1355 1932 1408 aedi-

271 1421 362 1476 decem
380 1419 485 1486 dedero,
503 1427 534 1474 ut
548 1421 667 1474 Stichum
683 1423 863 1486 manumittas,
882 1427 909 1476 et
923 1423 1076 1486 cessaveris,
1127 1421 1209 1476 ficare
1245 1439 1322 1476 assus
1337 1423 1379 1476 sit.

271 1489 409 1542 confestim
427 1503 503 1558 again
519 1489 688 1558 praescriptis
705 1491 804 1554 verbis,
827 1495 858 1544 ut
881 1489 968 1544 solvas
986 1489 1077 1558 quanti
1163 1489 1202 1546 14
1219 1441 1301 1546 fanu
1320 1489 1388 1546 libro
1411 1489 1618 1558 quadrupesiruo
1637 1489 1729 1560 primo
1754 1489 1791 1544 uit
1806 1487 1935 1544 Sabiniani

271 1573 330 1610 mea
345 1555 467 1610 interest:
486 1563 541 1622 ιιι,
559 1559 582 1612 ιι
600 1557 664 1612 nihil
680 1559 798 1620 interest,
817 1555 956 1612 condicam
974 1557 1029 1622 tibi,
1046 1561 1077 1612 ut
1128 1555 1179 1624 uu
1193 1555 1383 1612 servandarum
1395 1555 1521 1610 mercium
1535 1573 1644 1610 suarum
1658 1571 1741 1612 causa
1755 1557 1854 1612 abenas
1868 1573 1935 1612 mer-

271 1625 362 1678 dacem
379 1623 483 1678 reddas.
1128 1639 1172 1678 ces
1189 1625 1217 1678 in
1235 1639 1308 1678 mare
1329 1623 1454 1692 proiecit,
1478 1623 1552 1678 nulla
1574 1629 1679 1678 tenetur
1701 1625 1818 1678 ιιιιιιιι
1844 1625 1891 1678 ιιι
1914 1627 1935 1678 ιι

305 1687 324 1748 8
347 1691 427 1746 Iasii
449 1691 516 1746 libro
543 1693 666 1756 uicesima
690 1693 802 1762 septimo
830 1693 1015 1760 quaestionum
1049 1691 1077 1744 Si
1127 1691 1185 1746 sine
1203 1707 1285 1744 eausa
1302 1691 1330 1744 id
1346 1691 1466 1756 fecisset,
1491 1691 1520 1744 in
1541 1691 1656 1756 factum,
1681 1693 1704 1744 si
1727 1691 1801 1756 dolo,
1826 1691 1859 1746 de
1876 1693 1935 1748 dolo

271 1759 391 1814 dominus
410 1761 526 1822 servum,
545 1775 606 1814 cuin
622 1759 712 1814 ιιιιιι2
729 1763 897 1826 argueretur,
915 1759 1077 1828 quaestionis
1130 1765 1141 1812 1
1178 1765 1291 1814 tenetur.
1328 1759 1381 1812 Sed
1404 1765 1431 1812 et
1453 1759 1476 1812 si
1499 1773 1602 1814 servum
1625 1759 1683 1828 quis
1706 1759 1821 1814 ebenum
1839 1761 1935 1828 spolia-

269 1827 407 1882 habeudae
434 1843 516 1882 causa
542 1827 708 1882 aestimatum
733 1825 849 1880 dedisset
873 1843 960 1896 neque
985 1825 1018 1882 de
1044 1841 1076 1880 eo
1127 1827 1194 1882 verit
1210 1827 1285 1894 isque
1302 1825 1399 1894 frigore
1414 1831 1533 1882 mortuus
1549 1827 1590 1892 sit,
1610 1827 1642 1882 de
1655 1827 1818 1882 vestimentis
1834 1827 1935 1894 quidem

271 1899 434 1974 compertum
449 1895 544 1950 fuisset
561 1899 588 1962 ιι
604 1895 626 1948 ιι
650 1909 703 1948 ιιι
726 1893 895 1960 redderetur,
920 1909 950 1948 ιι
972 1893 1078 1948 nomine
1127 1895 1192 1948 furti
1215 1895 1257 1962 agi
1282 1893 1393 1964 poterit,
1418 1895 1449 1948 de
1473 1909 1547 1948 servo
1565 1911 1626 1948 iero
1643 1895 1671 1948 in
1688 1893 1791 1948 factum
1808 1895 1935 1962 agendum

271 1963 380 2018 civiliter
403 1963 446 2032 agi
467 1979 560 2032 posse,
585 1963 648 2018 licet
670 1963 756 2030 aliquo
782 1977 845 2016 casu
869 1975 974 2016 servum
990 1967 1076 2016 reten-
1129 1965 1144 2016 2
1181 1961 1310 2016 criminali
1326 1977 1413 2030 poena
1431 1961 1556 2016 advorsus
1574 1977 1633 2016 eum
1651 1967 1764 2016 servata.
1800 1963 1853 2016 Sed
1870 1969 1897 2016 et
1914 1965 1935 2016 si

269 2035 347 2086 turus
365 2038 442 2096 esset,
460 2031 506 2100 qui
522 2031 648 2086 traditum
666 2029 819 2098 accepisset,
843 2035 932 2098 potest
949 2029 1018 2084 enim
1034 2047 1075 2084 ie·
1130 2029 1239 2084 calicem
1262 2035 1416 2098 argenteum
1439 2029 1497 2098 quis
1521 2029 1635 2084 adenem
1658 2029 1686 2082 in
1727 2029 1871 2084 rotundum
1889 2031 1935 2084 ab·

270 2101 354 2154 tinere
377 2113 496 2164 servum,
520 2099 574 2152 sire
597 2099 717 2152 dontinus
738 2113 786 2166 pro
812 2113 843 2152 ιι
867 2097 1008 2166 pecuniam
1025 2097 1076 2152 ele·
1127 2095 1220 2152 iecerit
1238 2095 1328 2152 damni
1345 2097 1425 2152 dandi
1443 2113 1536 2162 causa,
1555 2113 1610 2152 non
1628 2095 1695 2152 lucri
1709 2047 1841 2164 1ιιιιιιι,
1858 2097 1935 2152 Pom-

269 2167 351 2236 gisset
368 2167 422 2222 sive
438 2167 465 2218 in
477 2167 593 2220 admisso
609 2165 786 2234 deprehensus
800 2165 908 2220 fuisset:
926 2173 991 2220 tunc
1009 2167 1077 2220 euim
1128 2165 1224 2234 posius
1241 2165 1308 2220 libro
1328 2165 1439 2234 septimo
1457 2163 1559 2218 decimo
1577 2165 1612 2218 ad
1626 2165 1754 2218 Sabinum
1772 2165 1878 2234 scripsit
1892 2183 1936 2218 ne-

271 2239 298 2288 et
322 2235 410 2290 datam
435 2233 642 2288 aestimationem
668 2233 742 2286 reddi
768 2247 785 2286 a
810 2233 918 2288 domino
944 2239 1075 2302 oportere.
1130 2249 1181 2302 que
1206 2233 1273 2286 furti
1298 2247 1383 2302 neque
1409 2233 1498 2286 damni
1520 2233 1632 2286 iniuriae
1655 2233 1786 2286 actionem
1811 2245 1884 2296 esse,
1910 2233 1935 2288 in

270 2303 318 2356 sed
335 2303 483 2372 quaesitum
501 2305 549 2366 est,
567 2317 620 2368 qna
637 2299 741 2356 actione
758 2301 899 2380 pecnniai,
917 2301 940 2356 si
958 2317 1015 2354 eam
1029 2299 1077 2356 do·
1129 2305 1143 2354 3
1178 2299 1281 2354 iactum
1304 2303 1393 2354 ιιιιιι
1416 2299 1554 2368 agendum.
1591 2299 1619 2354 si
1635 2299 1711 2368 glans
1730 2299 1874 2354 enarbore
1891 2305 1936 2354 tua

269 2371 355 2424 minus
374 2371 502 2438 elegisset,
540 2369 575 2422 eti
591 2375 690 2438 posset,
718 2367 780 2434 dixi,
798 2371 904 2422 tametsi
921 2369 993 2440 quod
1010 2369 1078 2422 inter
1127 2367 1155 2422 in
1178 2383 1266 2422 meum
1286 2367 1400 2422 fundum
1424 2366 1502 2424 cadat
1518 2383 1627 2436 eamque
1645 2383 1691 2436 ego
1709 2365 1824 2422 immisso
1842 2383 1937 2434 pecore

270 2453 316 2494 eos
338 2445 460 2506 ageretur
484 2453 529 2490 rer
548 2437 570 2490 is
594 2453 698 2506 quoque
721 2437 900 2506 stipulationis
923 2437 1077 2492 conclusum
1129 2437 1280 2506 depascam:
1298 2437 1388 2492 Aristo
1403 2435 1496 2490 scribit
1509 2453 1563 2490 non
1578 2437 1629 2490 sibi
1643 2451 1783 2490 occurrere
1797 2435 1937 2504 legitimam

269 2521 324 2560 non
348 2503 456 2568 inisset,
483 2503 506 2558 ii
531 2509 621 2576 tamen
645 2505 688 2558 lex
714 2509 868 2558 contractus
893 2521 948 2560 non
973 2503 1076 2570 lateret,
1129 2503 1274 2570 actionem,
1298 2519 1350 2572 qua
1369 2503 1482 2572 experiri
1498 2503 1610 2572 possim:
1633 2519 1695 2556 nam
1718 2519 1804 2573 neque
1828 2519 1860 2558 ex
1883 2503 1938 2570 lege

269 2571 438 2642 praescriptis
455 2571 542 2626 verbis
558 2571 653 2626 incerti
671 2575 697 2624 ιι
710 2571 754 2626 liic
771 2573 813 2638 agi
827 2587 915 2640 posse,
932 2587 981 2626 nec
995 2571 1078 2626 videri
1130 2571 1271 2626 duodecim
1287 2571 1440 2626 tabularum
1457 2571 1490 2626 de
1506 2573 1587 2640 pastu
1610 2571 1714 2638 pecoris
1739 2571 1811 2642 (qnia
1834 2587 1889 2626 non
1910 2571 1937 2624 in

269 2641 370 2694 nudum
393 2643 502 2708 pactum
519 2637 698 2704 intervenisse,
716 2639 837 2708 quotiens
856 2647 929 2694 carta
946 2639 1002 2710 lege
1021 2639 1078 2694 dari
1127 2645 1174 2694 tuo
1199 2641 1327 2718 pascitur)
1351 2653 1437 2708 neque
1460 2639 1494 2692 de
1515 2639 1643 2708 pauperie
1659 2653 1751 2706 neque
1775 2639 1824 2692 de⁷
1849 2639 1937 2692 damni

269 2707 433 2776 probaretur.
1127 2707 1240 2762 iniuriae
1258 2707 1301 2776 agi
1337 2723 1410 2760 osse:
1428 2707 1456 2760 in
1472 2707 1574 2760 iactum
1591 2707 1681 2776 itaque
1699 2707 1749 2760 erit
1766 2721 1783 2760 a
1801 2707 1905 2760 endum.

304 2773 323 2832 9
340 2773 420 2830 Iunii
431 2775 498 2854 ιιινι
512 2773 651 2830 undecimo
665 2791 855 2854 responsorum
890 2773 931 2854 Ob
947 2789 1004 2854 eam
1015 2789 1077 2828 cau·
1164 2771 1202 2830 15
1220 2773 1303 2854 Iona
1316 2723 1383 2830 doro
1400 2773 1608 2844 quadrupestrno
1625 2775 1742 2854 repando
1758 2725 1800 2854 ud
1808 2773 1936 2854 Sabinum

269 2859 327 2896 sain
344 2859 407 2898 acce
427 2849 454 2896 to
472 2843 609 2908 bbeiatuS,
627 2849 657 2896 ut
674 2857 770 2898 nomeu
785 2843 849 2896 Titii
862 2843 989 2896 debitoris
1008 2841 1077 2896 dele·
1128 2843 1235 2908 Solent,
1259 2859 1305 2912 qm
1330 2847 1459 2898 noverunt
1484 2857 1572 2896 servos
1590 2841 1714 2910 ingraves
1732 2843 1830 2898 aboubi
1849 2843 1936 2908 celari,

269 2917 351 2978 garet,
368 2861 486 2966 ridden
497 2915 651 2966 contractus
667 2927 721 2966 uon
734 2911 850 2980 impleat,
864 2911 959 2966 incerti
973 2911 1079 2964 ιιιιοιι
1127 2911 1247 2966 indicare
1265 2927 1310 2964 ιιι
1328 2911 1439 2966 dominis
1454 2911 1501 2964 ubi
1517 2911 1647 2966 celentur:
1667 2927 1735 2980 quae
1748 2925 1792 2966 res
1805 2927 1860 2964 nou
1873 2911 1937 2966 facit

269 2979 408 3033 tenebitur.
434 2979 525 3046 itaque
548 2977 641 3034 iudicis
665 2977 753 3034 officio
777 2995 831 3034 non
854 2983 929 3034 vetus
953 2979 1006 3032 obli
1025 2977 1077 3032 ιιιι
1129 2995 1174 3034 ιιι
1192 2979 1273 3032 fures.
1301 2977 1386 3034 solent
1403 2979 1483 3032 etiam
1500 2977 1647 3034 mercedem
1664 2977 1742 3034 huius
1760 2979 1799 3032 rei
1817 2979 1937 3046 accipere

269 3047 470 3112 restaurabitur,
488 3047 537 3100 sed
553 3047 682 3116 promissa
698 3049 879 3116 praestabitur
893 3051 940 3100 aut
955 2995 1077 3100 condem·
1129 3051 1155 3100 et
1179 3047 1218 3100 ιιι
1241 3045 1375 3112 indicare,
1399 3061 1449 3100 nec
1466 3045 1570 3100 videtur
1586 3047 1705 3100 illicitum
1724 3047 1851 3100 essehoc
1868 3047 1937 3114 qnod

270 3115 343 3168 natio
362 3119 495 3184 sequetur.
976 3125 978 3128 ·
1130 3115 1216 3168 datur.
1244 3127 1327 3182 quare
1350 3115 1395 3184 qui
1416 3115 1533 3184 accepit,
1557 3115 1620 3194 quia
1643 3113 1677 3168 ob
1701 3129 1811 3168 causam
1836 3113 1938 3182 accepit

307 3177 343 3238 10
354 3181 522 3238 Iaroisrios
535 3181 602 3238 libro
613 3181 799 3238 tertiodecimo
810 3181 986 3254 opusculorum
1012 3181 1077 3234 Par·
1129 3199 1179 3236 nec
1193 3181 1342 3250 improbam
1358 3199 1474 3248 causam,
1490 3199 1544 3236 non
1557 3187 1632 3236 timet
1646 3183 1848 3238 condictionem.
1868 3183 1935 3250 qnod

270 3249 408 3304 tistertiae
421 3249 630 3304 usumfructum
644 3251 752 3318 legarit:
767 3249 872 3306 heredis
886 3249 958 3304 bona
972 3249 1005 3304 ab
1022 3249 1077 3304 eius
1129 3251 1152 3304 si
1169 3251 1286 3304 solutum
1304 3251 1407 3318 quidem
1426 3251 1491 3304 nihil
1508 3255 1557 3316 est,
1575 3249 1622 3304 sed
1635 3251 1725 3318 pactio
1739 3251 1890 3304 intercessit
1905 3253 1937 3304 ob

272 3319 445 3372 oreditoribus
472 3319 600 3374 distracta
626 3325 687 3374 sunt
714 3325 741 3374 ιι
764 3319 920 3388 pecuniam,
953 3333 1021 3386 quae
1046 3331 1078 3370 ex
1111 3319 1270 3382 indicium,
1294 3319 1346 3374 hoc
1372 3325 1481 3384 estut,
1505 3319 1528 3372 si
1545 3319 1689 3372 indicasset
1706 3319 1938 3390 adprehensusque

272 3385 543 3458 aestimatione-partis
552 3387 647 3442 tertiae
656 3385 746 3452 fiebat,
761 3387 854 3442 mulier
863 3385 966 3454 accepit
974 3385 1079 3440 fruendi
1130 3393 1200 3442 esset
1217 3385 1351 3454 fugitivus,
1370 3393 1471 3442 certum
1490 3385 1589 3457 aliquid
1607 3385 1723 3454 daretur,
1741 3385 1885 3452 videamus,
1904 3403 1937 3442 an

271 3469 353 3508 causa
371 3459 396 3508 et
413 3469 461 3524 per
478 3453 653 3524 ignormtiam
671 3457 807 3524 stipulatio
825 3455 1013 3524 praetermissa
1030 3459 1077 3508 ιιι.
1129 3455 1215 3524 possit
1232 3469 1318 3524 agere.
1348 3461 1374 3510 et
1392 3455 1497 3526 quidem
1515 3457 1653 3510 conventio
1670 3457 1723 3510 ista
1738 3471 1791 3508 non
1805 3461 1846 3508 est
1859 3455 1938 3520 nuda,

271 3537 378 3588 quaero,
397 3537 432 3574 un
449 3523 483 3574 ab
501 3523 598 3578 herede
615 3523 730 3578 mulieris
748 3523 870 3592 pecunia,
890 3537 958 3590 quae
974 3521 1079 3576 fruendi
1129 3529 1160 3578 ut
1177 3523 1236 3592 quis
1254 3523 1326 3576 dicat
1343 3539 1377 3578 eir
1392 3529 1472 3592 pacto
1491 3523 1623 3578 ιιιιιιιιι
1637 3541 1690 3578 ιιι
1704 3523 1776 3586 oriri,
1795 3523 1842 3578 sed
1859 3523 1939 3576 babet

272 3603 354 3642 causa
377 3589 441 3642 data
464 3595 518 3654 ιιι,
542 3589 627 3658 repeti
649 3591 746 3658 possit,
771 3595 873 3658 etqua
897 3589 1009 3644 audone.
1037 3603 1077 3640 re·
1128 3591 1156 3644 in
1181 3605 1209 3644 sc
1231 3593 1365 3658 negotium
1388 3591 1508 3660 aliquod:
1532 3607 1593 3658 ergo
1618 3591 1698 3644 civilis
1723 3591 1793 3644 actio
1812 3589 1875 3646 oriri
1911 3607 1938 3644 o·

271 3655 367 3730 spondi
383 3655 410 3708 in
428 3655 529 3710 factam
547 3657 678 3710 actionem
695 3657 753 3710 dari
771 3657 876 3710 debere.
1129 3661 1190 3722 test,
1208 3655 1234 3710 id
1253 3663 1294 3712 ιιι
1311 3659 1482 3726 praescriptis
1499 3659 1595 3712 verbis,
1622 3659 1713 3712 nisisi
1731 3659 1788 3726 quis
1807 3663 1833 3712 et
1847 3657 1874 3712 in
1889 3607 1938 3710 dae

277 3743 278 3746 ¹
307 3721 341 3778 11
362 3721 532 3780 Pannonius
554 3723 621 3778 b'bro
644 3725 780 3794 tripesiuco
805 3739 876 3778 norro
900 3723 937 3778 ud
953 3723 1078 3790 Quintum
1130 3725 1219 3794 specie
1237 3725 1270 3778 dc
1287 3725 1346 3782 dolo
1366 3727 1497 3780 actionem
1516 3733 1666 3794 competere
1683 3725 1769 3792 dicat,
1794 3727 1839 3780 ubi
1864 3727 1938 3778 doliis

271 3789 389 3846 Mucium
424 3789 492 3856 Quia
515 3791 650 3846 actionum
673 3807 727 3846 non
743 3793 839 3860 plenus
857 3807 981 3844 numerus
1000 3797 1077 3854 esset,
1130 3793 1165 3846 all
1184 3793 1224 3846 uis
1244 3799 1378 3862 arguatur.

269 3859 329 3912 ideo
346 3859 501 3928 plerumque
518 3859 635 3914 actiones
652 3859 680 3912 in
696 3859 799 3914 factum
816 3859 1008 3914 desiderantur.
1033 3859 1079 3914 sed
1166 3811 1205 3918 16
1223 3859 1395 3916 Pouroirrus
1407 3861 1475 3916 libro
1492 3861 1745 3928 vicesimosecundo
1761 3859 1938 3916 udSubr'nurn

271 3931 297 3980 ιι
315 3941 360 3980 ιιι
378 3927 510 3992 actiones,
535 3943 603 3994 quae
620 3927 721 3994 legibus
744 3927 866 3996 proditae
890 3931 966 3992 sant,
991 3927 1014 3982 si
1036 3927 1079 3980 lex
1129 3929 1277 3984 Permisisti
1292 3929 1356 3982 mihi
1374 3935 1473 3984 cretam
1493 3931 1605 3984 crimme
1622 3929 1656 3984 de
1678 3945 1740 3998 agro
1764 3937 1810 3984 tuo
1835 3931 1886 3994 ιιι,
1912 3935 1939 3982 ut

269 3995 340 4048 iusta
357 4009 390 4048 ao
407 3995 557 4048 necessaria
574 3997 622 4060 sit,
645 4011 678 4048 su
696 3997 752 4064 plet
773 4001 883 4064 praetor
905 3995 933 4048 in
959 4009 989 4048 ιι
1008 3995 1079 4064 quod
1131 4013 1190 4052 enm
1208 3997 1311 4062 locum,
1334 3997 1405 4050 unde
1422 3997 1590 4062 exemissem,
1616 3997 1758 4066 replerem:
1785 3997 1869 4054 exemi
1892 4013 1939 4052 nec

269 4063 321 4130 legi
344 4063 432 4118 deestr
456 4063 528 4132 qnod
550 4063 616 4116 facit
638 4011 740 4132 indage
756 4063 782 4116 A
801 4063 864 4116 uilia
881 4063 1014 4118 reddendo
1034 4079 1077 4118 ac·
1130 4065 1233 4134 repleo:
1254 4065 1403 4134 quaesitum
1421 4071 1474 4130 est,
1494 4081 1573 4134 quani
1590 4065 1691 4120 habeas
1709 4067 1849 4120 actionem.
1877 4065 1939 4120 ιιιε

270 4129 355 4184 tiones
371 4131 405 4210 ¹in
427 4129 529 4210 iactum
552 4131 765 4210 accomquatas
783 4081 857 4200 ‘legal
879 4131 1015 4200 Aquiliae,
1038 4131 1077 4186 id·
1130 4139 1232 4188 certum
1259 4139 1299 4188 est
1323 4133 1425 4186 civilem
1450 4135 1581 4186 actionem
1607 4135 1701 4186 incerti
1728 4137 1891 4202 competere:
1918 4133 1939 4210 si

270 4213 321 4266 que
339 4199 439 4252 utibtas
457 4213 513 4252 cius
530 4197 594 4264 legis
614 4203 701 4266 exigit.
869 4217 870 4220 ¹
1130 4207 1219 4256 autern
1235 4201 1377 4256 vendidisti
1394 4207 1509 4266 cretam,
1533 4201 1687 4256 extendite
1706 4201 1796 4270 agesi.
1823 4201 1895 4270 quod
1918 4217 1939 4256 ιι

307 4261 344 4322 12
362 4267 517 4320 Pacuuius
536 4267 605 4320 libro
629 4267 767 4320 undecimo
785 4267 961 4336 epistularum
995 4267 1024 4318 Si
1040 4267 1079 4320 uir
1129 4275 1191 4338 post
1214 4269 1406 4336 exemptionem
1430 4273 1518 4324 cretae
1542 4269 1676 4338 replevero
1699 4285 1752 4324 nec
1774 4267 1881 4336 patieris
1899 4283 1938 4322 nie

270 4333 347 4388 niori
371 4349 436 4388 suae
452 4333 551 4388 fundos
568 4333 685 4386 vendidit
703 4339 729 4386 et
745 4333 772 4386 in
790 4333 941 4390 venditione
959 4349 1078 4402 compre·
1131 4343 1231 4390 cretmn
1247 4337 1341 4390 tollere
1357 4339 1425 4392 tu¹⁰.
1444 4351 1521 4404 agam
1538 4335 1573 4390 ιι
1589 4337 1782 4398 exhibendum,
1801 4335 1863 4414 qnia
1880 4351 1938 4390 mea

269 4401 382 4456 hensum
400 4407 440 4456 est
458 4401 612 4456 convenisse
629 4401 699 4456 inter
716 4417 770 4466 eos,
789 4401 812 4456 si
830 4417 861 4456 ea
878 4407 963 4470 nupta
981 4401 1005 4456 ei
1021 4417 1080 4456 esse
1133 4409 1144 4458 1
1180 4405 1255 4458 tacta
1278 4409 1332 4466 est,
1357 4419 1417 4456 cum
1439 4405 1576 4458 voluntate
1593 4411 1641 4458 tua
1658 4409 1780 4474 exempta
1798 4411 1840 4460 sit.
1874 4405 1938 4458 Per-

271 4471 406 4534 desisscti,
424 4475 455 4524 ut
472 4469 639 4534 eos'fundos,
659 4469 681 4524 si
698 4469 708 4522 i
728 4485 755 4524 se
773 4467 864 4534 vellet,
883 4471 975 4524 eodem
1012 4471 1098 4526 retio¹
1130 4471 1225 4528 misisti
1242 4471 1314 4536 inibi,
1333 4477 1363 4524 ut
1381 4487 1495 4526 sererem
1511 4473 1540 4526 in
1557 4471 1640 4528 fundo
1658 4478 1704 4528 tuo
1724 4477 1751 4528 et
1766 4471 1871 4528 fructus
1889 4471 1938 4526 tol·

270 4539 363 4592 muilier
378 4539 567 4592 transcriberet
575 4537 644 4592 viro:
660 4539 688 4592 in
703 4485 804 4592 11ιιιιιιιι
819 4537 938 4592 existimo
953 4537 981 4592 ιι
1010 4539 1079 4592 cium
1129 4541 1224 4594 lerein:
1249 4539 1305 4594 sevi
1327 4555 1377 4594 neo
1400 4541 1500 4610 pateris
1522 4541 1692 4596 massuetus
1715 4541 1815 4594 tollere,
1841 4539 1938 4594 nullam

271 4605 500 4662 essereddendum
514 4607 595 4674 idque
609 4605 1077 4674 etinaliispersonisobservandnm
1129 4609 1193 4660 iuris
1212 4607 1293 4660 civilis
1313 4609 1443 4662 actionem
1466 4623 1525 4662 esse
1541 4609 1632 4664 Aristo
1658 4609 1707 4662 aits
1733 4623 1768 4662 an
1790 4609 1818 4662 in
1840 4607 1938 4662 factum

308 4669 343 4732 13
368 4675 513 4728 Uarianos
528 4675 596 4730 libro
614 4675 750 4744 triquetrae
767 4673 805 4726 aot
821 4671 951 4728 Sabinum
986 4673 1014 4726 st
1031 4673 1078 4726 tibi
1130 4675 1188 4730 dari
1205 4673 1309 4740 debeat,
1328 4675 1467 4730 deliberari
1484 4691 1578 4744 posse:
1596 4675 1643 4732 sed
1661 4675 1711 4730 erit
1729 4675 1761 4730 de
1780 4675 1849 4730 dolo.

269 4757 325 4796 rem
341 4741 505 4796 vendendam
524 4747 595 4794 certo
613 4741 698 4810 pretio
716 4741 853 4804 dedissem,
870 4745 910 4804 iit,
929 4757 980 4810 quo
996 4741 1078 4810 pluris
1166 4739 1204 4798 17
1228 4741 1374 4798 Uarianos
1388 4741 1455 4796 libro
1472 4743 1596 4798 uicesimo
1619 4747 1712 4798 octono
1737 4743 1774 4796 act
1796 4743 1937 4798 edictuni¹¹

270 4809 449 4874 vendidisses,
472 4809 522 4864 tibi
539 4809 664 4874 haberes,
687 4809 777 4876 placet
794 4823 879 4888 neque
897 4807 1016 4862 mandati
1033 4823 1078 4862 ne·
1130 4809 1159 4864 si
1175 4809 1320 4878 gratuitam
1336 4809 1386 4864 tibi
1400 4809 1590 4864 habitationem
1604 4809 1710 4874 dedero,
1730 4825 1764 4864 an
1783 4809 1938 4864 commodati

289 4893 322 4932 ue
344 4893 392 4946 pro
417 4877 489 4930 socio
514 4877 733 4942 assensionem,
760 4875 807 4930 sed
827 4891 856 4930 m
877 4873 980 4930 iactum
1003 4875 1079 4944 quasi
1130 4893 1207 4946 agere
1223 4877 1326 4944 possim
1335 4877 1374 4930 ¹²?
1399 4883 1426 4930 et
1442 4877 1571 4930 Vivianus
1589 4877 1626 4930 ait
1643 4891 1737 4946 posse:
1761 4877 1809 4930 sed
1832 4881 1872 4930 est
1896 4883 1936 4930 tii·

299 4947 322 5000 'o
338 4945 442 5014 negotio
456 4949 540 5012 gesto,
558 4945 621 5012 qnia
638 4951 665 4998 et
681 4945 807 4998 mandata
823 4943 940 5012 gratuita
958 4959 1016 4998 esse
1034 4945 1077 4998 de·
1131 4949 1143 4998 1
1178 4945 1232 4998 tius
1250 4945 1422 5014 praescriptis
1446 4945 1532 4998 verbis
1556 4957 1641 5014 agere.
1676 4945 1704 4998 si
1727 4945 1869 5012 margarita
1892 4943 1938 4996 tibi

270 5013 342 5080 bant,
361 5021 387 5068 et
404 5013 517 5068 societas
534 5029 588 5066 non
606 5011 708 5066 videtur
726 5017 864 5068 conuecta
881 5011 909 5066 in
926 5025 971 5076 eo,
991 5013 1036 5080 qui
1052 5017 1079 5066 te
1130 5011 1271 5066 ιιιιιιιιιι
1293 5011 1404 5076 dedero,
1431 5017 1461 5066 ut
1484 5017 1532 5066 ιιι
1556 5011 1647 5066 eadem
1670 5011 1735 5066 mihi
1757 5011 1876 5066 adferres
1894 5017 1938 5066 aut

271 5097 324 5136 non
351 5081 456 5136 admisit
482 5081 582 5134 socium
609 5079 802 5146 distractionis,
829 5079 876 5134 sed
903 5079 954 5134 sibi
979 5085 1080 5134 certum
1130 5079 1243 5150 pretium
1262 5095 1368 5146 eorum,
1391 5079 1487 5134 deiude
1503 5081 1569 5134 liaeo
1586 5079 1714 5150 perierint
1731 5083 1794 5134 ante
1811 5079 1936 5134 venditio-

272 5153 284 5200 1
321 5151 434 5218 pretium
451 5149 563 5228 excepit.
599 5149 716 5204 Iubanus
739 5149 806 5202 libro
830 5147 969 5202 undecimo
993 5147 1078 5218 diges-
1129 5165 1204 5214 nem,
1228 5147 1303 5202 citius
1317 5147 1474 5216 periculum
1498 5149 1551 5202 sit?
1578 5155 1605 5200 et
1626 5149 1665 5202 ait
1686 5147 1794 5212 Labeo,
1819 5147 1890 5216 qnod
1914 5151 1938 5200 et

271 5219 359 5272 torum
381 5217 486 5280 scabit,
510 5233 534 5272 si
557 5215 607 5270 tibi
624 5231 702 5272 arcae
719 5231 794 5272 meae
811 5215 955 5270 dominium
973 5215 1078 5282 dedero,
1129 5215 1292 5284 Pomponius
1310 5215 1424 5296 scripsit,
1443 5215 1464 5270 si
1482 5215 1587 5284 quidem
1602 5231 1650 5284 ego
1664 5221 1692 5270 te
1706 5215 1827 5270 venditor
1841 5215 1938 5284 rogavi,

271 5287 303 5334 nt
318 5283 405 5338 insula
422 5283 563 5340 aedificata
578 5289 682 5352 partem
698 5283 762 5338 milii
779 5283 884 5348 reddas,
902 5299 987 5352 neque
1005 5299 1078 5352 emp·
1129 5299 1218 5338 meum
1241 5299 1298 5338 esse
1321 5283 1481 5350 pericuum:
1506 5281 1530 5338 si
1551 5287 1581 5338 tu
1604 5299 1659 5350 me,
1686 5287 1775 5338 tuum:
1802 5283 1825 5338 ιι
1847 5289 1939 5338 neuter

270 5347 369 5404 tionem
386 5369 458 5416 esse,
482 5351 546 5422 qnia
562 5353 639 5420 pretii
662 5351 723 5408 loco
745 5357 849 5422 partein
864 5353 903 5406 rei
920 5367 994 5406 meae
1011 5351 1078 5406 reci·
1129 5357 1265 5416 nostrum,
1289 5351 1336 5406 sed
1353 5351 1494 5404 dumtaxat
1510 5351 1705 5416 consensimus,
1730 5351 1815 5406 teneri
1831 5355 1859 5406 te
1874 5351 1936 5406 hac·

271 5417 426 5496 pinnaque
443 5419 606 5484 mandatum,
624 5419 686 5488 quia
702 5437 757 5476 non
772 5425 813 5474 est
824 5419 977 5488 gratuitum,
995 5435 1080 5488 neque
1128 5423 1221 5484 tenus,
1245 5423 1275 5474 ut
1292 5419 1382 5474 dolum
1399 5423 1425 5472 et
1443 5419 1549 5498 culpam
1565 5419 1630 5472 mihi
1646 5425 1775 5488 praestes.
1802 5419 1871 5476 actio
1892 5435 1936 5474 aii·

272 5491 441 5550 societatem,
466 5487 529 5556 quia
554 5503 631 5546 nemo
657 5487 811 5542 societatem
837 5487 1017 5544 connubendo
1040 5487 1080 5542 rei
1128 5491 1183 5542 tem
1209 5501 1242 5542 ex
1267 5485 1320 5542 hac
1346 5503 1428 5542 causa
1454 5491 1545 5556 utique
1571 5487 1620 5542 erit
1645 5487 1817 5558 praescriptis
1843 5489 1935 5544 verbis.

272 5569 336 5608 ιιιι
354 5551 474 5608 dominus
494 5569 553 5608 esse
568 5555 672 5610 desinit
698 5555 746 5610 sed
762 5557 786 5612 ιι
802 5571 915 5626 puerum
932 5555 1079 5612 docendum
1130 5557 1145 5610 2
1179 5553 1344 5624 Papinianus
1359 5553 1426 5608 libro
1445 5559 1539 5612 octauo
1564 5557 1750 5624 quaestionum
1772 5557 1893 5626 scripsit:
1917 5557 1937 5614 si

272 5729 301 5790 (t)
320 5723 462 5776 ussaiw
578 5729 613 5790 (a)
629 5727 746 5780 furtiscr.
863 5731 895 5792 13)
914 5729 1083 5794 pecuniamF
1130 5729 1176 5780 del.
1238 5731 1272 5794 (ι)
1290 5727 1431 5792 sedJetscr.
1493 5729 1525 5794 (a)
1544 5731 1647 5794 agestF
1709 5733 1754 5794 (tu)
1772 5731 1937 5792 tollereturF,

272 5795 304 5858 (4)
323 5795 420 5858 legisF
467 5797 500 5856 (ι)
518 5791 663 5844 dedisset]d
710 5799 743 5862 (ι)
762 5797 944 5848 trantuleritF
998 5797 1030 5860 (a)
1048 5797 1078 5848 de
1130 5795 1314 5848 tolleretumS
1382 5801 1422 5862 (lt)
1443 5799 1589 5860 ιι--Ιιιι
1600 5801 1623 5866 3,
1634 5809 1692 5862 ιιι
1767 5803 1811 5870 (la)
1829 5803 1939 5870 possitF
