4366 6258
247 373 290 420 DE
310 369 439 418 LIBERIS
461 373 503 418 ET
522 369 685 422 Postume

246 535 318 658 etpsiffi
335 535 576 658 qffiffffimdum
599 539 648 616 est·
662 533 798 658 dobigme,
807 535 975 658 edntadlddauds
996 535 1056 658 Ἣ

245 671 324 726 menti
341 619 483 742 peripspnup·
497 619 520 658 ει
537 641 544 666 ,
567 619 693 672 quomam
716 621 726 658 1
744 619 784 658 em
974 609 1016 660 tes

279 733 318 796 28
335 737 524 808 Moonsrrros
537 735 606 790 libro
617 753 689 790 nouo
700 739 857 810 reputarunt
887 739 983 794 Servus
994 739 1056 794 lieet

246 805 345 884 ahenps
370 807 445 860 iussu
470 805 606 860 testatoris
638 811 825 862 testamentum
853 805 971 862 scribere
1001 821 1056 860 non

246 873 454 996 prdldlbdddddos
467 939 536 994 labro
553 945 652 1010 quarto
669 941 771 994 decimo
788 955 978 1010 responsorum
1011 941 1056 994 Ex

247 1023 277 1062 ea
299 1007 438 1076 scripturn,
461 1021 530 1076 quae
554 1007 590 1060 ad
605 1013 793 1062 testamentum
809 1005 960 1060 faciendum
976 1023 1056 1076 para-

246 1077 330 1140 batur,
349 1075 372 1130 si
388 1075 460 1128 uullc
477 1075 534 1128 iure
551 1079 740 1130 testamentum
755 1075 904 1142 perfectum
917 1079 1056 1138 essetnec

247 1159 278 1198 ⁶⁸
294 1141 747 1264 ttittttttmttitrlllt
753 1141 1057 1264 distitisse:

248 1215 324 1332 didit:
353 1273 453 1342 codano
475 1227 690 1342 rdoqdmdduqldr
711 1223 844 1344 dodddpuo
870 1273 939 1328 adona
962 1281 1057 1348 κυρίαν

247 1349 289 1400 ἐπὶ
311 1339 396 1408 πάσης
420 1343 566 1412 licuerant
583 1345 665 1398 videri
689 1359 749 1400 eum
769 1345 885 1398 εειειεεε
905 1343 1056 1398 omnimodo

246 1411 331 1468 volem
345 1427 377 1466 ea
394 1425 463 1480 quae
478 1411 593 1482 reliquit,
611 1411 715 1468 etiamsi
730 1411 872 1466 intestatus
890 1411 1055 1466 decessisset.

280 1477 318 1538 30
335 1477 415 1534 Iram
429 1479 497 1534 libro
515 1481 593 1534 tertio
610 1481 803 1534 sententiarum
833 1479 954 1546 Singulos
965 1485 1055 1544 testes,

247 1547 339 1618 quiin
362 1551 519 1602 testamento
543 1547 720 1612 adhibentur,
743 1547 850 1616 proprio
881 1547 1056 1614 chirographo

248 1615 372 1692 adnotpre
398 1615 536 1680 contenit,
563 1615 621 1684 qutis
645 1621 672 1668 et
695 1615 770 1668 cuius
793 1619 981 1668 testamentum
1004 1615 1057 1684 sig-

248 1685 417 1806 lladdntdonrr
435 1749 503 1804 libro
526 1749 620 1820 quinto
643 1751 853 1804 εεειεειιενεεε3
892 1749 959 1804 Ειεε
975 1747 1056 1814 bona,

248 1817 291 1888 qui
308 1831 336 1870 se
352 1817 537 1886 imperatorem
554 1817 690 1872 facmrum
707 1818 847 1872 heredem⁴
865 1831 924 1872 esse
940 1817 1056 1870 iactare·

248 1891 296 1950 rat,
313 1899 330 1938 a
345 1883 412 1938 heco
430 1885 556 1954 occupari
572 1901 627 1940 non
644 1891 765 1954 possunt.

1036 347 1101 422 373

1697 349 1910 422 ΧΧιΠΙεε

1106 539 1133 590 ει
1148 535 1259 590 mantuus
1276 539 1416 606 repudiare
1432 551 1541 592 uxorem
1557 535 1690 604 potestat
1707 533 1752 600 qui
1769 551 1823 590 non
1841 537 1915 594 duxit

1106 617 1223 668 uxorem,
1241 607 1334 670 postea
1351 605 1459 658 maritus
1483 603 1561 658 effici.
1585 617 1647 656 nam
1670 603 1698 654 et
1720 615 1782 654 cum
1804 603 1915 662 maritus

1105 675 1257 740 postumum
1282 669 1404 724 heredem
1430 671 1560 736 scribit¹¹,
1586 685 1641 724 non
1665 667 1758 738 utique
1787 667 1812 722 is
1841 669 1915 724 solus

1105 743 1245 806 postumus
1267 737 1382 804 scriptus
1406 739 1524 802 videtur,
1547 739 1593 808 qui
1618 753 1651 792 ex
1677 751 1709 808 ea
1733 751 1812 804 quam
1835 735 1916 788 habet

1106 805 1245 858 uxorem¹²
1262 805 1287 858 ei
1304 809 1383 856 natus
1406 811 1459 868 εει,
1481 805 1523 860 vel
1544 805 1566 860 is
1585 805 1630 874 qui
1645 811 1710 860 tunc
1727 805 1756 858 in
1772 807 1848 856 utere
1868 807 1915 866 est,

1106 887 1197 926 verum
1213 871 1237 926 is
1253 885 1368 940 quoque,
1403 871 1431 922 ui
1448 883 1481 922 ex
1497 887 1662 942 quacumque
1679 889 1764 928 uxore
1780 875 1915 932 nascatur,

1141 937 1159 996 5
1177 939 1346 994 lavaremus
1365 889 1433 1018 {idco
1445 939 1537 1016 primo
1555 955 1598 1018 ‚en
1616 939 1707 996 Cossio
1739 939 1854 1006 ideoque
1871 935 1915 1006 qui

1106 1013 1258 1076 postumum
1273 1005 1399 1084 heredem
1409 1009 1524 1084 mstrturt
1535 1021 1563 1084 'm
1580 1013 1642 1086 post
1652 1011 1842 1064 testamentum
1858 1003 1915 1084 fao3

1106 1083 1164 1128 tum
1180 1075 1291 1128 mutavit
1307 1079 1509 1136 matrrmcmum,
1532 1087 1556 1126 ιε
1579 1075 1716 1132 meriturus
1740 1075 1854 1138 uidetur,
1872 1087 1917 1140 qm

1107 1157 1140 1196 ex
1176 1141 1303 1196 osteriore
1320 1139 1486 1194 matrimonio
1503 1145 1583 1194 natm
1600 1147 1649 1197 εει

1189 1207 1333 1264 Uarianos
1358 1207 1425 1264 labro
1452 1207 1529 1260 tertio
1554 1207 1593 1260 ad
1616 1207 1746 1264 Sabinum
1797 1207 1851 1264 sed
1877 1211 1917 1262 εει

1107 1277 1263 1346 quaesitum,
1282 1291 1317 1330 an
1333 1275 1365 1340 is,
1383 1275 1428 1344 qui
1444 1287 1569 1342 generare
1586 1273 1665 1330 facile
1681 1277 1837 1348 nonpossit,
1853 1289 1916 1344 pos·

1106 1349 1209 1398 tuntum
1233 1343 1357 1398 heredem
1379 1343 1469 1396 facere
1490 1341 1588 1412 possit,
1612 1347 1639 1396 ει
1655 1345 1749 1400 scribit
1766 1345 1873 1400 Cassius
1891 1347 1918 1396 ει

1106 1411 1245 1466 Iavolenus
1265 1425 1356 1480 posse:
1375 1425 1437 1464 uam
1454 1415 1482 1464 et
1493 1423 1603 1464 uxorem
1617 1409 1715 1466 ducere
1724 1417 1751 1466 et
1759 1413 1888 1480 adoptare
1896 1411 1917 1444 ¹³

1106 1483 1207 1548 potest:
1232 1477 1376 1548 spadonem
1394 1493 1497 1548 quoque
1519 1483 1772 1598 possepostumum
1793 1479 1918 1534 heredem

1107 1546 1224 1600 scribere
1241 1551 1267 1600 et
1283 1545 1374 1600 Labeo
1394 1551 1420 1600 et
1437 1545 1544 1600 Cassius
1562 1559 1615 1598 scm
1634 1549 1696 1598 unt:
1721 1547 1847 1612 queniam
1868 1561 1918 1600 nec

1111 1619 1120 1666 l
1157 1619 1232 1668 aetas
1249 1627 1299 1666 nec
1316 1613 1442 1668 sterilitas
1466 1613 1490 1666 ei
1513 1613 1553 1666 rei
1574 1611 1762 1680 impedimento
1781 1619 1830 1668 est.
1865 1613 1918 1668 Sed

1107 1681 1131 1734 si
1148 1687 1281 1736 castratus
1298 1680 1347 1748 sit,
1372 1679 1490 1736 Iulianus
1507 1679 1614 1734 Proculi
1637 1679 1788 1748 opinionem
1811 1687 1917 1736 secutus

1106 1763 1161 1804 non
1178 1753 1256 1818 putat
1277 1753 1429 1818 postumum
1449 1747 1572 1804 heredem
1594 1761 1674 1816 posse
1694 1747 1847 1814 instituere,
1865 1765 1927 1818 quo,

1107 1819 1122 1870 2
1156 1815 1214 1872 iure
1230 1817 1336 1872 utimur.
1370 1815 1606 1886 Hermaphroditus
1623 1815 1710 1884 plane,
1728 1815 1752 1868 si
1763 1815 1790 1870 in
1808 1831 1839 1870 eo
1857 1817 1917 1872 viri·

1106 1885 1143 1938 lia
1172 1883 1352 1950 raevalebuut,
1363 1891 1515 1954 postumum
1525 1885 1649 1938 heredem
1662 1881 1802 1938 instituere
1812 1885 1918 1964 poterit

1179 1951 1297 2006 Pronus
1320 1953 1387 2008 libro
1409 1955 1500 2022 primo
1527 1953 1564 2006 ed
1588 1951 1749 2008 Sabinum¹⁴
1795 1949 1824 2004 Sr
1847 1953 1919 2008 filius

1012 2041 1013 2044 ¹
1108 2019 1152 2086 qui
1168 2019 1197 2072 in
1213 2023 1345 2088 potestate
1364 2025 1404 2074 est
1420 2019 1578 2090 praeteritus
1602 2019 1638 2074 sit
1660 2025 1686 2074 et
1703 2017 1761 2074 rito
1778 2023 1856 2086 patre
1873 2021 1918 2074 de·

625 2089 682 2152 11⁵.

249 2191 291 2244 DE
314 2191 450 2242 LIBERIS
474 2191 519 2240 ET
542 2191 709 2242 POSTUMIS
732 2189 929 2250 HEREDIBUS
954 2189 1057 2240 INSTI-

375 2257 524 2308 TUENDIS
542 2257 611 2308 VEL
628 2257 927 2312 Exflmununmmst

282 2357 297 2416 1
322 2357 467 2414 Uarianos
489 2357 557 2412 labro
578 2359 670 2430 primo
697 2357 735 2410 ud
759 2355 888 2412 Sabinum
932 2357 1002 2426 Quid
1023 2357 1058 2414 sit

249 2425 399 2482 nominatim
411 2425 574 2490 exheredari,
586 2425 728 2480 videamus.
752 2439 849 2480 nomen
860 2433 888 2480 et
897 2439 1059 2494 praenomen

248 2499 275 2550 et
291 2509 436 2562 cognomen
453 2493 509 2548 eius
527 2491 669 2548 dicendum
686 2497 728 2548 est
744 2509 780 2548 an
797 2491 896 2548 suflicit
912 2491 954 2548 vel
975 2509 1059 2548 unum

249 2579 279 2618 ex
296 2563 356 2616 hisi
378 2569 405 2616 et
422 2563 528 2616 constat
545 2559 678 2616 sufficere.

264 2625 397 2686 'hinnu
416 2629 485 2684 libro
507 2635 586 2684 sexto
609 2629 766 2700 copularum
800 2627 962 2684 Nominatim
979 2629 1058 2682 exhe-

248 2695 353 2752 redatus
370 2695 441 2750 filius
458 2701 485 2750 et
500 2695 539 2750 ita
554 2695 658 2750 videtur
675 2695 754 2750 ‘filius
766 2711 840 2750 meus
858 2697 967 2752 exheres
986 2695 1058 2760 estc',

249 2765 334 2820 since
351 2779 448 2818 nomen
467 2763 523 2818 eius
541 2779 695 2830 expressum
713 2763 755 2828 sit,
773 2763 885 2820 mmodo
897 2763 993 2818 unicus
1010 2765 1057 2818 sit:

249 2847 308 2888 uam
325 2831 348 2888 si
364 2833 453 2902 plures
472 2837 534 2886 sunt
545 2831 601 2896 filii,
613 2831 728 2900 benigna
737 2831 959 2900 interpretatione
970 2831 1059 2902 potius

250 2917 266 2956 a
299 2899 414 2970 larisque
429 2899 607 2970 respondetur
623 2899 725 2954 ntdlum
742 2899 931 2956 exheredatum
948 2915 1015 2956 esse.

281 2917 299 3028 d
317 2967 397 3022 loru
411 2967 479 3022 libro
491 2969 585 3038 prime
602 2967 639 3022 nd
655 2967 786 3022 Sabinum
825 2967 862 3022 Et
884 2967 907 3022 si
932 2983 1058 3048 peperce-

250 3037 300 3090 rit⁷
317 3035 401 3090 filium
424 3035 526 3100 dicere,
551 3051 584 3090 ex
601 3035 662 3090 Seia
678 3039 768 3090 autem
785 3041 878 3090 natum
895 3035 969 3100 dixit,
986 3041 1059 3092 recte

251 3103 402 3158 exheredat:
428 3109 454 3156 et
472 3103 494 3158 si
512 3121 572 3158 cum
590 3103 708 3158 condeio
727 3103 824 3158 dixerit
842 3107 904 3158 ‘non
921 3103 1059 3156 nomman-

251 3171 314 3226 ‘dus’
330 3171 371 3226 sel
389 3175 452 3226 ‘non
470 3171 539 3226 filius
562 3171 655 3234 meus,
679 3169 778 3236 ‘latro’,
803 3169 959 3240 ‘gladiator'‚
977 3169 1059 3238 magis

250 3245 297 3304 eat,
314 3243 344 3292 ut
361 3243 434 3292 recte
452 3239 626 3294 exheredatus
644 3237 687 3304 sit,
705 3243 733 3292 et
749 3239 773 3292 si
784 3253 817 3292 ex
829 3239 949 3292 adultero
967 3243 1060 3292 uatum

253 3311 262 3358 t
298 3307 399 3362 dixerit.
440 3307 511 3362 Pure
534 3311 623 3362 antem
652 3305 736 3360 filium
764 3305 918 3360 exheredari
941 3303 1059 3360 lulianus

251 3377 265 3428 ι
297 3379 381 3444 putat,
401 3391 453 3444 qua
471 3373 727 3430 sententiantium.
761 3373 845 3430 Filius
867 3375 937 3428 inter
959 3373 1059 3428 medias

251 3457 352 3510 quoque
373 3443 501 3496 heredum
526 3443 707 3496 institutiones
732 3447 806 3496 recte
831 3439 1008 3496 exheredatus
1034 3445 1060 3496 et

251 3511 298 3562 erit
314 3525 330 3562 a
347 3509 506 3580 totogradu
523 3513 679 3574 summotus,
697 3509 748 3562 nisi
765 3509 835 3564 forte
852 3509 887 3562 ab
904 3509 983 3564 unius
1019 3523 1059 3562 er·

251 3591 314 3632 sona
336 3593 396 3632 eum
418 3581 531 3632 testator
554 3577 764 3632 exheredareritc
794 3591 856 3630 nam
878 3577 902 3632 si
917 3577 970 3632 hoc
999 3577 1059 3640 ecit,

251 3643 342 3700 vidcsa
365 3645 416 3700 erit
438 3645 616 3700 exheredatio.
650 3643 871 3712 quemadmodum
896 3643 920 3698 si
944 3643 983 3698 ita
1001 3659 1061 3698 eum

252 3711 446 3766 exheredaserit
463 3711 589 3782 ‘quisquis
606 3713 702 3766 heres⁸
719 3711 783 3766 mibi
806 3711 869 3778 erit,
892 3709 963 3766 filius
980 3711 1059 3766 exhe-

251 3781 300 3834 ‘res
317 3781 396 3834 esto':
420 3795 495 3846 nam,
519 3785 550 3834 ut
571 3781 690 3836 lulianus
716 3781 823 3846 scribit,
845 3779 997 3834 huiusmodi
1014 3793 1059 3834 ex·

251 3847 382 3904 heredatic
406 3847 502 3904 vitiosa
524 3853 573 3914 εει,
592 3847 717 3918 quoniam
734 3854 795 3918 post
812 3847 912 3902 aditum
928 3847 1059 3902 heredita·

251 3919 302 3970 tem
326 3917 411 3970 voluit
435 3931 495 3970 enm
521 3922 697 3980 summotum,
731 3917 802 3984 quod
832 3919 873 3970 est
896 3915 1059 3986 inpossibile.

252 3985 265 4034 3
298 3985 368 4038 Ante
392 3983 497 4036 heredis
520 3983 713 4038 institutionem
730 3985 905 4038 exheredatus
923 3985 958 4038 ab
976 3981 1060 4036 emni-

252 4053 267 4102 t
298 4051 348 4106 hus
371 4051 496 4120 gradibus
520 4057 667 4108 summotus
691 4055 739 4106 εει.
773 4051 846 4106 Ιειεε
869 4051 936 4106 duos
954 4051 1061 4106 antem⁹

251 4119 345 4186 gradum
363 4119 538 4174 exheredatus
556 4119 590 4174 ab
607 4125 722 4187 umcque
734 4125 851 4174 remotus
863 4123 905 4174 est
915 4117 1060 4174 secundum

252 4189 265 4238 5
299 4187 441 4242 Scaevolae
464 4187 636 4248 sententiam.
677 4201 739 4242 uam
756 4191 822 4256 puto
838 4201 935 4242 seram.
954 4187 1002 4252 ,In
1019 4201 1059 4252 eo,

251 4255 295 4322 qui
311 4255 417 4310 miscuit
433 4255 500 4310 duos
516 4255 623 4324 gradm,
695 4255 873 4312 eredationem
883 4255 971 4310 calme
981 4255 1059 4308 Mau-

251 4321 363 4386 ricianus
386 4327 459 4376 recte
481 4327 573 4390 putat,
596 4321 690 4378 veluti:
716 4321 828 4378 ‘Primus
851 4323 929 4378 heres
952 4327 1009 4378 esto
1028 4339 1061 4378 ex

252 4391 373 4445 ‘semisse
409 4389 432 4444 si
448 4391 552 4444 Primm
569 4389 645 4444 heres
663 4405 718 4444 non
736 4391 794 4456 erit,
812 4391 950 4446 Secundus
968 4405 1002 4444 ex
1018 4405 1059 4444 se-

252 4459 336 4514 ιειιιεε
351 4457 429 4512 heres
446 4463 510 4522 esto.
547 4457 652 4512 Tertius
671 4473 704 4512 ex
716 4459 767 4512 alic
780 4459 889 4514 semisse
898 4459 977 4514 heres
993 4463 1059 4512 estu.

252 4525 328 4582 ‘iilius
347 4525 456 4582 exheres
473 4531 538 4582 esto.
556 4525 581 4580 ει
597 4525 703 4582 Tertius
721 4527 798 4582 heres
821 4543 876 4582 non
899 4525 957 4592 erit,
975 4525 1059 4594 Quar-

252 4597 302 4648 ‘tus
318 4595 395 4650 heres
413 4593 491 4648 csto’e
518 4609 579 4648 nam
602 4595 636 4648 ab
659 4599 774 4664 utroque
801 4594 886 4664 gradu
913 4597 1061 4650 summotus

252 4665 267 4714 6
301 4667 347 4716 εει
382 4663 411 4718 Si
428 4663 467 4716 ita
482 4665 596 4716 testatus
614 4663 650 4716 sit
665 4667 744 4730 pater
759 4663 882 4728 familias,
899 4669 959 4716 uta
994 4661 1060 4716 rimo

251 4729 354 4798 quidem
371 4729 455 4800 gradu
471 4729 554 4798 filium
598 4729 748 4796 raeteriret,
767 4745 783 4784 a
805 4729 921 4786 secundo
940 4679 996 4784 sold
1015 4743 1060 4784 ax-

251 4795 403 4878 heredaret,¹
413 4797 526 4874 Sabinus
545 4745 691 4852 etdlasstus
710 4801 736 4850 et
752 4797 871 4852 Iulianus
888 4801 984 4868 putant
1000 4813 1060 4866 per·

251 4865 810 5002 ttt⁰.ttt?.ttltltit¹httttt
828 4865 1061 5000 sistitis:

251 5001 332 5054 ιεειιε
350 5001 522 5070 comprobata
539 5005 588 5056 εει.

284 5065 400 5126 llum
423 5067 491 5124 libro
518 5071 597 5122 terlio
622 5067 660 5122 ad
684 5065 813 5122 Sabinum
846 5067 940 5122 Placet
957 5081 1062 5122 omnem

250 5137 395 5190 masculum
412 5151 493 5206 posse
500 5137 521 5170 ¹⁰
537 5141 690 5206 postumum
712 5135 836 5188 heredem
858 5135 983 5200 scribere,
1007 5135 1062 5190 sive

250 5203 302 5258 iam
318 5205 429 5260 maritus
451 5203 486 5258 sit
507 5203 561 5260 sire
584 5203 702 5260 noudum
723 5217 834 5258 uxorem
857 5203 975 5258 deserite
999 5219 1062 5260 nam

251 5377 280 5440 (1)
298 5377 509 5440 scripturaeHal.
579 5377 611 5440 (a)
629 5375 712 5430 idest:
730 5377 795 5428 hauc
809 5373 964 5428 voluntatem
978 5375 1060 5426 valere

250 5443 552 5510 volcquccuruquemodo
655 5445 687 5508 (3)
704 5469 738 5488 ==
756 5447 846 5508 5,tl‚t
941 5447 972 5508 (t)
990 5445 1061 5494 here-

251 5511 305 5562 dem
314 5511 491 5576 imperatorem
499 5515 625 5564 iacturum
635 5511 712 5562 Pauli
719 5513 783 5564 iibri.

284 5581 316 5644 (a)
335 5581 393 5634 Sat.
404 5593 461 5632 1...1.
474 5589 656 5640 a...1a.eo...aa;
680 5577 728 5630 llo.
740 5591 759 5632 a.
770 5589 865 5640 ruam
889 5579 954 5646 Pap.
970 5589 1060 5632 aa...aa.

251 5651 447 5710 -Bmama
465 5675 498 5686 -
518 5647 762 5710 OfiIusl.2,13;—-
781 5645 958 5710 comestam
1027 5647 1060 5708 (c)

248 5727 305 5776 post
312 5715 491 5766 exheredaudis
501 5717 558 5768 odd.
569 5713 607 5766 rel
617 5713 760 5782 praeteritis
769 5717 820 5766 iud.
830 5713 857 5764 F
955 5717 987 5772 {il
1004 5727 1062 5778 per-

251 5785 346 5846 ceperit
357 5783 391 5834 l⁷2
460 5785 492 5848 (8)
511 5785 670 5836 heresemd'
740 5783 772 5848 (9)
791 5779 1062 5854 εειειιει11ε1111οειιη

1101 2085 1194 2152 cedat,
1210 2091 1398 2142 testamentum
1414 2103 1469 2142 non
1485 2089 1555 2142 valet
1566 2103 1616 2144 nec
1630 2085 1755 2158 'superius
1772 2091 1918 2156 rumpetur,

1108 2159 1135 2208 ει
1152 2169 1183 2208 εε
1201 2155 1258 2208 iure
1274 2155 1380 2208 utimur.

1151 2221 1170 2278 8
1188 2217 1434 2276 Pomromroslibro
1449 2221 1539 2290 primo
1556 2219 1594 2274 ud
1605 2217 1734 2272 Sabinum
1764 2217 1817 2274 Si¹⁵
1831 2217 1919 2274 Primo

1107 2289 1205 2344 herede
1235 2289 1356 2344 instituto
1386 2287 1469 2344 fihum
1500 2292 1710 2356 exheredavero,
1748 2303 1765 2344 a
1796 2287 1918 2344 Secundo

1108 2365 1197 2412 autem
1214 2357 1356 2412 substituto
1380 2373 1435 2412 non
1457 2359 1651 2412 exheredavero
1675 2363 1715 2422 et,
1733 2357 1797 2412 dum
1813 2355 1920 2424 pendet,

1109 2441 1144 2480 an
1160 2425 1233 2494 prior
1250 2425 1370 2480 aditurus
1388 2425 1422 2480 sit
1430 2425 1460 2490 ¹⁶,
1477 2425 1547 2480 lilius
1565 2425 1720 2490 decesserit,
1747 2425 1920 2480 sssecundum

1109 2493 1266 2548 senteutiam
1298 2509 1350 2562 qua
1374 2493 1473 2548 utimur
1503 2509 1557 2548 nou
1589 2493 1639 2548 erit
1664 2493 1803 2548 Secundus
1835 2491 1920 2560 heres,

1109 2561 1186 2632 quasi
1202 2563 1237 2618 ab
1254 2561 1329 2618 initio
1346 2563 1473 2616 inutiliter
1489 2563 1635 2624 institutus,
1662 2577 1723 2616 cum
1748 2563 1782 2616 ab
1799 2575 1832 2616 eo
1850 2559 1920 2616 filius

1109 2629 1284 2684 exheredatus
1302 2647 1356 2686 non
1373 2629 1414 2684 sit.
1439 2631 1509 2698 quod
1520 2631 1540 2662 ¹⁸
1556 2629 1580 2684 si
1596 2629 1624 2684 in
1640 2635 1764 2698 postumo
1779 2629 1833 2684 fiho
1851 2629 1920 2684 idem

1109 2695 1244 2764 acciderit,
1267 2701 1298 2752 ut
1320 2703 1400 2752 uatus
1423 2699 1480 2752 vivo
1504 2701 1581 2766 patre
1592 2699 1612 2730 ¹⁹
1634 2713 1652 2750 a
1674 2713 1726 2766 quo
1745 2697 1920 2752 exheredatus

1109 2765 1145 2818 sit
1169 2765 1314 2830 moriatur,
1339 2765 1430 2818 eadem
1463 2765 1575 2820 dicenda
1606 2771 1683 2818 erunt
1709 2767 1742 2820 de
1767 2765 1920 2830 substitute,

1109 2833 1234 2902 quoniam
1251 2849 1312 2888 cum
1329 2839 1371 2890 εει
1386 2839 1466 2890 εειεε
1482 2833 1566 2898 filius,
1589 2831 1649 2888 loco
1667 2833 1722 2888 eius
1741 2839 1796 2900 est,
1814 2833 1860 2902 qui
1877 2849 1920 2888 su-

1109 2905 1211 2970 perstes
1229 2905 1278 2956 est.

1145 2965 1163 3026 9
1181 2967 1300 3022 Paucos
1315 2969 1382 3022 libro
1394 2969 1487 3038 primo
1505 2967 1542 3022 od
1558 2967 1688 3024 Sabinum
1718 2967 1817 3036 Siquis
1828 2973 1920 3038 postu·

1110 3051 1176 3100 mos,
1194 3051 1260 3104 quos
1277 3053 1326 3106 per
1343 3041 1457 3090 aetatem
1474 3041 1521 3090 aut
1537 3035 1712 3090 valetudinem
1729 3037 1830 3090 habere
1852 3037 1922 3104 forte

1109 3119 1164 3158 non
1181 3109 1283 3184 potest,
1305 3103 1417 3158 heredes
1439 3103 1566 3168 instituit,
1591 3103 1713 3172 superius
1735 3109 1922 3158 testamentum

1110 3175 1249 3240 rump1tur,
1267 3171 1338 3240 quod
1354 3175 1452 3224 natura
1468 3171 1550 3238 magis
1567 3171 1595 3224 in
1612 3171 1719 3226 homine
1735 3171 1880 3238 generandi
1896 3175 1923 3226 et

1111 3239 1277 3294 consuetudo
1303 3237 1450 3308 spectanda
1481 3243 1522 3292 est
1551 3253 1631 3308 quam
1656 3237 1803 3308 temporale
1831 3239 1923 3292 ειιιεει

1111 3311 1158 3362 εει
1174 3307 1307 3372 valetudo,
1343 3311 1434 3376 ropter
1468 3321 1530 3358 uam
1547 3307 1697 3360 abducatur
1713 3307 1793 3360 homo
1810 3323 1827 3360 a
1844 3321 1921 3376 geue·

1116 3383 1123 3428 1
1160 3373 1239 3430 randi
1259 3323 1396 3454 insudate.
1443 3323 1496 3428 ded
1518 3373 1542 3428 si
1556 3389 1759 3454 ¹erc1ea,·qu·ae
1776 3373 1821 3428 alii
1838 3379 1923 3444 nupta

1111 3443 1154 3508 sit,
1170 3449 1323 3512 postumum
1340 3457 1399 3510 qu1s
1416 3441 1541 3496 heredem
1554 3447 1728 3508 msutuerrt,1
1748 3457 1776 3496 so
1793 3457 1852 3496 rure
1869 3459 1923 3498 non

1112 3517 1127 3564 ι
1162 3511 1239 3574 valet,
1258 3509 1329 3578 qnod
1344 3509 1430 3578 turpis
1448 3511 1482 3564 sit
1497 3509 1638 3564 institutio.
1673 3509 1702 3564 Si
1749 3511 1923 3566 'umexhere

1111 3579 1207 3632 detero
1226 3581 1401 3646 nepotemque
1418 3593 1451 3632 ex
1468 3593 1499 3632 eo
1516 3577 1676 3658 praeteriero
1699 3581 1727 3630 et
1749 3577 1831 3632 ειεεε
1847 3579 1922 3634 here·

1112 3645 1170 3700 dem
1195 3645 1334 3700 instituere
1367 3649 1393 3700 et
1424 3645 1596 3714 supervixerit
1628 3645 1699 3700 filius
1724 3649 1787 3712 post
1811 3651 1924 3700 mortem

1111 3727 1206 3778 meam,
1222 3713 1286 3766 licet
1302 3717 1365 3766 ante
1382 3713 1481 3768 aditam
1496 3713 1670 3768 hereditatem
1693 3711 1851 3778 decesserit,
1869 3729 1924 3768 uon

1110 3787 1200 3834 tamen
1224 3787 1348 3850 nepotem
1372 3787 1512 3850 rupturum
1540 3787 1726 3836 testamentum
1752 3781 1871 3838 Iulianus
1897 3787 1924 3838 et

1110 3847 1274 3918 Pomponius
1292 3853 1318 3904 et
1334 3849 1478 3904 Marcellus
1496 3849 1578 3904 aiunt.
1597 3849 1779 3930 diversumque
1795 3857 1844 3916 est,
1856 3849 1880 3904 si
1895 3851 1924 3906 in

1110 3917 1227 3970 hostium
1244 3921 1377 3986 potestate
1401 3917 1472 3972 tilius
1497 3919 1532 3972 sit
1557 3923 1584 3972 et
1610 3919 1753 3974 decesserit
1777 3919 1806 3972 in
1833 3919 1923 3974 eodem

1112 3989 1198 4040 statu:
1222 3985 1320 4054 rumpit
1337 3985 1407 4038 enim
1423 3985 1465 4040 bis
1491 3985 1596 4040 casibus
1619 4001 1701 4054 nepos
1727 3991 1924 4052 testamentum,

1112 4051 1184 4122 quod
1199 4051 1327 4108 moriente
1344 4069 1393 4108 aro
1410 4051 1449 4108 fili
1465 4055 1506 4108 ius
1523 4053 1691 4122 pependerit,
1718 4069 1773 4108 non
1790 4055 1924 4110 abscisum

1111 4125 1143 4174 ει
1160 4119 1297 4190 superiore
1314 4135 1380 4174 casu
1396 4121 1483 4176 fuerit.
1508 4121 1554 4178 sed
1572 4123 1629 4176 ει20
1646 4123 1670 4178 si
1685 4123 1764 4178 heres
1786 4123 1923 4176 institutus

1112 4187 1230 4244 omiserit
1245 4189 1432 4256 hereditatem,
1458 4187 1508 4246 erit
1531 4188 1660 4260 legitimus
1683 4189 1775 4256 heres,
1799 4189 1925 4260 quoniam
1976 4205 1977 4208 ¹

1110 4257 1178 4312 haec
1195 4257 1277 4310 verta
1293 4257 1325 4312 ‘si
1340 4257 1467 4312 intestato
1484 4259 1603 4312 moribm'
1627 4257 1661 4312 ad
1683 4259 1711 4312 id
1733 4263 1839 4324 tempus
1856 4255 1924 4312 refe·

1111 4331 1215 4388 runtur,
1233 4339 1285 4392 quo
1304 4329 1491 4380 testamentum
1508 4325 1674 4390 destituitur,
1697 4340 1753 4380 non
1775 4339 1828 4394 quc
1845 4323 1925 4378 mori-

1112 4397 1127 4446 3
1161 4397 1215 4446 tur.
1252 4389 1305 4446 Sed
1321 4391 1344 4446 si
1361 4407 1394 4448 ex
1411 4409 1451 4460 ea,
1469 4409 1548 4462 quam
1565 4393 1641 4448 naim
1660 4393 1815 4456 ebducere,
1832 4397 1925 4458 postu-

1110 4477 1182 4516 mum
1198 4459 1325 4514 heredem
1340 4459 1488 4528 instituere,
1505 4477 1560 4516 nou
1577 4465 1655 4530 putat
1676 4459 1765 4528 rumpi
1781 4461 1925 4512 testamen·

1110 4531 1127 4582 4
1160 4533 1218 4584 tum
1234 4529 1405 4596 Pomponius.
1441 4529 1494 4582 Sed
1516 4529 1603 4598 siper
1620 4527 1790 4596 adoptionem
1808 4539 1925 4580 sororem

1109 4593 1210 4650 factem
1225 4597 1350 4660 habeam,
1385 4601 1458 4650 otero
1477 4601 1627 4666 postumum
1645 4609 1678 4648 ex
1695 4609 1727 4648 ea
1744 4593 1868 4646 heredem
1884 4593 1924 4648 in-

1111 4663 1235 4730 stituere,
1253 4661 1317 4732 quie
1340 4611 1483 4732 addptione
1505 4663 1593 4718 soluta
1615 4677 1724 4732 pessum
1747 4675 1806 4714 cam
1830 4659 1926 4716 ducere

1110 4747 1229 4786 uxorem.

1148 4795 1185 4856 10
1204 4797 1375 4852 Pouromos
1390 4797 1456 4852 libro
1469 4799 1560 4870 primo
1579 4797 1616 4852 ud
1632 4795 1762 4852 Sabinum
1803 4795 1925 4852 Gemme-

1111 4865 1218 4920 dissime
1233 4865 1257 4920 is
1274 4867 1320 4936 qui
1338 4865 1455 4920 nendum
1472 4869 1550 4918 natus
1568 4869 1609 4918 est
1622 4863 1661 4916 ita
1673 4863 1752 4918 heres
1762 4863 1924 4920 iustitrritm:

1112 4933 1175 4986 ‘sive
1196 4931 1254 4986 vivo
1278 4951 1320 4988 me
1346 4935 1402 4990 sive
1424 4935 1529 4986 mortuo
1552 4935 1631 4984 natus
1648 4929 1736 4996 fuerit,
1754 4933 1830 4986 heres
1849 4933 1924 5000 estn',

1111 5005 1158 5054 aut
1175 5001 1254 5056 etiam
1270 5017 1336 5070 pure
1354 4999 1474 5054 neutrius
1491 4999 1617 5080 temporis
1634 4999 1726 5054 hahita
1742 5001 1884 5056 mentione.
1903 5001 1926 5056 si

1112 5069 1239 5124 alteruter
1256 5085 1334 5124 casus
1352 5069 1465 5124 omissus
1482 5065 1576 5134 fueut,
1595 5083 1626 5122 eo
1651 5083 1729 5134 casu,
1748 5069 1794 5138 qui
1812 5069 1925 5124 omissus

1111 5137 1153 5202 sit,
1171 5143 1251 5192 natus
1259 5137 1359 5206 rumpit
1374 5141 1572 5200 testamentum,
1590 5137 1652 5206 quia
1663 5137 1707 5192 hie
1719 5137 1789 5192 filius
1806 5153 1857 5192 nec
1875 5137 1925 5192 sub

1112 5205 1267 5262 condicione
1284 5205 1389 5274 quidem
1405 5203 1522 5272 scriptus
1544 5203 1621 5258 heres
1637 5205 1812 5274 intellegitur,
1836 5205 1881 5272 qui
1898 5205 1926 5258 in

1113 5377 1157 5438 (tt)
1175 5371 1620 5438 exqualibetviduasibinatumius.
1719 5377 1761 5440 ιιι)
1780 5373 1876 5424 scribat
1883 5373 1926 5424 pu,

1112 5443 1202 5492 scribit
1218 5441 1368 5506 simpliciter
1376 5461 1422 5494 scr.
1466 5447 1510 5510 (tul
1532 5461 1663 5498 uxorescr.
1712 5445 1757 5508 (tt)
1775 5441 1928 5506 aboptareF

1112 5509 1157 5572 (14)
1175 5507 1314 5560 sabinusF
1353 5513 1397 5576 (ιι)
1415 5515 1551 5566 aluredo.
1604 5513 1648 5576 (tel
1667 5511 1724 5560 siF
1772 5509 1926 5572 (indeindc

1111 5575 1210 5626 Primus
1219 5591 1317 5644 quoque
1326 5583 1459 5646 antequam
1469 5583 1551 5632 adiret
1559 5581 1693 5630 decesserit
1703 5581 1748 5628 ius.
1792 5575 1839 5638 (18)
1849 5575 1925 5638 quod]

1112 5643 1155 5694 tell
1164 5647 1189 5692 tt
1198 5643 1224 5694 F
1226 5643 1238 5676 ²
1330 5647 1375 5710 its]
1394 5651 1523 5716 moriatur,
1533 5647 1624 5700 deiude
1634 5649 1692 5694 ante
1702 5641 1838 5692 aditionem
1847 5641 1870 5690 ic
1880 5643 1924 5692 tue.

1112 5717 1159 5774 (ιε)
1178 5713 1203 5762 ει
1213 5713 1260 5766 del.
1271 5715 1384 5784 Kanoper
