4366 6258
249 403 283 450 DE
301 393 595 448 nanoonssroutsos

792 693 924 774 LIBER
948 681 1321 780 oonbtnensrnos

607 895 650 960 1¹.

431 1005 479 1056 ou
496 993 818 1054 nunonrsstoumus.

275 1111 286 1170 1
307 1111 447 1168 Uarianos
461 1103 530 1158 libro
543 1101 621 1154 sento
639 1093 815 1150 uiSntinum
839 1089 945 1146 Placuit
962 1103 1029 1154 eum,

248 1183 282 1254 qut
296 1175 405 1234 edendis
422 1169 553 1226 Ianuariis
569 1169 649 1222 natus
668 1165 732 1230 esti,
755 1165 818 1234 post
842 1165 943 1216 sextam
966 1171 1031 1214 noo·

248 1245 363 1316 mpndie
379 1239 522 1304 kalendas,
545 1235 621 1306 quasi
643 1249 741 1288 anuum
766 1231 937 1288 doensimum
960 1245 1030 1308 com7

248 1313 345 1386 plenarii,
361 1323 439 1378 posse
455 1303 654 1360 manumittere:
673 1317 726 1356 non
744 1303 813 1356 enim
830 1299 924 1356 maiori
941 1299 1032 1368 vigintr

248 1381 307 1438 anuis
321 1375 436 1444 permitti
456 1373 654 1436 manumittere,
677 1369 724 1424 sed
740 1369 868 1426 minorem
890 1369 1031 1424 manumit-

247 1459 291 1502 tere
304 1443 392 1498 vetum:
416 1443 469 1494 iam
487 1447 576 1494 autem
593 1441 678 1492 minor
696 1443 819 1508 nonest,
837 1439 883 1508 qui
900 1439 969 1494 diem
987 1453 1030 1494 sn-

247 1527 346 1584 prenum
362 1509 495 1580 agit-anni
512 1507 654 1562 deensimi.

272 1575 303 1634 2³
323 1577 400 1630 Iustu
422 1575 489 1630 libro
515 1579 627 1646 septimo
650 1575 751 1630 decimo
778 1575 815 1630 ui
836 1575 965 1632 Sabinum
1004 1573 1032 1630 Si

247 1651 307 1702 heres
326 1643 486 1696 deliberante
508 1643 633 1710 legatario
663 1659 768 1698 seruum
794 1645 910 1714 legatum
938 1661 1030 1700 manu·

247 1711 340 1774 miserit,
365 1727 426 1764 mox
451 1709 593 1778 legatarius
620 1711 811 1780 repudiaverit,
840 1717 1031 1770 manumissum

247 1781 339 1834 bbemm
354 1775 411 1830 fore
446 1777 542 1838 lacem.

272 1839 414 1922 31111111
428 1793 497 1898 iiiuc
516 1847 671 1918 tricensimo
689 1865 759 1904 nono
777 1849 814 1904 ud
829 1849 943 1906 edictum
970 1849 1031 1906 Ser·

247 1927 282 1970 ms
296 1911 394 1990 pugnari
411 1909 497 1978 datus,
516 1913 619 1970 edamsi
635 1915 739 1972 debitor
755 1917 875 1986 locuples
890 1921 932 1972 est
939 1921 957 1984 ⁵,
975 1935 1032 1972 ma-

247 1981 333 2038 uumrttr
348 1993 401 2030 non
417 1983 516 2046 potest.

272 2043 288 2102 t
306 2043 445 2122 durannus
460 2047 527 2126 libro
542 2055 620 2106 scuto
636 2051 849 2122 disputationum
874 2053 900 2108 ls
935 2053 963 2106 ui
977 2055 1031 2108 suis

247 2127 339 2170 nunnus
356 2121 451 2166 emitur
468 2117 583 2182 epistula
600 2117 719 2172 divorum
736 2119 850 2172 fratrum
868 2119 903 2174 ad
945 2121 1032 2176 rhium

247 2179 369 2238 nmmum
391 2179 418 2260 in
438 2197 501 2260 eam
524 2185 705 2240 condicionem
726 2185 783 2240 redi
802 2187 867 2252 tur,
895 2191 927 2240 ut
952 2187 1032 2242 liber·

249 2257 257 2302 1
284 2251 357 2300 tutem
374 2245 547 2326 adrptsoatur.
574 2251 612 2304 Et
628 2253 714 2320 primo
729 2253 774 2320 qui
792 2269 834 2306 ern
848 2255 962 2308 nummis
977 2257 1032 2308 suis

247 2331 288 2372 nou
300 2329 402 2382 proprue
418 2315 522 2370 udatur
538 2323 643 2386 emptus
661 2319 728 2384 dici,
752 2335 813 2374 oum
831 2335 894 2374 suos
911 2335 1031 2376 nummos

247 2395 318 2440 terma
335 2383 432 2436 babere
449 2399 504 2438 non
519 2387 618 2452 possit:
636 2401 728 2440 verum
745 2387 929 2442 coniventibus
947 2389 1032 2444 oculis

248 2449 448 2530 micudumnsst
470 2451 526 2506 suis
548 2453 663 2508 nummis
686 2469 746 2506 eum
767 2453 947 2524 redemptum,
971 2471 1031 2510 eum

247 2535 287 2576 nou
308 2533 415 2572 nummus
443 2519 513 2586 eius,
542 2521 588 2588 qui
614 2537 675 2574 eum
697 2521 821 2586 redemit,
852 2529 1029 2590 comparatur.

1082 871 1129 940 bit,
1147 887 1200 928 uon
1217 873 1300 944 magis
1318 889 1397 946 quam
1431 873 1468 940 ui,
1486 889 1546 930 cunr
1562 869 1752 942 proprietatem
1767 863 1887 928 habaet,

1084 945 1115 998 12
1149 957 1226 998 usum
1243 943 1361 1000 fructum
1377 893 1496 1000 redqemit.
1532 941 1584 998 Sed
1601 939 1660 1012 qui,
1684 955 1746 1018 cum
1766 935 1886 1018 ¹fructua-

1081 1013 1137 1068 rius
1151 1017 1228 1080 esset,
1246 1013 1437 1084 proprietatem
1448 1013 1567 1078 redemit,
1584 1013 1614 1068 in
1626 1027 1657 1066 ea
1670 1007 1826 1066 eondrcroue
1838 1011 1887 1070 est,

1085 1087 1114 1138 13
1148 1087 1180 1138 ut
1196 1081 1231 1138 ad
1249 1083 1463 1138 consttutionem
1480 1083 1632 1154 pertineret.
1667 1079 1719 1138 Sed
1742 1083 1770 1134 et
1793 1075 1887 1136 siduo

1082 1169 1185 1210 servum
1200 1153 1367 1220 redemerint,
1385 1153 1452 1210 alter
1464 1153 1578 1224 propriis
1592 1153 1713 1222 nummis
1732 1151 1799 1208 alter
1811 1165 1887 1232 mni?

1081 1225 1131 1282 mis
1149 1225 1224 1292 servi,
1243 1223 1383 1280 dicendum
1401 1225 1451 1280 erit
1469 1225 1682 1282 constitutionem
1700 1239 1818 1282 cessare:
1838 1237 1888 1276 msa

1081 1295 1152 1352 forte
1178 1295 1201 1350 is
1228 1295 1273 1364 qui
1298 1295 1413 1366 propriis
1436 1295 1548 1350 nummis
1571 1293 1681 1350 redemit
1703 1295 1888 1350 manumittere

1085 1369 1116 1420 14
1149 1363 1230 1420 fuerit
1250 1369 1370 1434 paratus.
1406 1363 1458 1420 Sed
1481 1363 1551 1420 etsi
1573 1371 1677 1436 partem
1694 1367 1752 1438 quis
1770 1363 1887 1428 redemit,

1082 1451 1145 1506 pars
1169 1435 1252 1490 altera
1272 1451 1305 1490 ex
1323 1449 1405 1490 causa
1421 1435 1550 1490 lucrativa
1567 1437 1724 1504 accesserit,
1749 1435 1888 1492 dicendum

1083 1507 1133 1562 erit
1150 1503 1365 1560 constitutionem
1382 1505 1470 1560 locum
1486 1505 1593 1562 babere.

1117 1573 1135 1634 5
1154 1573 1329 1630 Menstruus
1344 1573 1412 1630 itum
1429 1573 1545 1630 secundo
1562 1577 1757 1630 institutionum
1787 1577 1815 1632 Si
1832 1579 1889 1648 quis

1084 1645 1155 1702 dicat
1172 1661 1200 1700 se
1218 1643 1273 1702 suis
1290 1645 1404 1698 nummis
1422 1649 1545 1714 emptum,
1563 1651 1651 1714 potest
1669 1645 1815 1702 consistere
1829 1663 1889 1702 cum

1082 1715 1189 1770 domino
1205 1729 1267 1780 suo,
1286 1713 1362 1768 cuius
1379 1711 1503 1768 infidam
1520 1715 1650 1782 confugit,
1669 1719 1697 1768 et
1712 1717 1801 1784 queri,
1819 1717 1890 1786 quod

1083 1783 1118 1838 ab
1136 1799 1167 1838 eo
1185 1799 1239 1838 non
1256 1781 1466 1848 manumittatur,
1484 1781 1585 1838 Romae
1603 1783 1707 1852 quidem
1725 1785 1799 1854 apud
1811 1801 1889 1854 prae-

1082 1851 1182 1906 fectum
1205 1851 1293 1918 urbis,
1316 1851 1346 1906 in
1365 1849 1507 1920 provinciis
1529 1867 1590 1906 vero
1614 1851 1686 1922 apud
1702 1853 1839 1922 praesides
1857 1869 1890 1908 ex

1083 1921 1167 1976 sacris
1181 1919 1414 1976 constitutionibus
1428 1919 1547 1974 diuorum
1559 1921 1680 1988 fratrum,
1695 1923 1745 1976 sub
1757 1937 1790 1976 ea
1801 1927 1890 1978 tamen

1084 1989 1293 2070 denuntiatione,
1319 1993 1349 2042 ut
1369 1987 1392 2044 is
1415 2003 1520 2068 servus,
1544 1991 1590 2056 qui
1611 1989 1662 2070 boc
1680 1989 1890 2070 intenderit'neo

1082 2059 1234 2178 111111
1252 2055 1891 2202 incantanturantistarent

1087 2197 1096 2242 1
1134 2203 1216 2244 causa
1233 2207 1347 2260 poenam
1364 2197 1566 2244 constituturus.
1595 2191 1688 2244 Sedet
1703 2191 1890 2244 stranombus

1082 2257 1192 2312 redditis
1210 2259 1353 2314 liberasse
1375 2259 1465 2312 iussus
1488 2257 1578 2324 fuerit,
1600 2257 1700 2310 arbiter
1722 2257 1811 2310 interi
1834 2273 1890 2310 ser-

1082 2341 1143 2376 vum
1160 2329 1188 2378 et
1205 2325 1352 2390 dominum,
1374 2323 1402 2380 id
1421 2331 1461 2378 est
1476 2323 1611 2390 heredem,
1634 2323 1712 2376 datur
1730 2321 1763 2376 de
1779 2323 1889 2376 rationi·

1082 2391 1133 2444 bus
1151 2391 1322 2446 excudendis.

1118 2455 1136 2512 6
1154 2459 1290 2512 Absumus
1311 2457 1400 2512 Vanus
1419 2459 1486 2512 libro
1510 2457 1794 2526 unortodipestorum
1829 2457 1890 2510 Ser·

1082 2539 1131 2578 vus
1147 2525 1288 2590 pecuniam
1305 2527 1340 2578 ob
1356 2525 1506 2578 libertatem
1521 2529 1618 2590 pactus
1637 2531 1695 2578 erat
1718 2529 1744 2578 et
1766 2539 1824 2578 eam
1842 2525 1889 2578 do-

246 2585 336 2658 proinde
356 2585 410 2638 sive
433 2601 466 2638 err
487 2587 606 2656 peculio,
635 2587 706 2656 quod
728 2587 764 2640 ad
785 2587 948 2642 venditorem
971 2605 1030 2658 per·
1082 2589 1287 2644 minodederat:
1303 2591 1671 2658 dominuspriusqunm'eum
1682 2591 1890 2656 manumitteret,

247 2657 308 2716 uun,
324 2653 375 2708 sive
392 2669 425 2708 ex
443 2653 591 2708 adventicio
608 2655 698 2718 luero,
722 2655 777 2710 sive
794 2655 873 2710 etiam
890 2657 969 2710 amici
985 2659 1030 2710 be·
1082 2661 1203 2710 mortuus
1221 2663 1278 2710 erat
1295 2661 1506 2726 testamentoque
1522 2657 1634 2710 liberum
1656 2673 1715 2710 esse
1732 2659 1847 2710 iusserat
1864 2663 1891 2710 et

248 2721 322 2778 uuicio
344 2719 384 2774 vel
403 2719 563 2776 liberalitate
584 2723 626 2776 vel
648 2727 810 2790 prorogante
833 2737 864 2776 eo
881 2723 923 2776 vel
938 2739 1030 2790 repro·
1082 2723 1107 2776 ei
1123 2723 1256 2792 peculium
1274 2739 1351 2776 suum
1368 2725 1509 2792 legaverat.
1535 2725 1692 2776 consulebat
1703 2725 1731 2788 1⁰,
1751 2737 1830 2792 utram
1844 2739 1890 2794 pe·

246 2791 362 2846 mittente6
375 2789 417 2844 uel
427 2805 457 2844 se
470 2789 606 2858 delegante
620 2791 661 2844 vel
671 2791 699 2842 in
711 2803 741 2844 se
755 2789 898 2858 recipiente
913 2791 1031 2844 debitum
1083 2791 1188 2842 cuniam
1205 2791 1311 2844 domino
1330 2791 1444 2846 dedisset
1462 2791 1496 2844 cb
1513 2789 1675 2854 libertatem,
1700 2807 1735 2842 an
1759 2805 1818 2844 eam
1841 2791 1891 2844 sibi

247 2859 375 2928 ademptus
393 2857 438 2922 sit,
464 2857 624 2914 credendum
645 2863 687 2912 est
707 2857 763 2912 suis
780 2857 894 2912 nummis
912 2873 972 2910 eum
989 2875 1031 2912 re·
1082 2855 1193 2912 heredes
1214 2859 1321 2926 patroni
1342 2857 1452 2912 reddere
1474 2857 1601 2912 deberent
1618 2873 1710 2912 neone.
1745 2857 1890 2926 respondit,

247 2929 372 2998 demptum:
391 2925 456 2980 satis
471 2931 513 2980 est
525 2925 601 2990 enim,
620 2923 736 2992 quadis,
755 2925 800 2992 qui
814 2925 940 3004 emptioni
954 2941 1032 2978 suum
1083 2923 1105 2978 si
1122 2939 1181 2976 cam
1198 2923 1338 3002 pecuniam
1352 2923 1481 3002 domiuus,
1499 2929 1674 3042 posteaquam
1689 2925 1845 3002 accepisset,
1863 2925 1892 2974 in

247 3003 257 3050 t
283 3007 370 3050 nomen
383 2993 630 3058 accommodaverit,
649 2991 715 3046 nihil
733 2991 766 3044 de
783 3007 832 3046 suo
850 2991 978 3058 inpendit.
1004 2991 1032 3044 Si
1083 3007 1148 3044 suae
1171 3005 1302 3058 pecuniae
1324 2993 1482 3044 ratronem¹¹
1524 2991 1655 3054 abuisset,
1679 2995 1769 3046 statrm
1791 2989 1892 3044 desisse

247 3063 371 3132 utigneio
395 3065 499 3130 emptus
523 3061 569 3126 sit,
593 3063 689 3128 postea
710 3062 801 3113 autem
822 3059 936 3126 pretium
953 3073 1032 3112 auum
1083 3057 1140 3112 eius
1159 3057 1257 3126 pecudii
1280 3071 1351 3112 esse:
1375 3058 1422 3112 sed
1445 3055 1468 3110 si
1490 3055 1605 3120 interea,
1630 3055 1692 3110 dum
1714 3073 1776 3112 eum
1797 3073 1892 3110 manu-

248 3131 359 3202 upnderit,
377 3129 517 3184 dicendum
534 3127 585 3184 erit
597 3145 653 3182 nou
666 3141 725 3182 esse
740 3127 912 3180 audiendum:
932 3127 966 3180 ab
981 3123 1031 3178 iui-
1082 3127 1211 3188 mitteret,
1241 3131 1380 3194 acceptum
1404 3139 1479 3178 servo
1501 3123 1662 3188 rettudisset,
1689 3123 1772 3180 videri
1794 3123 1893 3190 pecudii

246 3201 273 3256 tio
287 3199 348 3256 eninr
365 3199 416 3254 hoc
434 3197 477 3266 agi
494 3197 588 3262 debet,
611 3201 642 3250 ut
662 3193 820 3262 imaginaria
840 3193 915 3248 ficret
934 3193 1032 3262 emptio
1082 3193 1165 3246 inisse
1188 3197 1216 3244 et
1236 3191 1333 3246 debere
1355 3191 1465 3244 heredes
1487 3205 1547 3246 eam
1567 3193 1707 3260 pecuniam
1729 3193 1892 3246 manumisso

247 3273 267 3322 et
281 3283 323 3338 per
343 3265 420 3322 iidem
443 3267 597 3320 contractus
618 3263 688 3316 iuter
710 3267 855 3330 emptorem
878 3265 905 3316 et
927 3277 1032 3316 seruum
1083 3259 1201 3312 reddere.
1488 3325 1494 3336 ι
1778 3325 1793 3336 ..
1872 3323 1878 3336 ι

246 3341 258 3390 1
283 3339 378 3406 agatur.
403 3333 462 3388 Sive
478 3331 558 3400 igitur
575 3347 630 3386 non
642 3331 695 3384 hoc
710 3329 744 3382 ab
758 3329 835 3382 initio
851 3333 920 3384 esset
932 3333 1030 3392 actum,
1118 3323 1135 3382 7
1154 3325 1234 3380 Ioum
1248 3325 1315 3382 libro
1333 3325 1445 3394 septimo
1463 3325 1629 3394 digestorum
1662 3325 1725 3378 Duo
1747 3323 1796 3376 filu
1814 3325 1892 3376 iama-

246 3403 328 3460 utsuis
344 3401 455 3456 nummis
473 3399 659 3464 redimeretur,
683 3397 739 3452 siue
761 3397 814 3452 hoc
831 3401 892 3452 anto
911 3411 1031 3450 numnam
1081 3395 1131 3448 lias
1154 3393 1303 3462 peculiares
1325 3407 1415 3448 seruos
1439 3393 1583 3462 separatim
1605 3397 1718 3462 uterque
1742 3391 1891 3448 habebant:

246 3479 258 3526 t
284 3487 366 3526 servus
383 3487 436 3526 non
453 3469 539 3534 dedit,
560 3467 676 3522 cessabit
691 3465 810 3520 libertas.
845 3463 922 3520 Unde
941 3463 1032 3532 quaeri
1083 3479 1116 3518 ex
1138 3463 1179 3516 his
1202 3463 1271 3514 alter
1292 3461 1425 3516 servulum
1448 3475 1526 3514 suum
1549 3463 1712 3532 pecudarem
1734 3461 1792 3514 vivo
1815 3465 1893 3530 patre

260 3541 336 3604 oterit,
353 3539 387 3604 si,
406 3553 466 3592 eum
482 3537 534 3592 hoc
551 3535 586 3590 ab
603 3535 679 3588 initio
698 3535 786 3588 esseti
803 3539 906 3598 actum,
929 3537 1033 3600 emptor
1081 3529 1246 3586 manumisit:
1270 3535 1349 3598 pater
1365 3529 1469 3598 utrique
1487 3535 1645 3584 testamento
1662 3529 1796 3598 peculium
1814 3543 1892 3598 prae-

245 3559 357 3662 festiuavit
377 3611 403 3662 et
425 3603 539 3676 pretium
563 3601 724 3666 numeravit,
748 3615 783 3654 an
800 3607 894 3670 postea
911 3599 936 3652 ci
953 3601 1031 3654 satis·
1082 3599 1222 3668 legaverat.
1253 3597 1444 3666 quaerebatur,
1466 3611 1558 3652 servus
1575 3597 1626 3652 iste
1643 3603 1735 3652 utrum
1752 3597 1893 3652 amborum

245 3675 302 3730 iacto
317 3691 405 3730 seruus
424 3673 615 3730 constantiore
632 3671 672 3724 uti
689 3669 786 3742 possit:
810 3673 837 3724 et
857 3673 923 3740 puto
943 3683 1030 3738 posse.
1082 3683 1118 3722 an
1139 3667 1195 3722 eius
1219 3681 1307 3736 aquo
1325 3667 1500 3722 manumissus
1518 3671 1577 3722 erat
1592 3665 1704 3722 libertus
1723 3671 1800 3722 esset.
1835 3681 1892 3722 res-

246 3747 257 3796 5
282 3743 388 3798 Proinde
401 3747 426 3798 et
439 3743 462 3796 si
475 3741 499 3796 ei
512 3755 633 3796 nummos
644 3739 798 3808 prorogarit
810 3745 921 3808 emptor,
937 3753 996 3790 cum
1009 3737 1032 3790 ei
1081 3735 1189 3808 pandit,
1213 3735 1236 3790 si
1259 3735 1334 3804 prius
1356 3740 1544 3790 testamentum
1565 3741 1643 3806 pater
1663 3735 1785 3802 fecisset,
1813 3751 1893 3806 quarn

246 3815 257 3864 t
282 3811 441 3880 pariaveriti,
458 3809 558 3880 poterit
575 3807 610 3862 ad
626 3807 779 3862 libertatem
794 3807 942 3876 pervenire.
972 3805 1032 3862 Siue
1081 3805 1152 3860 filius
1171 3821 1230 3860 eum
1247 3805 1359 3860 liberum
1374 3819 1432 3860 esse
1445 3805 1575 3870 iussisset,
1593 3805 1671 3862 unius
1685 3821 1745 3862 esse
1758 3805 1892 3872 libertum,

245 3885 315 3934 autem
337 3879 496 3948 exprimetur
515 3877 543 3930 in
568 3883 710 3932 contractu
734 3877 816 3942 (velut
838 3875 866 3928 in
890 3877 1031 3946 emptione)
1081 3873 1140 3928 ideo
1160 3873 1230 3944 quod
1248 3889 1308 3928 eum
1327 3889 1431 3944 quoque
1448 3873 1475 3928 iu
1493 3875 1597 3946 peculio
1619 3875 1722 3944 legasse
1744 3875 1891 3930 uideretur:

245 3945 284 4000 hoc
304 3951 339 4002 ‘ut
359 3945 570 4002 manumittatur’
595 3945 650 4000 sive
672 3961 727 4000 nou
745 3943 921 4014 exprimatur,
944 3943 1031 4000 verius
1082 3943 1130 4000 sed
1148 3945 1171 3998 si
1186 3949 1281 4014 postea
1298 3949 1486 4004 testamentum
1502 3949 1579 4012 pater
1595 3943 1716 4010 iecisset,
1739 3961 1794 4000 uon
1811 3943 1893 4000 videri

246 4017 256 4064 1
283 4021 318 4070 est
332 4015 480 4070 libertatem
498 4017 658 4084 competere.
694 4015 767 4084 Ergo
789 4019 817 4066 et
837 4013 861 4068 si
881 4013 951 4068 forte
973 4013 1032 4082 quis
1082 4027 1140 4066 eam
1163 4019 1278 4068 mentem
1300 4013 1357 4068 eius
1380 4011 1476 4078 fuisse,
1498 4017 1529 4066 ut
1551 4029 1624 4078 eum,
1647 4015 1692 4084 qui
1713 4015 1892 4070 manumissus

245 4079 273 4134 sic
289 4083 473 4150 comparaverit
495 4081 549 4138 suis
573 4081 700 4150 nummis,
724 4099 759 4138 ne
776 4099 837 4138 eum
854 4081 1031 4150 manumittat,
1083 4087 1166 4146 esset,
1189 4083 1290 4154 legaret
1307 4099 1420 4154 eumque
1437 4099 1553 4150 servum,
1576 4083 1701 4152 quoniam
1723 4081 1893 4154 praelegatus

244 4147 337 4220 benigna
353 4157 393 4206 est
410 4153 498 4220 opinio
513 4149 657 4204 duratium
671 4151 745 4206 hunc
758 4151 793 4206 ad
808 4151 956 4206 libertatern
970 4165 1030 4220 per·
1082 4167 1137 4206 uon
1154 4159 1233 4220 esset,
1250 4157 1354 4206 mortuo
1373 4157 1449 4222 patre
1466 4153 1605 4206 amborum
1622 4167 1727 4208 servum
1743 4151 1835 4208 fuisse.

245 4219 411 4294 muiracum
438 4225 466 4274 et
493 4233 590 4274 nomeu
618 4219 758 4288 emptionis
785 4219 958 4288 imaginarius
980 4219 1031 4276 iste
1117 4215 1135 4278 8
1162 4219 1339 4276 Maecianus
1367 4221 1433 4276 libro
1461 4223 1538 4276 tentio
1566 4219 1668 4276 decimo
1695 4221 1893 4276 institutionum

245 4287 255 4336 8
282 4295 377 4356 emptor
385 4287 567 4342 accommodet
577 4291 604 4342 et
616 4295 757 4358 praeterea
769 4289 873 4344 nihilei
887 4289 965 4344 absit.
983 4289 1031 4344 Ni·
1082 4289 1134 4360 Qui
1151 4305 1253 4360 poenae
1271 4291 1340 4346 servi
1357 4291 1519 4354 efficiuntur,
1536 4289 1685 4346 indubitate
1706 4291 1894 4346 manum'ttcrc

244 4351 365 4408 litantem
382 4357 504 4434 interest,
530 4371 546 4410 a
568 4373 620 4426 quo
639 4357 699 4426 quis
716 4359 772 4434 suis
790 4357 902 4414 nummis
920 4367 1031 4424 ematur,
1085 4365 1095 4412 1
1133 4375 1186 4414 uon
1204 4365 1326 4430 possunt,
1344 4361 1406 4430 quia
1424 4365 1450 4414 et
1466 4359 1518 4428 ipsi
1534 4359 1603 4414 servi
1621 4365 1691 4414 sunt.
1721 4359 1776 4414 Sed
1790 4375 1839 4414 neo
1854 4361 1893 4414 rei

245 4419 324 4502 tineo
341 4423 385 4504 vel·
398 4429 502 4480 cuutate
518 4424 560 4480 vel
576 4441 595 4504 a
611 4427 729 4494 privato,
754 4427 882 4498 cuiusque
899 4427 935 4482 sit
952 4443 1032 4482 sexus
1083 4427 1237 4498 capitalium
1250 4429 1388 4486 criminum
1397 4429 1583 4484 manumittere
1594 4443 1684 4484 servos
1697 4443 1760 4484 suos
1772 4433 1893 4496 possunt,

244 4491 539 4614 iutbuemtiiiaii
560 4493 750 4618 tttnt
771 4495 1033 4618 dimisiniisiii
1083 4501 1177 4618 tn.
1186 4499 1477 4620 1111111111
1504 4497 1597 4620 11111
1623 4495 1893 4618 1111111111·

245 4623 331 4690 qudem
346 4599 424 4680 'aetas
447 4633 598 4708 spectatum:
625 4645 690 4688 ,nam
717 4603 745 4684 et
767 4633 791 4686 si
809 4579 930 4710 ⁸pupillulg
955 4639 1031 4700 emat,
1082 4581 1153 4688 {elia
1165 4581 1529 4698 damnfflsnessetevel’egum
1543 4581 1665 4686 triviatim
1681 4579 1894 4702 prosptffercu⁰fn

244 4703 337 4760 aequum
354 4699 394 4774 est
411 4711 471 4750 eum
487 4693 698 4768 fidemrmplere‚
717 4715 779 4754 oum
792 4715 849 4756 stne
865 4699 960 4756 damno
976 4701 1032 4756 eius
1084 4707 1098 4756 3
1133 4701 1314 4770 damnaretur,
1331 4701 1413 4758 seruis
1431 4701 1508 4760 datas
1523 4717 1578 4756 non
1596 4705 1754 4770 competere.
1790 4699 1844 4756 Sed
1860 4717 1894 4756 ne

245 4759 255 4810 1
281 4759 327 4816 huo
347 4769 381 4816 srt
400 4765 528 4820 futurum.
563 4765 633 4820 idem
652 4771 679 4822 et
696 4767 719 4822 si
737 4783 830 4824 seruus
848 4775 897 4824 est.
932 4771 964 4822 lu
980 4771 1032 4826 illis
1084 4771 1189 4838 quidem
1214 4769 1274 4824 illos
1302 4771 1338 4826 ud
1362 4771 1461 4826 iustam
1484 4769 1635 4826 libertatem
1656 4769 1794 4838 pervenire
1818 4771 1893 4826 divus

245 4839 294 4882 sane
309 4833 386 4910 servis
403 4849 457 4912 uon
476 4833 619 4888 intervenit
641 4835 809 4902 constitutio,
831 4837 876 4906 qui
896 4837 925 4890 in
947 4843 1032 4894 totum
1082 4837 1236 4892 Hadrianus
1256 4837 1407 4906 rescripsit,
1431 4837 1478 4906 qui
1500 4837 1559 4892 ideo
1582 4837 1740 4892 manumissi
1762 4843 1839 4904 sunt,
1863 4843 1894 4892 ut

244 4897 334 4960 pertun
350 4901 384 4954 ad
400 4901 550 4954 bbertatem
570 4917 625 4956 non
648 4907 776 4968 possunt,
800 4909 919 4972 utputa
940 4905 964 4960 si
987 4921 1032 4960 ex·
1085 4903 1187 4960 cantur
1204 4905 1434 4960 subtraherentur.

244 4965 369 5044 portandus
387 4969 427 5022 vel
444 4969 497 5022 bac
513 4969 571 5036 lege
587 4969 700 5024 venierit
717 4969 769 5036 (vel
785 4975 945 5026 testamento
962 4973 1033 5026 banc
1110 4969 1137 5030 9
1154 4971 1274 5026 Pinnos
1289 4973 1356 5026 libro
1375 4971 1512 5042 singulari
1526 4971 1683 5040 reputatum
1723 4969 1821 5026 Servus
1841 4973 1893 5026 hac

245 5031 405 5088 condicionem
418 5039 579 5104 acceperat),
597 5053 632 5090 ue
649 5053 774 5106 umquam
791 5037 1032 5096 manumitteretur.
1082 5041 1093 5094 l
1126 5041 1291 5102 evendituS,
1310 5053 1345 5092 ne
1361 5039 1578 5104 manumittatur,
1595 5037 1638 5092 uel
1653 5041 1814 5094 testamento
1831 5055 1893 5110 pro-

247 5103 268 5152 lt
297 5101 450 5158 Suisautem
464 5103 576 5160 nummis
590 5103 743 5172 redemptus
755 5105 806 5158 etsi
818 5111 905 5158 totum
918 5107 1033 5174 pretium
1083 5107 1112 5162 bi
1130 5107 1184 5160 itus
1206 5105 1370 5170 manumitti,
1398 5105 1441 5158 vel
1466 5119 1482 5158 a
1507 5103 1642 5174 praefecto
1667 5105 1708 5158 vel
1730 5121 1748 5158 a
1770 5107 1894 5174 praeside

245 5185 286 5222 uun
300 5173 449 5238 numeravit,
467 5189 501 5228 ex
518 5173 606 5254 operis
623 5177 713 5226 tamen
726 5173 812 5240 ipsius
827 5173 971 5226 accesserit
984 5173 1032 5226 ali·
1083 5173 1233 5242 prohibitus
1256 5173 1292 5226 ob
1315 5171 1422 5240 aliquod
1444 5173 1569 5226 delictum
1591 5173 1742 5226 manumitti
1762 5173 1797 5228 ad
1814 5173 1893 5228 liber·

245 5237 304 5306 qud,
321 5243 349 5292 ut
364 5239 461 5310 repleri
477 5245 592 5310 pretrum
608 5241 708 5308 possit,
731 5241 774 5294 rel
790 5239 815 5294 si
832 5239 894 5308 quid
911 5255 961 5296 suo
978 5255 1032 5294 me·
1084 5245 1166 5294 tatem
1202 5239 1294 5298 erduei
1310 5253 1365 5292 non
1401 5243 1478 5292 otest.

244 5307 284 5362 tito
299 5307 458 5376 adquisierit,
482 5309 624 5364 dicendum
647 5315 689 5364 est
704 5307 855 5362 libertatem
872 5311 1032 5376 competere.
1121 5305 1158 5362 10
1176 5257 1256 5360 Forum
1271 5255 1661 5384 irnperioyt'umnsantcntiurum
1684 5309 1713 5360 iu
1735 5305 1892 5384 counitioni·

246 5381 267 5430 11
298 5375 369 5446 Quod
395 5377 419 5434 si
444 5383 548 5446 partem
575 5377 630 5430 suis
655 5375 768 5430 nummis
791 5373 945 5440 redimeret,
972 5389 1033 5428 cum
1084 5377 1133 5428 bus
1143 5373 1319 5442 prolatorum
1340 5387 1378 5424 am
1400 5371 1476 5426 tebras
1494 5387 1545 5426 scor
1568 5371 1635 5426 intro
1652 5373 1770 5426 semiusto
1805 5371 1893 5424 Aeha-

244 5451 330 5516 partem
343 5445 411 5500 servi
422 5444 540 5510 haberet,
560 5443 594 5500 ad
612 5443 828 5498 constitutionem
845 5455 899 5494 non
916 5441 1032 5508 pertine·
1083 5455 1134 5494 nus
1152 5439 1257 5494 debitor
1272 5437 1372 5492 fiscalis
1390 5437 1559 5492 Euemeriam
1577 5439 1702 5494 mamam
1723 5443 1786 5494 ante
1809 5451 1894 5490 annos

245 5545 1892 5574 ...-........-----————------—--—------———--—-—

271 5621 296 5686 (1)
312 5619 445 5678 San.1...a;
463 5619 529 5684 App.
545 5627 585 5674 1o;
603 5615 807 5670 Eu.11...1s.m;
825 5611 1034 5674 Pantanus·
1085 5605 1537 5668 rumioreait(scil.Mnrcsllus)Vct.
1577 5609 1611 5668 ta)
1628 5607 1749 5656 estornF
1788 5605 1821 5664 (a)
1835 5617 1893 5678 910.

247 5687 461 5752 timida-(ff-
473 5685 600 5746 (trunca
653 5683 686 5746 (2)
704 5677 829 5730 catomo
879 5679 911 5740 (a)
929 5677 1034 5726 alsat.
1084 5671 1230 5722 mittenteS
1293 5673 1326 5734 (t)
1343 5671 1453 5722 oessetF
1511 5675 1543 5736 (a)
1561 5671 1724 5738 parueritF²
1785 5671 1818 5732 (a)
1836 5667 1901 5716 mn

247 5767 288 5822 181
344 5759 375 5820 (t)
392 5755 505 5818 idemque
515 5755 539 5802 st
547 5751 648 5800 siheres
656 5743 1035 5820 deliberantelegatariomann-
1087 5739 1133 5806 (to)
1151 5737 1326 5790 consulebatur
1335 5737 1374 5788 F²
1441 5741 1482 5804 (11)
1499 5739 1596 5792 ratione
1604 5739 1666 5792 Hal,

246 5829 322 5890 mittut,
335 5839 390 5878 mox
397 5821 532 5886 legatarius
543 5815 725 5886 repudiaverit:
743 5831 802 5866 narn
811 5817 835 5866 et
842 5815 891 5866 hoo
902 5827 960 5862 casu
972 5809 1035 5862 hbe·
