4366 6258
239 395 240 398 ,
272 361 429 426 XXVIIII
451 363 480 424 1,
499 365 515 422 7
953 353 954 356 ’
1074 349 1137 422 414
1373 373 1403 420 si
1425 373 1500 432 eois
1521 371 1672 430 autunum
1692 373 1782 420 rnsr.
1805 373 1941 426 Psonis.

271 547 330 602 eius
353 561 408 600 non
431 545 634 610 vindicaverint,
657 559 693 598 an
710 545 796 598 Titius
818 545 900 598 nihilo
924 543 1011 598 minus
1034 559 1080 598 eos
1133 541 1205 596 data.
1239 545 1268 596 et
1283 539 1343 598 ideo
1361 541 1425 598 licet
1442 541 1557 598 directas
1580 541 1715 596 libertates
1739 541 1879 606 deficiunt,
1904 555 1941 600 at-

271 613 382 670 heredes
392 619 423 668 ut
431 613 551 682 indignos
563 629 693 668 accusare
704 613 789 682 possit
802 613 835 670 ob
848 613 883 680 id,
919 613 975 668 uod
988 629 1081 670 necem
1134 615 1149 664 3
1184 611 1320 664 tamenad
1333 609 1590 666 fideicommissarias
1603 609 1779 664 eundumest.
1814 611 1942 672 Furiosus

272 683 328 736 eius
345 699 401 736 non
417 681 621 748 vindicaverint,
644 697 694 736 nec
713 683 783 738 obsit
799 683 832 748 ei,
856 631 928 750 quoqd
945 683 979 736 ab
996 681 1081 738 isdem
1133 695 1188 734 non
1204 679 1366 748 intellegitur
1379 679 1515 734 codicillos
1526 677 1623 746 iacere,
1642 679 1705 748 quia
1715 693 1765 734 nee
1778 679 1852 734 aliud
1869 681 1941 748 quic-

272 751 505 808 fideicommissum
522 765 557 804 ex
565 755 725 808 testamento
743 751 835 806 fratris
849 751 978 820 patruelis
989 767 1080 806 conse·
1134 763 1213 818 quani
1225 763 1304 818 agere
1317 747 1488 816 intellegitur,
1506 763 1566 802 cuni
1577 763 1626 820 per
1643 747 1731 802 omnia
1743 745 1809 802 etin
1821 749 1942 808 omnibus

273 823 351 874 cutus
369 821 411 874 sit.
446 819 583 886 respondit
600 819 666 874 nibil
683 819 805 890 proponi,
824 835 872 874 cnr
889 821 1016 876 obstaret.
1135 821 1151 868 4
1184 817 1304 872 absentis
1320 817 1363 872 vel
1380 817 1539 898 qidescentis
1557 817 1617 872 loco
1634 817 1757 872 habetur.
1800 817 1941 874 Hereditas

308 883 346 942 27
369 887 582 942 Cittrsranrus
596 887 664 942 libro
677 891 770 958 primo
788 887 821 940 cle
838 889 897 940 iure
912 889 975 958 fisci
1007 887 1036 942 Si
1050 887 1083 942 de
1133 889 1292 940 testamento
1310 885 1439 940 inutiliter
1456 885 1518 940 data
1534 901 1588 940 non
1610 891 1699 952 potest
1722 883 1850 938 codicillis
1868 889 1942 952 quasi

271 955 393 1024 pluribus
410 955 553 1010 heredibus
565 955 724 1024 quibusdam
736 955 824 1008 invitis
838 961 886 1008 ant
898 957 1083 1024 ignorantibus
1134 951 1268 1008 hereditas
1292 951 1456 1012 confirmari,
1486 953 1533 1008 sed
1559 969 1592 1008 es
1614 949 1818 1008 fideicommisso
1843 953 1942 1022 petitur

272 1029 393 1090 apertum
416 1023 467 1078 erit
489 1027 692 1090 testamentum,
719 1039 774 1080 non
797 1023 921 1078 amittunt
947 1025 1084 1096 portiones
1135 1021 1209 1078 salva
1224 1021 1327 1076 ratione
1343 1021 1410 1090 legis
1427 1021 1569 1076 Falcidiae.

272 1105 335 1144 suas
353 1091 398 1160 qui
416 1093 496 1160 culpa
514 1097 614 1146 carent.
1169 1085 1188 1148 3
1206 1087 1288 1144 Ionis
1301 1091 1370 1144 libro
1389 1091 1542 1160 tri'pcuslmo
1560 1105 1631 1144 nouo
1646 1091 1811 1162 clipeatorum
1845 1087 1941 1168 Siquis

1136 1175 1197 1214 cum
1214 1163 1402 1212 testamentum
1413 1155 1516 1212 nullum
1526 1157 1650 1222 habebat,
1670 1159 1798 1214 codicillis
1809 1155 1942 1214 fideicom-

703 1295 705 1298 .
1135 1227 1217 1282 missa
1232 1227 1284 1282 hoc
1302 1225 1381 1282 inodo
1399 1225 1484 1282 dedit:
1509 1225 1635 1296 ‘numquis
1652 1227 1717 1282 milii
1733 1229 1810 1282 heres
1828 1229 1879 1282 erit
1895 1227 1941 1282 bo-

640 1301 711 1366 1111,
1121 1301 1272 1350 “norumre
1287 1309 1442 1366 possessor,
1468 1295 1524 1348 eius
1541 1295 1605 1348 fidei
1628 1297 1784 1358 committo',
1808 1295 1942 1350 fideicom-

273 1399 304 1448 si
322 1399 399 1456 uois
418 1399 575 1456 intenuit
593 1399 739 1452 mussini
761 1401 997 1450 raonisnnnir
1013 1401 1082 1452 111
1135 1363 1217 1444 missa
1232 1363 1365 1484 praestan·
1382 1363 1488 1484 optent,
1507 1363 1654 1484 quiapaier
1665 1363 1787 1430 fantum,
1805 1363 1942 1444 11111111·

1133 1431 1944 1556 1111111.11111111111111

310 1567 1083 1642 1minimulumqouraqemmoouavooueuaam
1135 1583 1203 1636 quos
1225 1541 1342 1636 legitima
1359 1567 1417 1622 eius
1434 1567 1567 1622 hereditas
1592 1567 1635 1622 vel
1656 1569 1788 1622 bonorum
1809 1539 1943 1636 possissio

272 1635 324 1704 1111
347 1637 411 1690 dnm
426 1643 516 1706 captat
535 1639 709 1694 hereditatem
726 1635 868 1704 legitimam
884 1635 927 1690 vel
944 1651 978 1690 ex
1000 1643 1080 1690 testa-
1137 1639 1149 1688 1
1184 1639 1345 1702 perventura
1362 1641 1442 1690 esset.
1478 1635 1530 1690 Sed
1547 1641 1573 1690 et
1590 1637 1614 1690 si
1630 1639 1692 1704 post
1704 1635 1840 1692 codicillos
1858 1635 1943 1692 iactos

272 1709 370 1768 niente,
382 1705 517 1774 probibuit
524 1705 753 1762 testamentarium
764 1703 874 1758 introire
883 1703 987 1758 volente
997 1719 1031 1758 eo
1042 1705 1081 1758 is·
1133 1707 1212 1756 natus
1230 1701 1288 1770 quis
1307 1709 1378 1756 esset
1399 1703 1536 1772 proximus
1560 1703 1690 1770 adgnatos
1713 1703 1755 1756 vel
1778 1719 1841 1758 suus
1858 1705 1943 1766 lieres,

273 1789 333 1828 cere
341 1777 528 1828 testamentum
536 1775 577 1828 vel
585 1779 696 1838 mutare,
703 1771 779 1826 divus
785 1771 936 1826 Hadrianus
946 1771 1083 1828 constitnit
1134 1771 1393 1826 fideicommmlssuin
1410 1771 1542 1840 praestari
1559 1771 1679 1826 debebit:
1697 1771 1858 1840 intellegitur
1875 1771 1943 1826 enin

273 1841 396 1910 denegari
407 1843 433 1898 ei
444 1841 540 1896 debere
555 1843 673 1896 actiones
690 1841 879 1910 denegatisque
896 1841 1083 1894 electionibus
1133 1839 1156 1894 is
1175 1855 1281 1906 qnoque
1298 1841 1376 1894 heres
1394 1839 1510 1908 scriptus
1528 1845 1555 1894 et
1571 1839 1631 1894 ideo
1649 1855 1704 1894 nou
1717 1839 1827 1910 perinde
1844 1841 1943 1894 haben-

275 1915 285 1964 1
323 1909 567 1966 fiscoloeumiore.
605 1909 762 1966 Sidominus
772 1909 945 1974 doleiecerit,
957 1915 1082 1964 1111111-
1133 1913 1149 1960 2
1184 1907 1234 1960 dus
1253 1913 1294 1960 est
1311 1923 1344 1960 ac
1361 1907 1384 1962 si
1400 1909 1517 1988 rupisset
1532 1909 1581 1964 hos
1595 1907 1740 1962 codicillos.
1775 1909 1944 1964 Testamenta

272 1985 390 2034 mentum
407 1983 564 2042 mutaretur,
580 1979 610 2032 in
627 1995 680 2046 quo
698 1995 789 2032 serviis
808 1977 864 2032 eius
882 1977 997 2048 scriptus
1016 1985 1081 2042 erat,
1133 1975 1206 2030 facto
1230 1975 1334 2030 etiamsi
1358 1975 1473 2032 codicilli
1495 1975 1523 2028 in
1546 1993 1578 2032 eo
1602 1975 1752 2030 confirmati
1775 1993 1830 2030 non
1847 1983 1943 2040 esseut,

290 2047 391 2102 uanivis
403 2047 579 2102 manumissus
603 2047 698 2102 adierit
714 2047 895 2110 hereditatem,
922 2047 1041 2102 actiones
1058 2047 1082 2102 ei
1133 2043 1201 2098 vires
1220 2049 1309 2098 tamen
1326 2059 1359 2098 ex
1376 2061 1408 2098 eo
1421 2045 1535 2112 capient.
1571 2043 1683 2112 denique
1700 2043 1725 2098 si
1741 2059 1775 2098 ex
1786 2047 1944 2100 testamento

273 2065 450 2182 inlegentur,
468 2131 529 2170 cuin
546 2121 573 2170 et
591 2115 681 2170 liberis
699 2115 756 2170 eius
769 2115 792 2170 si
807 2113 871 2182 quid
887 2113 969 2168 fuerit
983 2115 1082 2178 datum,
1133 2111 1269 2166 hereditas
1286 2111 1359 2166 aditu
1370 2127 1425 2166 non
1436 2111 1539 2178 inisset,
1557 2111 1790 2166 fideicommissum
1802 2125 1836 2166 er
1852 2113 1943 2168 huius-

272 2185 396 2250 denegari
409 2183 512 2248 debeat,
530 2183 581 2246 etsi
598 2199 652 2238 non
668 2183 769 2238 fuerint
784 2185 965 2252 inpotestate.
1001 2183 1083 2238 sedsi
1133 2179 1205 2234 modi
1224 2179 1352 2234 codicillis
1369 2179 1467 2234 uirilius
1485 2179 1611 2234 momenti
1628 2179 1685 2234 erit.

272 2251 387 2320 legatum
416 2251 441 2306 ei
457 2251 579 2306 relictum
597 2251 633 2306 sit
650 2251 731 2332 idque
749 2253 890 2308 restituere
915 2251 950 2306 sit
965 2257 1082 2320 rogatus,
1168 2245 1287 2304 41111
1301 2247 1369 2302 libro
1387 2251 1557 2318 sexagesimo
1575 2249 1653 2300 tertio
1667 2249 1831 2314 clipeatorum
1865 2247 1943 2314 Enni,

273 2335 437 2388 consequens
455 2321 506 2374 erit
522 2319 610 2374 dicere
628 2319 732 2374 admitti
749 2335 810 2376 enm
822 2319 858 2374 ad
869 2319 993 2388 legatum,
1012 2319 1083 2390 quod
1135 2317 1181 2386 qui
1199 2317 1383 2376 codicillorum
1399 2321 1525 2386 tempore,
1535 2315 1661 2372 solvendo
1679 2317 1722 2380 sit,
1747 2321 1818 2370 recte
1835 2315 1943 2370 liberta-

272 2405 326 2444 non
342 2389 399 2458 ipse
420 2389 585 2452 habuisseti,
610 2389 657 2442 sed
680 2389 713 2442 ad
737 2389 817 2442 alium
839 2389 875 2442 sit
894 2389 1082 2444 translaturus.
1134 2393 1188 2440 tem
1206 2385 1269 2442 dare
1286 2383 1401 2456 placuit,
1426 2383 1544 2454 quamvis
1566 2383 1719 2440 testamenti
1744 2383 1810 2438 facti
1827 2389 1944 2452 tempore

273 2461 288 2510 2
325 2457 454 2524 sipiares
467 2455 579 2512 heredes
596 2457 711 2510 instituti
729 2457 782 2512 sint
799 2455 999 2512 etomnesdolo
1012 2457 1082 2512 fece·
1134 2455 1260 2512 solvendo
1279 2473 1334 2510 non
1350 2453 1438 2508 inerit.

272 2525 333 2590 rint,
352 2541 404 2592 quo
419 2525 505 2578 minus
518 2529 705 2578 testamentum
717 2529 873 2588 mutaretur,
888 2521 1029 2578 dicendum
1043 2531 1084 2578 est
1169 2521 1409 2580 5⁷Pnrriv1nuns
1424 2521 1493 2576 libro
1510 2521 1623 2590 septimo
1649 2537 1841 2590 rcspcusoruui
1874 2521 1944 2576 Ante

273 2593 391 2646 actiones
406 2591 527 2644 omnibus
546 2591 677 2658 denegari,
695 2593 861 2660 comumnes
874 2591 935 2644 dolo
953 2591 1082 2646 iecerunt.
1133 2593 1238 2662 tabulas
1262 2589 1414 2644 testamenti
1437 2587 1552 2644 codicilli
1580 2589 1645 2644 facti
1673 2605 1728 2644 non
1750 2589 1826 2644 aliter
1847 2589 1943 2648 vatent.

307 2657 325 2716 2
344 2659 462 2714 Plutus
477 2659 546 2712 libro
581 2659 790 2728 andrapensliuo
809 2665 907 2728 quarto
920 2659 957 2714 od
968 2659 1083 2714 edictum
1134 2659 1255 2728 quamsi
1271 2663 1430 2724 testamento
1449 2657 1627 2728 quodpostea
1643 2657 1797 2712 factumest
1814 2659 1856 2712 vel
1874 2657 1943 2712 codi-

274 2727 378 2796 Siquis
397 2675 665 2790 dolomatoiaeerti,
689 2727 1032 2792 111111111111111111,
1056 2733 1083 2782 et
1135 2727 1202 2782 uillis
1226 2725 1416 2782 confirmentur
1444 2731 1491 2778 aut
1513 2727 1634 2780 voluntas
1664 2741 1755 2780 eorum
1779 2741 1944 2794 quocumque

272 2811 321 2866 per
337 2797 389 2850 hoo
405 2793 545 2850 deficiatur
562 2793 676 2848 facultas
694 2795 846 2848 testamenti
860 2795 984 2860 faciendi,
1002 2795 1082 2848 dene·
1133 2793 1231 2848 indicio
1243 2793 1401 2848 retineatur:
1421 2793 1539 2848 sednon
1558 2793 1733 2848 servabuntur
1745 2809 1784 2860 ea,
1803 2793 1945 2864 dequibus

272 2863 375 2932 gandae
392 2869 453 2918 sunt
470 2863 589 2918 actiones
608 2863 633 2918 ei
656 2863 702 2932 qui
720 2863 790 2918 dolo·
804 2863 907 2928 iecerit,
926 2863 980 2918 sive
995 2863 1021 2918 le
1041 2863 1082 2916 ’11-
1134 2863 1212 2916 aliter
1229 2863 1371 2918 defunctus
1389 2861 1530 2916 novissime
1548 2861 1683 2914 iudicavit.

274 2939 286 2986 1
324 2947 382 2988 mus
391 2933 467 2986 heres
480 2931 515 2986 sit
524 2931 578 2986 sive
586 2931 675 3002 priore
686 2935 846 2986 testamento
855 2931 979 3000 scriptus.
1039 2947 1082 2986 ra·
1168 2927 1401 2988 willirannus
1424 2931 1494 2986 libro
1516 2931 1629 3000 septimo
1652 2931 1850 2986 institutionum
1885 2929 1944 2986 Diri

274 3005 287 3052 1
322 3001 371 3054 tris
389 3007 477 3056 antem
494 3001 595 3054 factum
612 3001 689 3054 fratri
706 3017 761 3054 non
777 3007 864 3056 nocet.
900 3001 929 3054 Si
945 2999 1007 3056 fidei
1024 2999 1081 3058 eius
1135 3001 1247 3056 Severus
1265 3005 1293 3054 et
1309 3001 1461 3054 Antoninus
1484 2999 1681 3070 rescripserunt
1703 2999 1770 3052 nihii
1787 2999 1872 3068 egisse
1889 3015 1944 3052 ma-

273 3069 318 3138 qui
341 3067 432 3124 dolum
453 3069 561 3124 admisit
586 3071 756 3124 commissum
778 3073 832 3134 est,
857 3073 887 3122 ut
909 3069 1083 3124 hereditatem
1133 3073 1210 3130 trem,
1228 3083 1305 3136 quae,
1325 3083 1463 3138 cumpnre
1479 3067 1578 3124 liberos
1595 3085 1658 3124 suos
1670 3067 1781 3124 heredes
1793 3067 1944 3134 instituerit,

260 3137 436 3200 restitueret:
454 3153 486 3192 ea
494 3137 628 3192 hereditas
638 3139 739 3192 caduca
754 3137 878 3192 eumenis
894 3137 1018 3192 oneribus
1028 3135 1083 3204 liet,
1135 3137 1318 3192 condicionem
1341 3137 1560 3204 emancipationis
1589 3137 1718 3192 codicillis
1742 3137 1852 3196 adiecit,
1883 3137 1944 3204 quia

272 3211 303 3258 nt
320 3205 486 3260 commodum
503 3205 568 3274 legis
580 3205 715 3260 Falcidiae
727 3205 809 3260 fiscus
821 3205 927 3270 sentiat,
944 3205 1082 3262 dodrantis
1133 3221 1220 3274 neque
1238 3205 1420 3260 condicionem
1437 3205 1529 3272 heredi
1545 3205 1666 3260 instituto
1679 3205 1809 3260 codicillis
1822 3205 1946 3260 adicere9

272 3279 361 3328 autem
378 3273 646 3340 fideicommissariam
1055 3303 1056 3306 ¹
1136 3277 1148 3328 1
1175 3289 1209 3328 ne
1228 3289 1262 3328 ue
1271 3271 1433 3328 substituere
1442 3273 1543 3328 directo
1552 3277 1648 3340 potest.
1667 3271 1809 3328 Codicillos
1819 3279 1846 3328 11
1853 3273 1943 3344 plures

307 3339 324 3400 3
344 3341 528 3396 Priscianus
548 3343 616 3398 libro
643 3343 737 3412 quicto
764 3343 866 3396 decimo
891 3355 1083 3412 responsorum
1134 3341 1194 3410 quis
1211 3291 1301 3396 iacere
1318 3347 1407 3412 potest
1424 3345 1452 3394 11
1468 3341 1552 3410 ipsius
1565 3355 1645 3394 manu
1662 3357 1695 3396 ne
1715 3357 1749 3396 ue
1766 3341 1848 3398 scribi
1860 3359 1944 3412 neque

272 3409 372 3474 Virum,
394 3409 438 3478 qui
455 3427 509 3466 non
524 3427 573 3480 per
589 3411 643 3466 vini
659 3427 708 3466 iiec
725 3409 822 3476 dolum,
841 3427 894 3478 quo
905 3413 993 3464 minus
1004 3427 1082 3478 uxor,
1135 3413 1150 3464 2
1186 3409 1284 3478 signari
1300 3425 1410 3466 necesse
1427 3415 1477 3466 est.
1517 3409 1594 3464 Licet
1608 3409 1637 3464 in
1654 3427 1686 3464 co
1739 3409 1854 3466 natione
1872 3411 1943 3466 codi-

273 3483 367 3532 contra
383 3493 444 3532 enm
460 3485 564 3534 mutata
579 3481 724 3544 voluntate,
749 3479 885 3532 codicillos
902 3479 1017 3542 faceret,
1040 3477 1082 3532 in-
1135 3477 1256 3532 cillornm
1273 3477 1479 3548 paterfamilias
1498 3477 1632 3544 adiecerit,
1655 3483 1686 3532 ut
1703 3495 1758 3532 non
1774 3479 1840 3534 alias
1857 3479 1944 3532 valere

272 3551 439 3610 tercesserat,
457 3545 505 3602 sed
521 3553 552 3602 ut
569 3547 627 3604 fieri
644 3547 755 3612 adsolet,
773 3547 902 3602 offensam
914 3561 1008 3616 aegrae
1026 3563 1081 3602 mus
1133 3547 1197 3602 velit
1214 3563 1293 3616 quam
1313 3563 1362 3602 sna
1378 3563 1459 3600 mann
1476 3547 1593 3616 signatos
1611 3553 1638 3602 et
1655 3547 1830 3616 subscriptos,
1856 3553 1945 3602 tamen

271 3613 342 3670 beris
366 3615 481 3670 maritali
504 3631 625 3670 sermone
647 3615 826 3682 placaveratl,
856 3615 884 3670 iri
908 3615 1008 3670 crimen
1029 3631 1083 3672 non
1133 3615 1946 3686 111111111111111111111111111111111111111111ῐὶ

270 3681 396 3736 incidisse
414 3699 457 3736 res
478 3683 548 3748 endi,
566 3699 616 3738 nec
633 3685 658 3736 ei
676 3685 747 3752 quod
759 3689 918 3738 testamento
935 3683 1024 3736 fuerat
1037 3685 1083 3738 da·
1134 3699 1221 3752 neque
1232 3699 1314 3736 manu
1325 3685 1381 3738 eius
1394 3685 1488 3754 scripti
1496 3689 1518 3718 ¹⁰
1528 3683 1639 3740 fuerint:
1658 3701 1719 3738 nain
1729 3701 1761 3738 ea
1772 3701 1839 3754 quae
1871 3691 1945 3740 osten

271 3755 329 3804 tum
344 3699 526 3806 auferendum.
1136 3755 1151 3804 3
1203 3757 1315 3806 eruntur
1331 3751 1465 3820 prioribus
1478 3753 1614 3820 derogant.
1650 3753 1791 3808 Codicillos
1804 3753 1827 3808 is
1859 3769 1944 3808 eninm

1135 3825 1152 3874 4
1185 3767 1275 3874 iacere
1287 3825 1384 3890 potest,
1399 3821 1483 3890 quiet
1499 3825 1686 3874 testamentum
1695 3821 1783 3874 iacere
1795 3827 1890 3890 potest.
1916 3821 1943 3874 Si

1133 3893 1197 3958 post
1212 3893 1399 3944 testamentum
1422 3889 1524 3944 iactum
1546 3895 1651 3944 mortuo
1676 3889 1803 3946 codicillis
1831 3889 1889 3958 quis
1907 3891 1943 3946 le·

635 3959 694 4024 VII
701 3959 720 4024 ⁵,
1134 3957 1235 4024 gaterit
1251 3957 1315 4012 licet
1331 3963 1491 4014 testamento
1510 3957 1680 4024 confirmatis,
1704 3975 1755 4026 pro
1772 3975 1826 4014 non
1843 3959 1944 4030 scripto

463 4059 510 4112 DE
526 4059 610 4110 IURE
629 4057 891 4114 CODICILLORUM‘
1133 4025 1373 4152 legptppfflfisi.libro
1397 4097 1514 4150 secundo
1536 4095 1692 4168 regulorum
1733 4077 1869 4162 Quaedam
1890 4111 1945 4150 non

309 4157 324 4216 1
350 4159 494 4216 Uarianos
515 4161 582 4216 libro
608 4167 705 4232 quarto
730 4161 941 4234 disputationum
977 4159 1083 4234 Saepis-
1133 4163 1287 4220 referuntur
1304 4163 1338 4216 ad
1356 4163 1581 4218 confirmationem
1605 4163 1800 4228 codicillorum,
1823 4165 1905 4218 veluti
1922 4163 1944 4216 si

272 4227 338 4284 sime
354 4231 514 4300 rescriptum
536 4235 564 4284 et
586 4231 760 4284 constitutum
777 4237 819 4288 est
835 4247 909 4294 sum,
937 4231 984 4300 qui
999 4237 1082 4286 testa-
1134 4237 1197 4288 ante
1214 4231 1395 4302 captivitatem
1413 4233 1472 4300 quis
1496 4231 1632 4288 codicillos
1655 4231 1851 4286 confirmaverit
1873 4239 1900 4288 11
1916 4233 1944 4286 in

272 4303 390 4352 mentum
407 4297 495 4354 facere
508 4299 631 4368 opinatus
645 4303 687 4354 est
703 4315 753 4354 nec
765 4299 849 4354 voluit
860 4297 936 4368 quasi
946 4297 1082 4356 codicillos
1134 4299 1287 4372 captivitate
1306 4299 1442 4356 codicillos
1460 4301 1574 4356 scribat:
1594 4315 1655 4354 nam
1672 4315 1726 4354 non
1743 4301 1838 4354 valent.
1872 4301 1942 4354 idem

272 4365 300 4422 id
317 4367 412 4432 valere,
430 4369 513 4422 videri
528 4383 578 4422 neo
596 4367 732 4422 codicillos
750 4367 861 4422 iecisse:
881 4367 995 4438 ideoque
1013 4369 1083 4438 quod
1134 4375 1182 4436 est,
1201 4369 1225 4424 si
1241 4369 1330 4438 aliquo
1341 4371 1362 4402 ¹¹
1379 4369 1458 4424 modo
1475 4369 1517 4424 ins
1534 4369 1688 4424 testamenti
1704 4369 1820 4424 faciendi
1836 4367 1944 4424 desierit

272 4435 300 4492 in
317 4435 362 4492 illo
380 4441 537 4492 testamento
550 4434 1081 4507 scriptumest,licetquasiinoodicillis
1136 4447 1147 4492 t
1183 4437 1292 4492 habere.
1327 4437 1471 4492 Praeterea
1493 4439 1521 4492 iii
1536 4437 1603 4502 illis,
1631 4453 1699 4506 quae
1721 4453 1776 4490 non
1792 4437 1872 4500 iuris,
1897 4435 1944 4492 sed

272 4505 372 4576 poterit
388 4503 482 4566 valere,
500 4509 589 4558 tamen
605 4519 660 4558 mon
678 4503 797 4558 debetur.
833 4527 834 4532 ¹
1132 4505 1198 4560 facti
1214 4509 1286 4570 sunt,
1303 4521 1358 4560 non
1375 4509 1418 4560 est
1433 4505 1541 4576 perinde
1559 4505 1710 4558 habendum
1727 4505 1799 4574 quod
1817 4505 1943 4558 codicillis

308 4569 488 4630 2111111111
514 4573 581 4628 libro
611 4573 747 4642 trigesimo
775 4573 887 4642 septimo
917 4573 1081 4642 clipeatorum
1133 4573 1266 4640 scribitur,
1290 4579 1371 4642 atque
1388 4573 1413 4626 si
1429 4575 1476 4630 ubi
1494 4573 1659 4630 confirmatio
1683 4573 1811 4642 scripturn
1835 4573 1941 4628 fuisset:

273 4639 302 4696 st
318 4641 351 4722 ei,
371 4641 416 4712 qui
431 4647 494 4712 post
510 4639 815 4722 testamentumfactuiii
827 4647 855 4696 11
871 4645 932 4722 ente
945 4641 1080 4724 codicillos
1132 4641 1215 4698 veluti
1232 4641 1255 4696 si
1271 4643 1355 4722 itain
1374 4641 1505 4724 codicillis
1523 4643 1650 4710 scriptum
1667 4641 1733 4696 erit:
1752 4645 1858 4696 ‘vestem
1875 4657 1943 4710 quae

272 4709 1082 4846 illilbllilalllailililelli{illlllllll
1133 4709 1943 4834 limittitltlttlttttttttltlttstt‘tt

272 4851 459 4902 testamentum
470 4847 571 4900 facturn
582 4851 610 4900 11
622 4851 763 4912 antequam
776 4843 891 4900 codicilli
902 4845 1082 4900 scriberentur
1133 4845 1218 4900 ‘aunis
1230 4847 1288 4910 est',
1303 4845 1433 4900 codicillis
1444 4845 1540 4914 legavit
1551 4845 1620 4910 Seio,
1634 4849 1739 4912 tempus
1753 4843 1942 4908 codicillorum,

273 4919 393 4970 mortuus
410 4921 489 4980 esset,
508 4915 599 4968 datum
616 4919 695 4978 esset,
712 4929 825 4984 pronon
842 4913 942 4982 scripto
959 4913 1081 4968 habetur.
1132 4931 1186 4970 non
1221 4929 1257 4968 uo
1274 4919 1395 4984 tempore
1411 4915 1444 4968 fit
1460 4919 1654 4978 testamentum,
1673 4913 1856 4984 spectandum.

273 4987 288 5036 2
325 4983 510 5038 (lodicillorum
526 4983 569 5038 ius
586 4983 720 5050 singulare
737 4987 790 5048 est,
808 4987 838 5036 11
856 4997 1038 5050 quaecumque
1054 4981 1082 5036 in
1167 4977 1185 5040 8
1229 4995 1323 5036 nutus
1349 4983 1419 5038 libro
1448 4981 1583 5052 scapulari
1610 4981 1643 5034 dc
1671 4983 1730 5036 lurc
1759 4981 1942 5036 codicillorum

272 5051 314 5106 lris
331 5051 481 5106 scribentur
491 5051 601 5120 perinde
619 5053 789 5116 haberentur,
808 5049 1081 5104 aosiintestamento
1133 5049 1317 5106 conficiuntur
1340 5049 1455 5104 codicilli
1478 5055 1604 5118 quattuor
1626 5049 1724 5104 modis:
1754 5053 1802 5102 ant
1823 5049 1893 5104 enim
1915 5049 1942 5102 iii

273 5119 375 5188 scripta
396 5125 492 5174 essent.
532 5119 645 5188 ideoque
662 5135 752 5182 servo,
794 5119 822 5170 ui
843 5117 995 5172 testamenti
1017 5119 1083 5172 tacti
1131 5119 1252 5172 futurum
1265 5117 1737 5186 confirmanturautinpraeteritum
1751 5115 1941 5186 autperfidei·

272 5191 393 5254 tempore
408 5187 543 5242 testatoris
562 5185 664 5248 fuisset,
684 5135 865 5240 codiciliorum
881 5191 1000 5254 ternpore
1018 5185 1081 5240 alie·
1132 5185 1302 5242 commissum
1313 5187 1335 5218 ¹³
1356 5189 1515 5242 testamento
1539 5185 1611 5264 facte
1636 5189 1684 5238 ant
1700 5185 1758 5240 sine
1774 5189 1940 5240 testamento.

273 5269 332 5320 nus,
355 5269 411 5308 uon
426 5259 500 5308 reete
516 5255 625 5308 libertas
649 5253 750 5308 directa
773 5253 861 5306 dabir.
896 5259 924 5308 et
941 5253 1081 5318 11111111,
1133 5259 1146 5308 1
1184 5251 1236 5308 Sed
1251 5253 1312 5308 ideo
1329 5251 1534 5308 fideicommissa
1551 5251 1608 5308 dari
1632 5257 1747 5320 possunt
1763 5251 1797 5306 ab
1814 5253 1941 5308 intestato

275 5335 334 5374 corn
350 5327 536 5376 testamentum
554 5321 648 5386 fiebat,
673 5321 774 5374 ebenus
798 5325 876 5382 esset,
902 5319 1082 5374 codicillorum
1132 5321 1347 5384 suceedentibus,
1366 5323 1490 5390 quoniam
1503 5321 1620 5374 creditur
1631 5327 1707 5388 peter
1720 5319 1860 5374 familiass
1881 5325 1941 5374 onte

275 5391 392 5456 tempore
408 5389 558 5452 testatoris,
581 5387 743 5456 intellegitur
766 5387 852 5442 alieno
875 5403 951 5442 servo
973 5387 1081 5442 11111111
1132 5393 1148 5442 1
1182 5405 1233 5442 sua
1248 5389 1290 5442 liis
1308 5389 1457 5456 relinquere
1479 5389 1622 5456 legitimam
1646 5387 1828 5442 hereditatem.
1861 5335 1941 5442 iodi-

275 5557 304 5620 (1)
323 5555 383 5606 Sub.
393 5569 448 5622 t.2;
463 5557 526 5624 Pap.
536 5569 558 5610 3.
574 5557 637 5608 Bos.
649 5561 689 5620 35,
699 5569 762 5608 t.-
775 5557 813 5622 oa
826 5559 883 5608 Ood.
893 5561 918 5620 6,
927 5569 954 5610 11
1004 5557 1037 5620 (1)
1046 5559 1082 5608 αι(
1130 5559 1185 5608 eins
1194 5559 1287 5620 essent]
1296 5551 1400 5608 heredes
1409 5575 1462 5610 esse
1472 5559 1587 5608 iussisset
1596 5559 1719 5628 Sclillinp
1787 5559 1941 5626 (11,-11111.

275 5623 351 5686 §tuf
362 5623 396 5672 D.
407 5625 510 5688 38,13,1
584 5625 617 5688 (3)
635 5625 867 5678 habiturussitscr.
941 5623 975 5688 (1)
992 5623 1080 5690 placti-
1132 5629 1157 5686 2,
1173 5637 1228 5690 111
1298 5627 1333 5690 (8)
1351 5647 1461 5694 parapr.
1472 5629 1686 5690 1111511112,
1703 5639 1761 5692 111
1823 5631 1856 5694 (9)
1874 5629 1941 5680 adis·

275 5689 365 5740 eratF
1132 5695 1224 5746 cerell'
1317 5695 1362 5756 (11)
1381 5695 1576 5762 subscriptiscr.
1662 5697 1704 5760 (11)
1722 5695 1772 5746 1111
1786 5701 1940 5764 quoBreoc·

308 5755 1079 5824 (5)811.1...1.1...1.15;Ρ11.1.11.-.14.11.11;11111.
1131 5779 1233 5814 mannus
1316 5763 1361 5826 (11)
1380 5763 1402 5812 si
1412 5767 1458 5816 ins.
1550 5767 1591 5828 (11)
1610 5765 1848 5818 111111111111111111Ἰ

273 5823 775 5890 is...io.-·Boa3tt,i.-Cflnsa2,ns;
788 5825 909 5890 1111111
937 5829 969 5890 (1)
980 5827 1080 5878 heredes
