4366 6258
247 387 445 442 omsnaurrs
465 381 657 436 auauaurrs
1039 355 1101 428 435
1652 349 1812 418 XXXilll
1834 353 1863 418 ι.
1888 355 1906 416 3

248 559 306 620 ilias
322 555 421 610 iactam
437 551 528 608 adhuc
543 567 600 608 non
615 551 663 608 sits
680 549 708 606 id
725 551 804 618 enim,
821 549 894 632 qaod
911 565 990 606 saum
1001 565 1045 608 es·
1097 553 1126 604 et
1145 545 1265 628 palliola·
1276 547 1434 628 Sempronia
1454 549 1552 622 eligere
1573 541 1670 624 possit
1688 609 1694 624 ⁸
1709 553 1752 594 res
1772 537 1860 622 §indiis
1887 537 1910 594 δί

248 633 357 694 set'uon
371 619 441 692 qaod
458 621 486 674 in
503 619 740 686 amonebaberet,
756 619 862 688 legant
896 617 1046 674 inauriiice
1097 621 1188 672 essent
1208 621 1316 670 tunicae
1339 619 1487 686 smgrrleres
1511 633 1572 674 cum
1592 611 1746 688 pcllrobsr
1783 613 1854 676 ctae,
1877 625 1910 664 ex

248 697 333 754 fatum
349 697 395 754 est,
414 689 437 742 si
453 703 548 742 aarum
565 687 668 742 dederit
683 689 730 752 ita,
751 695 783 742 ut
800 703 834 742 err
856 703 888 742 eo
911 701 978 742 auro
996 687 1045 742 ali·
1096 685 1139 740 his
1157 685 1296 738 dumanas
1313 685 1374 754 eligi
1389 701 1482 754 posse:
1500 685 1572 756 quod
1589 685 1613 742 si
1628 701 1686 740 non¹
1700 685 1741 736 est
1748 681 1767 748 ⁷,
1784 679 1909 734 heredem

250 763 301 836 qaid
316 757 366 814 sibi
381 757 494 810 faceret:
515 771 579 810 nam
597 763 670 822 tanc,
687 755 750 810 licet
766 755 839 826 apud
856 753 993 810 amificcm
1010 755 1047 810 sit
1096 753 1139 808 rel
1154 753 1260 808 tunicas
1278 757 1307 808 et
1321 751 1433 822 palliola
1449 757 1509 808 set⁸
1526 769 1560 810 ex
1576 751 1696 826 synthesi
1708 755 1908 834 praestaturam

250 845 339 894 aaran,
356 823 499 880 dominium
514 829 606 880 mmen
622 839 677 878 non
693 827 821 880 matarit¹
845 827 936 876 manet
956 829 1046 880 tamen
1097 825 1113 876 2
1146 821 1190 878 vel
1205 837 1296 878 ueram
1312 821 1526 878 aestimationem
1536 839 1637 880 aarum.
1670 823 1734 880 Sera
1748 823 1908 876 testamento

251 901 297 958 rim
313 895 357 968 qui
372 891 444 948 dedit
461 897 489 948 et
505 897 612 948 tantum
628 891 733 948 uidetur
753 891 903 946 mercedem
943 897 1046 948 raesta-
1095 891 1135 946 ita
1152 891 1237 946 carita
1261 891 1294 948 ‘si
1310 889 1376 946 mibi
1391 905 1440 960 per
1458 891 1641 948 condicionem
1662 895 1806 952 humanam
1823 889 1908 946 conti-

251 979 315 1026 trnus
330 977 378 1032 pro
399 975 482 1032 opera
502 961 621 1016 aurifici:
644 975 693 1030 per
716 961 789 1030 qaod
812 975 844 1016 eo
860 975 915 1040 'per
933 961 1046 1030 animur,
1097 959 1186 1084 ‘gerit
1207 959 1267 1082 ipsa
1283 959 1394 1014 faciam:
1419 959 1461 1014 sin
1478 961 1597 1040 cummi,
1621 965 1656 1018 ab
1677 961 1821 1018 heredibus
1842 961 1908 1014 meis

250 1043 274 1094 ur
287 1033 363 1090 nihilo
380 1029 467 1084 minus
483 1029 562 1084 uxori
578 1029 716 1084 debeatur.
751 1028 824 1098 qaod
844 1043 869 1082 ιι
885 1043 982 1082 aarum
999 1029 1046 1084 de·
1097 1033 1104 1060 ‘
1125 1043 1164 1084 err
1181 1045 1214 1084 vo
1226 1045 1254 1084 o:
1271 1027 1405 1098 iubeoque
1423 1027 1529 1098 signum
1545 1027 1588 1082 deu
1604 1045 1639 1084 ex
1655 1031 1731 1088 libris
1757 1039 1863 1088 centnm
1880 1029 1908 1084 in

251 1105 282 1162 tit
296 1097 400 1164 confici,
417 1103 449 1150 at
465 1113 520 1152 aon
536 1095 642 1152 ιιιιιιιιι2
662 1111 696 1152 ex
713 1111 744 1152 eo
763 1111 829 1150 euro
842 1093 920 1150 fieret
935 1097 986 1150 sibi
997 1097 1045 1150 ali-
1097 1097 1152 1152 ‘illa
1169 1111 1248 1152 sacra
1265 1097 1332 1152 aede
1349 1105 1377 1152 et
1392 1097 1422 1150 in
1437 1095 1527 1168 patria
1547 1099 1629 1150 statui
1646 1101 1842 1172 subscriptione
1858 1117 1907 1154 no-

251 1169 312 1244 quod
326 1165 519 1234 corpusculum,
537 1165 587 1220 sed
604 1181 638 1220 ex
654 1164 715 1232 alio,
738 1169 818 1230 tnnc,
840 1171 973 1234 quatenns
997 1165 1045 1220 do·
1097 1165 1184 1222 ‘minis
1202 1165 1272 1220 mei’.
1307 1165 1456 1236 quaedtam
1473 1171 1528 1220 est:
1553 1179 1614 1218 cum
1637 1165 1666 1220 in
1683 1183 1715 1222 eo
1737 1171 1837 1240 templo
1854 1185 1908 1224 non

251 1237 345 1296 niniam
361 1233 456 1288 transit
473 1233 530 1288 eius
546 1233 607 1288 auri
627 1231 662 1288 ad
683 1231 820 1288 aurificem
842 1231 951 1302 (quippe
969 1235 1047 1300 quasi
1097 1233 1149 1288 nisi
1166 1238 1215 1288 aut
1231 1237 1341 1288 aerea¹⁰
1358 1239 1406 1294 ant
1422 1239 1549 1304 argentea
1565 1237 1671 1288 tantum
1688 1237 1741 1290 sint
1757 1239 1836 1306 dona,
1860 1239 1907 1294 be·

251 1301 455 1378 permutationem
470 1299 567 1356 iecisse
583 1299 729 1366 rideatur),
753 1307 780 1356 et
800 1303 853 1356 hoc
876 1309 971 1354 auram
991 1315 1046 1356 uon
1096 1303 1174 1358 redes
1191 1303 1269 1358 seiae
1285 1309 1375 1358 atrum
1397 1319 1431 1358 cx
1447 1309 1558 1372 argento
1581 1315 1617 1356 an
1639 1317 1673 1356 ex
1689 1309 1786 1360 ιιιιοΗ
1804 1309 1908 1376 signam

254 1383 262 1432 1
291 1369 408 1426 manabit
424 1369 591 1426 adaxorem.
625 1369 693 1424 Item
702 1369 795 1424 scribit
805 1369 920 1436 Quintus
929 1369 1046 1438 Mucias,
1096 1387 1197 1442 ponere
1220 1369 1395 1442 compellendi
1418 1377 1480 1426 sunt
1500 1387 1537 1426 aa
1556 1369 1683 1426 ιιτιιιιιιῗ
1706 1375 1843 1442 respondit
1866 1393 1908 1432 se-

251 1441 386 1500 simaritas
403 1439 495 1504 mori,
517 1453 578 1494 oum
600 1439 712 1492 baberet
733 1437 850 1508 quiaque
869 1435 960 1508 pondo
977 1439 1045 1504 auri,
1097 1441 1215 1496 eundum
1232 1455 1343 1510 eaquae
1354 1447 1569 1510 proponerentur
1583 1443 1906 1510 argenteumpouendum.

250 1513 351 1578 legasset
365 1507 414 1562 ite:
432 1511 536 1562 ‘aarum
554 1507 738 1576 quodcumque
755 1507 846 1560 uxoris
864 1521 948 1560 ceusu
964 1521 1045 1576 para·
1131 1505 1441 1568 391nroannosiibro
1458 1509 1577 1564 secondo
1594 1525 1632 1562 occ
1643 1511 1842 1578 posterioribus
1856 1513 1907 1566 La-

251 1585 306 1630 ‘tan
323 1581 397 1640 esset,
414 1575 455 1630 uti
471 1575 548 1630 heres
565 1573 644 1630 uxori
662 1575 755 1638 daret',
779 1573 884 1630 etiamsi
900 1573 969 1630 libra
986 1575 1047 1628 auri
1097 1579 1190 1632 boonis
1223 1575 1253 1630 Si
1268 1577 1347 1630 uxori
1363 1577 1479 1630 muudus
1495 1575 1632 1630 mabebris
1649 1577 1753 1642 legatas
1771 1585 1848 1642 esset,
1876 1597 1908 1634 ea

251 1645 302 1700 inde
315 1643 426 1698 reaisset
443 1645 470 1696 et
487 1643 580 1696 mortis
597 1649 717 1712 tempore
738 1641 852 1710 amplias
870 1657 951 1722 quam
985 1647 1045 1696 nat-
1096 1645 1278 1700 tantummodo
1297 1645 1389 1698 deberi
1406 1643 1500 1698 Ofilius
1509 1645 1602 1698 Labeo
1619 1643 1822 1712 responderunt,
1840 1661 1908 1712 quae

251 1711 391 1768 tuorlibrae
401 1727 456 1764 non
467 1709 708 1790 deprehendentur,
721 1711 825 1764 intotis
840 1725 958 1780 qumque
968 1659 1046 1766 bbris
1096 1713 1182 1768 exhis
1193 1711 1294 1768 tradita
1302 1711 1395 1766 umndi
1407 1727 1490 1766 eausa
1499 1711 1578 1768 uxori
1587 1711 1608 1744 ¹²
1617 1711 1674 1766 uiro
1685 1711 1812 1788 inissent:
1830 1713 1908 1768 aliter
1942 1737 1943 1740 ι

251 1777 359 1834 beredem
376 1793 434 1832 esse
450 1777 603 1846 obagamn,
620 1779 745 1848 quoniam
763 1779 892 1834 articulus
910 1783 952 1834 est
968 1795 1046 1846 prae-
1096 1781 1169 1834 enim
1189 1779 1428 1850 interpretantibus
1455 1795 1585 1834 summam
1610 1779 1669 1834 iore
1693 1777 1856 1848 captionem,
1885 1781 1908 1834 si

252 1847 321 1902 sends
351 1849 476 1916 temporis
508 1845 759 1902 demonstrationem
788 1847 817 1900 in
842 1861 873 1902 se
898 1849 1044 1902 oondnens.
1096 1849 1262 1906 vascolarias
1280 1849 1422 1905 satiaber
1437 1849 1604 1918 argentarias
1625 1849 1705 1904 uxori
1724 1849 1763 1902 ita
1783 1849 1907 1916 legasset.

252 1915 312 1984 qaod
332 1915 417 1984 ipsam
443 1920 573 1984 quantum
595 1913 630 1968 ad
656 1915 742 1986 ipsam
768 1915 835 1970 iaris
859 1915 1047 1984 obligationem
1099 1921 1110 1970 1
1148 1917 1216 1972 (iam
1237 1917 1276 1972 ita
1298 1919 1415 1986 legatam
1436 1921 1520 1972 esset:
1547 1921 1709 1986 argeutum,
1736 1915 1808 1984 qnod
1829 1915 1907 1970 domo

251 1983 375 2052 pertineat,
392 1987 465 2038 recte
482 1981 593 2050 dicetur,
614 1981 643 2036 id
659 1989 701 2038 est
717 1987 748 2038 ιιι
764 1985 822 2052 ipso
840 1983 899 2038 iare
916 1985 994 2036 heres
1012 1983 1047 2038 sit
1097 1987 1196 2038 ‘mea¹³
1213 1985 1264 2038 erit
1283 2001 1344 2040 cum
1360 1983 1476 2050 moriar’,
1495 1983 1589 2038 Ofilius
1605 1999 1656 2038 nec
1674 1985 1746 2052 qaod
1757 1983 1907 2052 depositum

253 2049 376 2128 abigatur..
392 2065 509 2170 dterram
533 2049 685 2116 sciendum,
711 2051 735 2130 si
759 2051 788 2104 in
813 2051 866 2104 boc
891 2049 1047 2104 adamaverit
1096 2065 1161 2106 ase
1177 2065 1228 2130 nec
1246 2053 1317 2134 quod
1335 2053 1532 2132 commpdatam
1547 2051 1699 2132 reliquisset
1712 2067 1743 2104 ar
1795 2061 1852 2104 tam
1868 2049 1906 2104 le-

252 2123 428 2266 astar,
441 2117 1046 2266 insatiabilitatis-‘litii
1095 2123 1188 2242 titi
1203 2119 1734 2266 iitafftttttatiiabttit,
1755 2133 1907 2264 sitit

252 2251 468 2376 {iiiiii
485 2259 699 2376 sititis
722 2259 970 2376 tristitiis
983 2269 1047 2376 iii
1095 2253 1906 2388 adiistitis,titstt'isttiittt

253 2337 432 2442 submorbatur.
467 2337 597 2442 sbldsiqex
611 2359 770 2444 necessitate
815 2389 876 2458 'qua
893 2389 1046 2458 compulsus
1097 2395 1165 2444 ‘urea
1173 2393 1194 2424 ¹⁵
1211 2389 1269 2444 erit’
1286 2339 1328 2446 bc
1344 2391 1404 2446 acci
1422 2341 1546 2446 isdebebe
1570 2393 1637 2446 ‘esse
1654 2339 1779 2446 salebri:
1804 2389 1906 2444 etheo

253 2455 375 2518 beatori
394 2471 448 2510 uon
465 2455 538 2524 qaod
553 2455 632 2510 vellet
648 2455 799 2510 deminuere
815 2471 849 2512 ex
866 2457 962 2524 legato,
980 2463 1046 2510 tanc
1097 2461 1112 2512 2
1146 2457 1241 2526 probo.
1280 2459 1376 2512 Ateius
1464 2457 1518 2512 'um
1537 2473 1581 2512 res
1601 2455 1708 2512 ordiam
1729 2457 1834 2520 scribit,
1862 2455 1906 2510 cui

434 2523 439 2534 .
1397 2407 1473 2512 a,
1580 2473 1599 2536 ι

253 2521 342 2576 auberi
356 2521 415 2590 ipso
431 2537 489 2578 rure
507 2521 622 2592 quinque
639 2523 724 2578 librae
740 2523 801 2578 auri
817 2523 986 2578 debebantur
996 2539 1047 2578 neo
1144 2529 1248 2592 catum,
1269 2523 1342 2594 qaod
1357 2525 1386 2578 in
1403 2523 1556 2578 Tusculano
1580 2525 1664 2580 inndo
1682 2539 1743 2578 cam
1759 2529 1907 2578 moreretur

254 2593 265 2644 i
287 2587 336 2644 doli
347 2591 409 2644 mali
417 2591 539 2658 exceptio
548 2589 789 2644 nocebitadrersas
798 2595 941 2660 petentem.
968 2591 1047 2660 Quod
1096 2593 1132 2646 ba
1151 2593 1243 2660 uisset,
1259 2591 1377 2660 legatum
1394 2599 1474 2656 esset,
1492 2599 1520 2646 ιι
1536 2593 1608 2660 quod
1625 2597 1767 2660 antequam
1789 2607 1905 2646 morere·

253 2655 319 2712 riita
333 2657 447 2728 legasset
462 2657 539 2712 uxori
556 2663 659 2712 ‘aarum
674 2657 747 2794 &aad
764 2659 1047 2728 eiurcausaparatum
1096 2665 1141 2714 tur
1163 2675 1196 2716 ex
1218 2659 1285 2714 urbe
1305 2659 1334 2712 in
1355 2659 1538 2714 Tusculanum
1559 2661 1636 2714 iussu
1656 2659 1794 2714 testatoris
1818 2665 1905 2712 trans

254 2725 317 2790 brit,
333 2725 551 2780 tancrectissime
569 2725 662 2780 scribit
696 2727 787 2780 uirtus
799 2725 914 2790 Mucius,
932 2733 963 2780 ιιι
979 2727 1047 2782 baec
1095 2729 1181 2782 latam
1202 2732 1287 2792 esset,
1309 2727 1413 2782 deberi:
1442 2733 1536 2782 contra
1552 2727 1626 2794 iore,
1649 2727 1797 2782 siininssa
1817 2733 1905 2782 traus-

253 2793 371 2862 scriptura
386 2793 485 2848 habeat
503 2793 533 2846 in
550 2809 580 2848 se
601 2797 628 2848 et
649 2791 900 2848 demonstrationem
921 2793 1004 2862 legati
1019 2799 1047 2848 et
1096 2797 1182 2848 latum
1197 2800 1277 2850 esset.

253 2863 450 2930 argumentum:
472 2861 584 2928 ideoque
605 2861 663 2930 ipso
687 2861 745 2914 iare
761 2863 879 2916 abeneta
899 2861 970 2916 libra
986 2861 1047 2916 auri
1130 2861 1171 2920 40
1189 2861 1342 2918 Scaevoia
1372 2863 1440 2918 libro
1468 2863 1580 2934 septimo
1607 2861 1710 2916 decimo
1741 2861 1904 2932 digestorum

253 2929 351 2998 anplius
368 2933 493 2996 quattuor
509 2929 599 2996 pondo
623 2943 679 2984 non
695 2929 871 2982 remanebant
892 2929 921 2982 in
944 2929 1046 2998 obliga·
1097 2929 1202 2986 Medico
1220 2945 1269 2986 suo
1288 2929 1473 2984 contubernali
1490 2935 1518 2984 et
1535 2929 1742 2984 ιοιιιιιιιιιιίιιιιι18
1759 2929 1905 2998 expeditio·

252 2997 325 3062 done,
347 3011 396 3050 aee
413 2995 464 3050 erit
484 2995 612 3050 utendum
629 2995 810 3062 acerrume,
832 3011 885 3064 qua
908 3013 941 3052 ex
964 3011 1047 3052 caasa
1096 3013 1161 3052 num
1178 2997 1268 3052 comiti
1284 2997 1355 3052 inter
1372 2997 1508 3052 ceteraita
1524 2997 1669 3064 legaverat:
1688 3001 1834 3064 ‘argentam
1850 2997 1905 3052 via·

254 3063 391 3118 dicuarerit
407 3067 528 3118 testator.
1099 3067 1205 3120 tortam
1221 3079 1309 3118 meum
1326 3065 1385 3118 dari
1401 3063 1479 3120 volo’.
1515 3063 1665 3132 quaesitum
1681 3071 1728 3132 est,
1753 3071 1906 3134 cumpater

281 3129 315 3190 35
339 3129 457 3184 Probas
486 3131 555 3186 libro
586 3137 684 3202 quarto
716 3133 817 3186 dommo
855 3147 886 3184 re
920 3147 1047 3186 uasorum
1097 3133 1212 3186 familias
1232 3133 1262 3184 in
1283 3133 1392 3186 diversis
1418 3133 1582 3202 temporibus
1613 3133 1797 3202 reipublicae
1823 3149 1906 3186 causa

254 3199 336 3256 ‘Titiae
355 3199 456 3252 amicae
476 3211 564 3264 meae,
590 3215 652 3254 carn
673 3215 726 3268 qua
743 3199 801 3252 sine
822 3213 884 3250 men
920 3199 961 3252 oio
984 3199 1047 3264 rixi,
1098 3199 1216 3264 niumm,
1239 3199 1311 3266 quod
1327 3199 1469 3252 viatorium
1489 3205 1629 3268 argentam
1649 3199 1810 3268 hoolcgato
1834 3215 1905 3254 com-

254 3267 310 3322 ‘aari
326 3265 411 3334 pondo
429 3265 544 3334 quinque
562 3265 621 3320 dari
638 3265 720 3322 volo':
743 3281 857 3334 quaero,
879 3281 915 3320 an
935 3265 1047 3322 heredes
1097 3267 1259 3336 prehensum
1275 3281 1334 3320 esse
1356 3265 1468 3320 videtur.
1502 3265 1653 3334 respondit,
1675 3265 1746 3334 qaod
1768 3267 1907 3322 habuisset

254 3335 282 3390 ad
294 3333 495 3404 praestationem
511 3331 630 3402 integrae
652 3331 779 3388 materiae
800 3333 860 3388 auri
882 3349 918 3388 an
935 3333 970 3388 ad
1004 3349 1047 3388 re-
1098 3339 1237 3404 argeatam
1258 3331 1401 3388 viatorium
1427 3349 1459 3388 eo
1489 3339 1609 3402 tempore
1634 3349 1695 3388 cum
1718 3339 1903 3390 testamentum

253 3403 308 3458 dun
324 3407 350 3456 et
365 3407 493 3470 quantam
502 3399 692 3472 praestandum
701 3401 876 3470 compellendi
886 3401 948 3454 sint.
975 3351 1047 3454 lban-
1101 3407 1112 3454 ι
1147 3401 1272 3466 faciebat,
1290 3399 1389 3454 deberi.
1423 3401 1509 3456 Uxori
1525 3415 1590 3454 suae
1607 3405 1765 3456 testamento
1782 3401 1902 3470 italega

253 3471 287 3526 las
302 3469 435 3538 respondit
451 3473 499 3522 ant
515 3483 609 3522 aurum
626 3469 663 3532 ei,
682 3469 715 3522 de
731 3485 785 3548 qna
802 3469 951 3538 quaeritur,
969 3483 1047 3536 pree·
1097 3475 1155 3522 tum
1176 3473 1229 3522 est:
1256 3467 1436 3538 ‘Semproniae
1464 3467 1586 3522 dominae
1610 3483 1686 3522 meae
1709 3471 1762 3522 hoo
1793 3469 1906 3524 aralius

254 3539 309 3592 stari
324 3543 459 3606 oportere,
483 3543 531 3590 aut
551 3535 666 3606 pretium
689 3551 760 3602 aun,
783 3535 876 3604 quenti
897 3537 1048 3604 comparari
1099 3541 1246 3604 ‘argentum
1262 3535 1411 3590 balneare’r
1452 3535 1586 3590 meatum
1602 3541 1651 3600 est,
1669 3551 1706 3588 aa
1721 3535 1802 3590 edam
1817 3487 1853 3590 iri)
1862 3553 1906 3592 ar·

256 3611 265 3660 l
293 3611 386 3676 potest.
424 3605 492 3658 Item
512 3619 625 3674 quaero,
653 3603 743 3658 silita
765 3607 915 3658 contestata
939 3611 1050 3672 praetor
1097 3609 1215 3674 gentum
1232 3605 1314 3672 ιιιιοιτ
1331 3553 1518 3658 diebnsbestis
1535 3603 1564 3658 iu
1580 3603 1686 3658 babuco
1703 3603 1744 3658 ati
1760 3607 1906 3672 cousuevit,

253 3675 285 3730 ita
298 3673 478 3754 pronuntiarit
517 3679 547 3726 at
569 3673 864 3752 materiapraestetur‚
887 3677 1048 3726 tutatores
1099 3677 1114 3726 2
1148 3671 1332 3742 legatoeedat.
1358 3671 1815 3742 responditomnelegatumrideri.
1844 3673 1905 3726 Mu-

254 3741 363 3796 aadrendi
383 3741 437 3796 siat
460 3715 497 3820 ab
520 3741 571 3796 hae
593 3745 725 3796 senteutra
746 3739 891 3808 pupillum,
921 3739 1047 3820 aduersas
1097 3739 1148 3838 lior
1164 3739 1295 3794 decedens
1313 3739 1495 3820 ornamental
1527 3745 1620 3820 ararat
1635 3739 1686 3832 ita:
1706 3739 1790 3796 ‘Seiae
1803 3743 1905 3796 amicae

253 3807 1048 3946 altantidisrtricatiutiitttititrtitt
1097 3823 1186 3930 itt
1200 3813 1571 3946 tristitias
1589 3807 1907 3932 abaritiis

254 3951 333 4012 ιιιιιιι,
350 3945 396 4016 qai
412 3959 477 4000 auro
494 3943 582 4012 legato
600 3943 665 3998 certi
682 3943 806 4012 ponderis
816 3945 954 3998 matonam
970 3959 1047 4012 prae-
1099 3943 1168 4000 ‘uolo
1190 3949 1218 3998 et
1237 3943 1331 3998 inferri
1356 3943 1421 3998 mibi
1445 3959 1627 4012 qaaecumque
1652 3945 1806 4014 sepultarae
1831 3961 1906 4000 meae

254 4015 310 4068 stari
324 4015 409 4078 iussit,
425 4017 498 4066 recte
515 4011 703 4082 pronuntiasse
719 4011 810 4066 videm
1100 4015 1191 4066 ‘causa
1208 4009 1293 4066 feram
1309 4027 1344 4066 es
1361 4013 1522 4066 ornamentis
1531 4011 1616 4066 lineas
1627 4013 1693 4068 duas
1710 4013 1905 4082 ermengardis

281 4079 316 4140 36
338 4081 488 4152 Sonnroan
518 4081 586 4136 libro
617 4081 694 4136 tortio
723 4097 767 4134 res
788 4095 914 4134 ausorum
962 4079 1048 4134 ‘Seiae
1099 4083 1135 4134 ‘et
1151 4079 1258 4134 viniolas
1277 4095 1310 4134 ex
1326 4079 1496 4150 smaragdis:
1520 4081 1568 4136 sed
1588 4095 1675 4150 neque
1691 4081 1802 4136 heredes
1818 4097 1904 4150 nepae

254 4147 416 4204 ‘dulcissimae
432 4149 558 4218 poenum
575 4163 685 4204 auream
706 4165 757 4216 quo
795 4147 904 4216 elegerit
920 4147 984 4202 fidei
1000 4147 1047 4200 he-
1098 4147 1218 4214 meritam
1235 4165 1297 4202 cum
1311 4147 1386 4202 humi
1400 4165 1499 4216 corpus
1511 4147 1595 4216 daret,
1610 4165 1643 4204 ea
1656 4155 1818 4214 ornamenta,
1836 4165 1905 4220 quae

254 4217 341 4272 bedam
358 4217 493 4274 committo
510 4221 541 4270 at
558 4217 669 4270 darent’.
704 4231 816 4286 quaero,
839 4231 900 4270 cum
923 4217 951 4270 in
971 4217 1047 4270 bere·
1100 4215 1207 4286 corpori
1223 4215 1312 4272 iussus
1329 4219 1417 4280 ιιιι18
1434 4215 1512 4284 adici,
1529 4217 1671 4272 dederunt:
1689 4219 1839 4288 quaesitum
1856 4223 1904 4284 est,

253 4283 324 4342 ditate
340 4303 393 4342 uon
410 4285 465 4340 sint
480 4285 533 4340 nisi
552 4285 666 4340 duellae
687 4285 780 4354 scyphi
803 4285 912 4340 modioli
932 4285 1047 4354 phialae,
1098 4291 1189 4338 atrum
1211 4285 1245 4338 ad
1271 4299 1342 4352 eam,
1364 4283 1409 4340 oui
1430 4291 1586 4342 ornamenta
1607 4287 1732 4342 universa
1751 4287 1903 4356 reliquerat,

254 4367 282 4408 oa
296 4353 354 4408 Seia
376 4355 409 4408 de
429 4353 471 4408 bis
494 4353 634 4424 speciebus
656 4351 753 4420 eligere
773 4353 867 4422 possit.
902 4351 1048 4422 respondit,
1098 4353 1249 4422 pertineant
1265 4369 1302 4408 aa
1318 4351 1353 4408 ad
1364 4353 1485 4408 heredes.
1520 4355 1657 4424 respoudit
1669 4371 1724 4412 non
1733 4355 1773 4410 adv
1784 4355 1903 4418 heredes,

254 4423 406 4546 cauhigmnie
422 4419 499 4492 potui
514 4427 609 4492 parata
625 4421 723 4492 pocula
740 4421 873 4490 deantur,
891 4437 972 4492 posse
990 4435 1048 4476 eam
1099 4421 1147 4476 sed
1163 4421 1199 4476 ad
1214 4421 1368 4492 legatariam
1384 4421 1524 4492 pertinere

253 4501 281 4542 er
375 4493 450 4546 ’ere

281 4553 316 4616 37
342 4491 460 4612 {ligoram
486 4557 555 4612 libro
585 4559 708 4614 omnmo
732 4559 826 4630 primo
857 4573 1048 4612 retorserant

254 4621 461 4682 ornamentorum
486 4627 665 4696 appellatione
689 4633 789 4682 vastem
810 4627 965 4684 mulierem
994 4643 1049 4682 nou
1457 4633 1537 4694 IH²⁹,

254 4695 570 4820 titiritaitit
586 4693 885 4834 latitantia
906 4695 1047 4820 bitti:
1270 4731 1317 4782 ΒΕ
1334 4731 1566 4786 mmm
1583 4731 1727 4782 misse

253 4829 370 4898 annm,
392 4831 456 4886 item
478 4831 606 4886 codicillis
624 4831 721 4884 multas
744 4831 847 4900 species
869 4837 925 4886 tam
946 4831 1049 4902 argenti
1135 4827 1149 4886 1
1181 4829 1325 4888 barrinas
1353 4833 1421 4888 libro
1447 4835 1569 4888 onesimo
1595 4831 1688 4900 primo
1705 4829 1752 4888 ool
1775 4827 1903 4884 Sabinam

254 4909 322 4960 taam
337 4899 416 4954 vestis
439 4899 590 4968 specialiter
605 4913 654 4968 per
673 4897 906 4954 fideicommissum
926 4901 1047 4970 reliquit:
1099 4897 1227 4954 Omnibus
1245 4897 1410 4956 debitoribus
1427 4915 1545 4970 eaquae
1566 4899 1663 4954 debent
1679 4903 1752 4952 recte
1773 4897 1902 4966 legantur,

253 4975 340 5038 guamo
356 4983 392 5020 sn
407 4967 654 5038 nonaliaespecies
668 4967 873 5036 legatocedant,
890 4983 971 5038 qnam
998 4985 1049 5024 uae
1102 4973 1112 5020 1
1148 4967 1213 5022 licet
1228 4967 1328 5024 domini
1344 4985 1437 5024 eorum
1453 4969 1515 5024 sint.
1549 4967 1668 5020 Imianas
1685 4965 1799 5034 scripsit,
1820 4967 1903 5022 sires

252 5041 275 5084 ιιι
289 5035 429 5114 hereditate
446 5035 569 5090 maeatae
585 5041 683 5090 essent.
706 5035 855 5114 ,respondit
876 5051 923 5090 eas
946 4987 1048 5104 tabere,
1097 5035 1204 5106 pignori
1221 5035 1285 5092 data
1300 5037 1403 5106 legetur
1419 5035 1532 5092 debitori
1549 5033 1715 5114 acreditope,
1732 5035 1819 5090 ualere
1831 5037 1902 5104 lega-

253 5111 312 5164 (ιιι
326 5107 447 5158 inventae
464 5109 565 5158 esseut:
584 5103 617 5158 de
634 5107 727 5158 cetens
746 5103 900 5170 cavendum,
917 5109 956 5170 ιιι,
974 5105 1047 5160 siin-
1097 5113 1156 5158 tam
1175 5103 1327 5174 habereque
1352 5119 1413 5160 eum
1433 5103 1578 5168 actionem,
1608 5107 1639 5154 ut
1663 5119 1758 5170 pugnas
1784 5105 1903 5172 recipiat,

255 5169 264 5216 i
294 5175 402 5226 aeratae5
428 5177 528 5240 essent,
554 5177 731 5240 praestentur.
778 5171 959 5240 ‘Semproniae
983 5173 1049 5228 Piae
1116 5173 1253 5242 rinsqaam
1273 5173 1414 5240 pecaniam
1436 5171 1528 5224 solvat.
1562 5167 1602 5224 sic
1620 5175 1709 5224 autem
1724 5171 1843 5242 loquitur
1860 5173 1903 5224 lu-

253 5231 305 5290 ‘boc
324 5239 435 5308 amplius
462 5239 649 5308 coopertoria⁶
671 5239 789 5294 Tauiana
810 5245 837 5294 et
863 5239 968 5294 tunicas
992 5245 1048 5296 tres
1097 5191 1424 5318 benesonantem
1439 5253 1494 5292 noa
1511 5237 1607 5292 debeat
1616 5239 1729 5294 lucrari:
1747 5239 1795 5294 sed
1811 5239 1835 5294 si
1851 5239 1905 5292 alia

253 5301 314 5358 ‘oum
329 5307 442 5374 palliolis
458 5315 527 5378 quae
543 5307 651 5376 elegerit
666 5307 726 5362 dari
742 5307 823 5362 volo’:
846 5323 946 5376 quaero
964 5323 999 5362 an
1012 5325 1048 5368 ,ex
1097 5309 1221 5364 ιιιιιιιιιι
1238 5307 1361 5362 voluntas
1373 5305 1432 5370 furt,
1450 5311 1478 5358 et
1487 5305 1522 5358 ad
1538 5305 1590 5360 hoc
1604 5307 1771 5376 pervenietur
1783 5307 1903 5376 exemplo

245 5371 365 5430 ‘moena
381 5381 462 5442 vaste,
479 5377 508 5430 id
524 5381 565 5432 est
581 5391 618 5430 an
634 5391 667 5430 ex
679 5377 797 5448 spntbesi
813 5375 920 5430 tunicas
929 5377 1048 5444 ingrrlas
1097 5375 1224 5432 luitionis.

251 5537 277 5606 (ι)
293 5543 427 5598 dominium
440 5551 522 5598 amen
536 5563 588 5598 uon
601 5547 766 5600 mutaritdel.
886 5551 919 5610 (ι)
936 5551 1046 5596 tamrcr.
1098 5545 1146 5596 del.
1242 5539 1404 5606 (salutiensi
1500 5545 1544 5610 (ιι)
1561 5547 1663 5596 meaeF
1759 5549 1802 5608 (ιι)
1819 5545 1901 5596 inias.

252 5611 281 5674 (ι)
296 5615 432 5678 compulsas
440 5619 543 5666 testator
552 5617 597 5666 dei
681 5619 714 5680 (4)
732 5611 1046 5676 eideminniionemlegati
1097 5615 1140 5674 (ιιι
1158 5611 1263 5660 meaeF
1306 5611 1350 5672 (ιι)
1366 5607 1530 5662 ommonem.
1583 5615 1626 5674 (ιι)
1642 5611 1743 5674 quodF
1790 5613 1833 5672 (ιι)
1852 5609 1901 5658 iaa-

252 5679 434 5744 etaagmentnrn
445 5681 558 5736 Caiacias
636 5687 668 5746 (ι)
686 5683 833 5734 inveatffl
910 5683 942 5742 (o)
961 5695 1046 5744 ooper-
1096 5679 1215 5728 sortiter·

251 5743 342 5798 teriam
395 5753 426 5812 ιι)
445 5749 570 5800 esentF²
635 5759 666 5810 (ι)
684 5749 836 5814 setlrexrcr.
902 5751 934 5812 (ι)
953 5745 1045 5810 autem]
1130 5743 1177 5806 (ιιι)
1195 5743 1505 5806 Sab.1...a.s.a..re.1r;
1527 5749 1901 5802 Ed.r.o.1s.ro.rs...a1.ao;

251 5809 413 5882 alitorMcapa
498 5821 541 5880 (ιι)
560 5821 604 5866 aut
613 5833 687 5866 aurea
698 5821 752 5866 dett.
846 5819 888 5878 (ιι)
905 5829 1046 5864 anexamo
1099 5809 1162 5872 Pop·
1172 5819 1204 5862 tt.
1214 5821 1302 5860 itant.
1311 5821 1346 5860 ab.
1356 5821 1393 5870 ιιι
1410 5815 1479 5878 App.
1487 5827 1524 5866 ιιι.
1538 5839 1572 5850 -·
1586 5815 1736 5878 Bostare
