4366 6258
1036 353 1099 426 557

920 451 1230 470 -ffl—u-—m--n

253 391 288 444 un
307 383 519 436 ιιιιοιιιιιο
542 381 668 432 sutoro
1643 349 1797 422 XXXVII
1817 355 1847 416 9.
1868 357 1906 436 10

279 555 295 616 2
311 553 425 610 Pinnos
438 549 507 604 libro
524 547 752 622 quadrupeasimo
766 551 858 622 primo
876 547 914 604 ud
930 547 1044 604 edictum
1097 541 1298 596 Carbonianum
1322 547 1484 612 competere,
1508 541 1604 612 quibus
1625 539 1719 592 contra
1736 532 1842 588 tabulas
1859 535 1908 590 bo·

253 627 296 688 sed
316 627 342 678 et
361 621 383 676 si
402 633 463 674 eum
486 615 599 672 ediderit
622 619 667 686 qui
685 619 809 686 repulsus
827 623 882 684 est,
909 613 1044 672 discedere
1095 625 1195 688 norum
1212 607 1345 678 possessio
1364 613 1504 682 competit,
1526 609 1569 664 his
1592 623 1655 664 iero
1677 619 1732 658 non
1750 607 1907 670 competere,

252 693 342 758 debete
1097 693 1145 746 qui
1170 679 1338 746 repelluntur
1362 691 1379 730 a
1403 685 1497 734 contra
1518 677 1625 732 tabulas
1647 675 1778 730 bonorum
1802 687 1908 740 posses-

279 757 561 822 3annocnrimros
581 751 648 808 latro
674 751 753 806 tortio
776 753 846 806 iaris
869 755 1045 826 spitametam
1097 751 1113 798 t
1152 745 1234 800 sione.
1271 745 1298 798 Si
1320 745 1455 814 quianon
1477 749 1511 802 ab
1533 745 1641 816 aliquo⁶
1663 745 1733 798 liano
1755 745 1908 822 conmoyer-

254 833 363 898 sumptus
380 827 467 878 autem
485 823 520 876 ab
534 837 568 876 ea
581 819 647 875 iacti
661 821 733 874 bona
746 819 800 874 fide
813 835 868 876 non
879 825 1044 890 repetuntur.
1096 813 1166 868 siam
1181 813 1308 884 patiatur,
1327 813 1399 884 qnod
1414 815 1484 870 inter
1499 817 1597 870 liberos
1615 831 1669 868 non
1683 811 1791 894 sit,·sed
1803 811 1836 864 ab
1849 827 1908 880 ipso

279 891 507 956 anoncslt'bro
525 889 860 960 quadroprarimoprc'mo
878 889 1045 946 uocitatum
1095 889 1188 952 patre,
1211 887 1330 952 utputa
1352 897 1449 952 nepos,
1472 885 1519 954 qui
1535 901 1565 940 se
1581 889 1713 940 retentum
1730 899 1758 938 ιι
1775 885 1908 950 potestate

254 961 373 1030 Habitetis
397 973 516 1026 quoque,
541 957 564 1012 si
585 957 693 1010 domum
710 955 854 1012 detractus
871 973 926 1012 non
941 957 1045 1020 habuit,
1097 953 1140 1006 avi
1160 949 1295 1032 dicit,·ab
1313 951 1479 1018 emancipato
1496 957 1585 1022 patre,
1608 953 1652 1006 oui
1672 953 1746 1020 iungi
1767 949 1908 1030 desiderat³

256 1047 264 1094 1
294 1025 460 1086 conducenda
477 1025 529 1078 erit
545 1023 658 1078 mulieri.
689 1023 777 1078 Serus
795 1039 903 1096 quoque
917 1025 1044 1088 mulieris,
1097 1035 1131 1072 en
1152 1015 1253 1072 dlfferri
1271 1019 1386 1074 debeat?
1406 1025 1433 1072 et
1449 1021 1532 1088 magis
1550 1027 1598 1088 est,
1616 1027 1647 1076 ut
1664 1019 1815 1076 differatur:
1833 1033 1908 1090 parii

254 1103 290 1176 qui
308 1093 446 1152 necessarii
473 1097 537 1146 sunt
566 1091 601 1144 ad
621 1091 797 1144 ministerium
819 1093 877 1146 eius
900 1091 1045 1148 secuudum
1097 1089 1169 1142 euim
1192 1087 1287 1152 refert,
1307 1087 1365 1156 quis
1384 1087 1408 1144 ei
1426 1089 1633 1142 controversiam
1649 1089 1745 1156 faciat,
1764 1105 1824 1144 cum
1841 1095 1869 1144 et
1886 1087 1908 1142 si

255 1173 274 1228 qi
304 1169 396 1228 itatem
416 1159 518 1216 cibaria
535 1159 698 1230 praestanda
715 1163 787 1214 sunt.
1096 1159 1213 1212 testator
1231 1171 1291 1236 cum
1307 1155 1444 1236 negaverit
1460 1155 1609 1236 exliberis,
1626 1173 1681 1212 uon
1694 1163 1783 1216 tamen
1799 1159 1908 1214 exhere-

274 1183 399 1294 {ntlnios
424 1229 482 1284 ltro
501 1233 598 1298 quarto
617 1227 718 1284 dommo
740 1229 779 1282 orl
800 1227 915 1282 edictam
934 1231 1046 1300 procic-
1098 1231 1111 1282 5
1151 1225 1210 1280 dem
1227 1231 1371 1294 compserit,
1391 1223 1559 1280 Garbomano
1574 1225 1659 1294 possit
1673 1231 1826 1284 csseloous.
1856 1227 1908 1282 Sed

254 1305 309 1366 ,talc
339 1297 450 1354 docetor
466 1297 567 1352 ventus
585 1295 711 1352 alimenta
731 1297 836 1352 mulieri
860 1301 978 1352 statuere
1000 1297 1046 1352 de·
1098 1301 1124 1352 ιι
1142 1295 1166 1348 si
1183 1293 1242 1362 quis
1259 1309 1315 1348 non
1331 1299 1436 1348 tantum
1453 1309 1486 1348 ex
1502 1293 1593 1348 liberis
1607 1303 1718 1366 negetur
1734 1315 1800 1366 esse,
1817 1311 1908 1352 terum

254 1379 296 1432 pet,
327 1381 374 1420 neo
396 1365 432 1420 ad
453 1381 510 1420 rein
526 1365 657 1434 pertinet,
681 1379 717 1420 an
734 1363 823 1420 dotem
841 1365 953 1432 habeat,
976 1363 1046 1428 unde
1097 1379 1190 1420 sertus
1218 1363 1297 1416 etiam
1325 1377 1384 1418 esse
1412 1363 1517 1416 dicatur
1541 1363 1611 1418 forte
1634 1381 1668 1420 ex
1691 1367 1788 1420 ancille
1813 1367 1908 1430 oddus,

254 1441 385 1498 sustentare
402 1449 432 1488 se
448 1433 542 1502 possit,
560 1433 624 1502 quia
639 1431 762 1486 videntur
776 1449 844 1504 quae
857 1435 895 1486 ita
907 1439 1045 1502 praestan·
1096 1433 1217 1486 lulianus
1235 1431 1343 1500 scripsit
1359 1429 1449 1486 adhuc
1462 1429 1628 1486 Carboniano
1643 1434 1732 1486 locum
1746 1449 1818 1490 esse:
1855 1435 1908 1490 uod

256 1519 264 1564 1
293 1511 333 1558 tur
347 1501 398 1570 ipsi
414 1501 547 1570 praestari
564 1501 651 1570 quiin
665 1507 742 1556 utero
757 1507 806 1556 est.
833 1501 948 1558 (lucatur
959 1503 1047 1558 ventri
1096 1507 1124 1556 et
1141 1501 1214 1554 divus
1224 1501 1288 1554 Pius
1306 1499 1458 1582 rescripsit:
1476 1513 1538 1552 nam
1555 1501 1597 1554 vel
1613 1501 1696 1570 magis
1715 1453 1907 1558 consultabunt

254 1579 317 1634 datus
333 1569 450 1624 saliendi
466 1569 549 1624 debiti
566 1567 697 1624 rationem
719 1569 819 1626 habere
837 1571 930 1636 debet,
954 1571 1046 1642 utique
1097 1573 1139 1624 est
1160 1569 1201 1624 his
1225 1569 1321 1638 quibus
1343 1583 1429 1624 maius
1451 1567 1601 1636 periculum
1618 1569 1770 1624 intenditur.
1806 1587 1869 1626 nam
1886 1573 1908 1626 si

254 1645 306 1704 sius,
322 1639 390 1706 quod
400 1639 450 1692 sub
461 1653 550 1708 poena
561 1643 609 1692 aut
619 1637 774 1708 pignoribus
787 1639 912 1708 pretiosis
924 1639 1045 1694 debetur.
1097 1639 1176 1694 aliter
1193 1637 1363 1702 observetur,
1387 1637 1496 1692 inventa
1512 1637 1563 1690 orit
1579 1637 1662 1702 ratio,
1688 1639 1908 1706 quemadmodum

279 1705 294 1766 6
315 1705 455 1762 Ucrirmos
474 1705 543 1760 tt'bro
566 1705 794 1776 pucdrcpcast‘mo
806 1709 900 1776 primo
923 1705 960 1762 cd
976 1709 1045 1762 odic·
1097 1707 1290 1762 audacissimus
1314 1705 1426 1776 quisque
1448 1705 1548 1760 maiore
1570 1705 1668 1758 iniuria
1687 1705 1843 1776 inpuberem
1860 1707 1907 1762 ad-

254 1785 297 1834 ram
327 1773 461 1828 Extraneo
479 1775 624 1842 postumo²
640 1773 738 1828 herede
755 1777 879 1830 instituto
897 1789 951 1828 non
968 1777 1046 1828 aliter
1097 1775 1184 1842 ficiat,
1210 1775 1281 1844 quod
1304 1779 1331 1828 et
1353 1773 1431 1844 plura
1456 1779 1483 1828 ct
1505 1773 1627 1840 graviora
1650 1773 1683 1826 do
1706 1777 1908 1830 rementiatur.

253 1849 328 1900 tenter
347 1843 375 1894 in
394 1843 588 1910 possessionem
612 1841 740 1908 mittitur,
764 1845 815 1898 nisi
836 1847 922 1898 mater
940 1843 1047 1898 abunde
1098 1847 1113 1896 t
1149 1841 1203 1898 Sed
1220 1849 1247 1900 ιι
1265 1843 1313 1898 sii
1333 1857 1362 1896 se
1379 1843 1624 1896 defunctnsservus
1638 1841 1821 1910 essedicatur‚
1839 1843 1908 1898 idem

254 1927 275 1970 se
289 1909 353 1964 alere
370 1925 423 1962 non
439 1909 533 1978 possit,
551 1925 585 1964 ne
602 1909 674 1966 forte
691 1911 728 1976 ei,
753 1913 799 1982 qui
816 1917 897 1966 natus
914 1913 1046 1966 bonorum
1098 1917 1112 1964 'l
1150 1913 1200 1966 erit
1223 1911 1299 1966 dicen
1317 1927 1371 1964 um.
1412 1909 1464 1966 Sed
1486 1915 1513 1966 ιι
1535 1909 1559 1966 si
1580 1909 1662 1964 fiscus
1688 1909 1753 1964 facit
1778 1911 1908 1978 impuberi

253 1993 373 2050 possessor
389 1975 496 2032 futurus
513 1983 568 2044 est,
591 1979 735 2046 denegasse
757 1981 884 2034 alimenta
901 1981 1045 2034 videamur.
1098 1981 1317 2044 controversiam,
1349 1979 1545 2034 Carbonianum
1573 1979 1688 2034 edictum
1709 1981 1799 2046 potest
1820 1979 1908 2032 locum

280 2041 385 2100 'licum
399 2045 466 2098 libro
485 2047 711 2116 quodrapoacimo
735 2051 849 2118 septimo
872 2049 910 2102 acl
932 2047 1046 2102 odictcuc
1098 2051 1112 2100 8
1149 2047 1256 2102 babere.
1286 2047 1450 2116 Pomponius
1467 2046 1536 2101 libro
1553 2047 1766 2116 septuagensimo
1785 2059 1855 2100 nono
1874 2045 1909 2098 ad

255 2113 400 2180 Ubicumque
417 2113 451 2164 ab
469 2113 596 2168 intestato
615 2113 764 2170 admittitur
782 2115 850 2184 quis,
868 2115 922 2170 illic
941 2119 968 2170 et
984 2131 1046 2170 ven·
1098 2115 1215 2170 edictum
1227 2113 1341 2182 scripsit,
1361 2131 1422 2170 cum
1436 2113 1506 2168 lilius
1519 2113 1596 2168 lieres
1610 2113 1652 2168 vel
1666 2113 1776 2168 exheres
1792 2113 1845 2166 sori
1864 2119 1908 2166 tus

254 2189 285 2236 ter
304 2179 459 2244 admittitur,
485 2181 585 2236 scilicet
603 2181 704 2236 sitalis
722 2181 844 2236 fueritis
862 2183 1045 2250 quiinutcro
1098 2185 1152 2248 est,
1181 2183 1379 2238 Carbonianum
1405 2181 1520 2236 edictum
1544 2197 1663 2248 cessare,
1692 2181 1809 2250 quamvis
1868 2181 1908 2234 'us

253 2251 341 2312 estut,
359 2249 383 2302 si
398 2249 427 2302 in
444 2247 525 2302 rebus
543 2251 667 2302 humanis
685 2253 769 2316 esset,
790 2251 924 2306 bonorum
940 2265 1046 2318 posses-
1098 2265 1157 2304 esse
1173 2257 1296 2320 negetur,
1315 2251 1377 2320 quia
1394 2251 1435 2304 vel
1452 2251 1528 2318 quasi
1545 2251 1661 2320 scriptus
1679 2249 1760 2302 babet
1777 2249 1908 2302 bonorum

254 2317 336 2372 sionem
353 2319 443 2384 petere
459 2323 564 2394 posset:
589 2323 620 2370 ut
639 2317 668 2370 in
686 2317 808 2374 omnibus
826 2319 949 2388 partibus
968 2317 1047 2374 edicti
1097 2319 1301 2386 possessionem,
1314 2319 1418 2374 etiamsi
1428 2317 1497 2372 iilius
1508 2333 1563 2372 non
1575 2323 1623 2382 est,
1633 2317 1674 2372 rel
1684 2315 1821 2386 repellitur
1832 2315 1908 2384 quasi

257 2391 262 2436 1
293 2399 336 2452 pro
354 2387 496 2452 superstite
511 2383 645 2440 habeatur
661 2383 685 2438 is
698 2385 783 2454 quiin
795 2391 873 2440 utero
887 2391 935 2440 est.
960 2385 1046 2440 Inter-
1097 2385 1287 2452 exheredatus,
1306 2387 1356 2440 etsi
1373 2387 1443 2440 filius
1460 2401 1519 2440 esse
1536 2385 1671 2440 rideatur:
1691 2383 1743 2438 nisi
1758 2383 1829 2438 torto
1845 2397 1908 2452 pos-

254 2453 303 2506 dum
323 2467 373 2520 non
389 2451 504 2520 passim,
530 2453 578 2508 sed
602 2469 663 2506 cum
686 2467 785 2508 causae
809 2455 957 2524 cognitione
980 2455 1047 2508 mitti
1097 2460 1201 2518 tumus,
1225 2455 1324 2524 inquit,
1348 2461 1390 2510 est
1408 2455 1485 2510 hores
1503 2453 1640 2508 institutus
1659 2457 1686 2508 ιι
1702 2457 1782 2506 ιιιιι
1798 2455 1909 2520 negetur

253 2527 329 2572 center
344 2519 371 2572 in
387 2521 583 2588 possessionem
602 2521 689 2584 debet,
708 2521 731 2576 si
748 2521 795 2590 qui
812 2523 855 2588 sit,
876 2521 923 2590 qui
941 2527 1045 2578 coutro-
1098 2537 1156 2578 csse
1173 2521 1253 2588 filius,
1272 2521 1320 2578 sed
1336 2523 1471 2578 subiectus
1490 2537 1548 2578 csse
1565 2521 1675 2590 dicetur,
1697 2537 1749 2590 quo
1768 2533 1833 2574 casu
1851 2519 1908 2574 eius

253 2587 348 2642 versiam
370 2587 477 2642 referat.
512 2587 560 2644 sod
583 2589 634 2642 hoc
660 2593 765 2642 tantum
789 2589 824 2644 ad
848 2605 908 2644 eum
930 2595 1047 2644 ventrem
1097 2591 1182 2658 partis
1205 2595 1310 2644 tantum
1332 2591 1422 2644 danda
1445 2595 1485 2644 est
1508 2591 1532 2644 ei
1554 2591 1686 2644 bonorum
1703 2587 1851 2658 possessio,
1875 2603 1908 2640 ex

254 2653 476 2776 ιιίιιξῒιιῖιιιιιὲ,
495 2657 541 2776 ciui
558 2671 618 2710 cum
635 2657 726 2710 liberis
743 2657 901 2711 admittitur.
930 2665 1047 2710 ceterum
1098 2661 1113 2710 9
1150 2673 1203 2726 qua
1224 2659 1363 2710 institutus
1386 2665 1436 2714 est.
1476 2659 1551 2712 Idem
1573 2659 1624 2722 ait,
1647 2673 1708 2714 cum
1731 2657 1839 2726 quidam
1862 2671 1908 2710 ex-

254 2737 315 2776 simi
338 2737 396 2776 aur
414 2739 484 2776 une

254 2791 304 2842 dum
326 2795 364 2842 est
384 2805 438 2842 non
461 2805 520 2844 esse
545 2805 642 2844 causae
660 2791 1046 2858 cognitionemncoessariam:
1097 2791 1166 2846 torio
1185 2799 1353 2860 conceptum,
1372 2791 1434 2862 quia
1450 2791 1527 2848 fieret
1545 2795 1569 2846 ei
1585 2793 1653 2846 h'aec
1666 2791 1855 2856 controversia,
1873 2807 1908 2844 an

254 2873 292 2910 uec
308 2857 372 2910 enim
389 2873 504 2926 aequum
523 2863 564 2912 est
580 2857 609 2910 in
626 2863 730 2926 tempus
752 2859 904 2926 pubertatis
928 2863 1047 2914 ventrem
1097 2857 1168 2912 inter
1184 2859 1281 2914 liberos
1300 2859 1342 2924 sit,
1361 2875 1395 2914 ex
1411 2859 1552 2926 harperto
1567 2861 1647 2914 edicti
1662 2861 1686 2914 ei
1700 2859 1907 2928 bonorumpos·

254 2923 362 2978 roscido
385 2925 471 2980 alietm
497 2925 525 2978 in
549 2929 653 2994 tempus
670 2925 820 2994 pubertatis
839 2925 923 2980 dilata
941 2933 1046 2980 contro·
1099 2927 1242 2980 sessionem
1268 2931 1432 2994 competere,
1461 2943 1534 2992 cum,
1565 2929 1587 2980 si
1610 2927 1667 2980 sine
1689 2927 1775 2994 elogio
1799 2927 1908 2980 exheres

255 2991 334 3046 tersia
369 2993 415 3046 sed
434 2993 519 3048 ιιίιι3
536 2992 625 3062 placet
643 3007 733 3046 omnes
752 2995 962 3058 controversias,
980 3011 1048 3064 quae
1099 2995 1215 3062 scriptus
1233 2997 1317 3058 esset,
1342 3009 1396 3048 non
1418 2993 1530 3050 haberet
1552 2995 1682 3050 bonorum
1703 2995 1906 3064 possessionem.

260 3061 324 3128 quasi
339 3067 424 3114 status
443 3061 650 3116 corbeiensium
668 3061 813 3126 canduerit,
831 3061 860 3114 in
876 3067 980 3132 tempus
998 3079 1048 3132 pu·
1098 3059 1220 3130 idemque
1247 3065 1274 3114 et
1298 3061 1321 3114 si
1344 3061 1383 3114 ita
1406 3061 1441 3116 sit
1462 3063 1603 3130 scriptum:
1631 3063 1758 3132 ‘quisquis
1782 3067 1835 3128 cst,
1863 3061 1908 3130 qui

253 3127 345 3182 lautis
364 3127 470 3192 differri,
489 3127 537 3184 sed
554 3145 608 3182 non
624 3131 656 3182 ut
672 3127 700 3182 in
717 3127 892 3198 possessione
910 3131 945 3184 sit
962 3135 1048 3184 status
1100 3129 1193 3182 ‘filium
1209 3145 1296 3182 meum
1314 3143 1343 3182 se
1361 3145 1420 3184 esse
1442 3127 1519 3194 dicit,
1544 3131 1654 3184 exheres
1671 3131 1746 3194 csto'‚
1771 3129 1833 3198 quia
1853 3145 1908 3184 non

253 3199 264 3248 1
293 3197 464 3252 controversia
482 3195 574 3260 dilata,
593 3195 641 3250 sed
658 3195 714 3250 sine
731 3197 915 3262 possessione.
950 3197 1048 3264 Quam·
1101 3201 1133 3248 to
1167 3197 1225 3250 ost⁷
1242 3195 1312 3250 filius
1331 3197 1515 3250 exheredatus.
1544 3195 1573 3248 st
1590 3195 1649 3264 quis
1666 3197 1749 3250 filium
1766 3211 1844 3250 suuni
1860 3199 1908 3250 he·

254 3265 284 3316 iis
306 3269 389 3318 autem
412 3271 520 3342 praetor
543 3269 662 3316 ventrem
688 3265 717 3316 in
762 3265 939 3318 assessionem
961 3267 1050 3318 mittat
1098 3263 1188 3316 rodem
1205 3263 1348 3316 instituerit
1366 3279 1398 3316 ex
1415 3263 1522 3316 minima
1539 3269 1616 3330 parte
1633 3263 1672 3340 sio
1691 3265 1743 3318 ‘ille
1757 3265 1848 3332 quiex
1861 3265 1908 3316 illa

255 3347 304 3384 cum
318 3331 365 3396 liis,
384 3331 479 3400 quibus
496 3331 693 3412 possessionem
707 3281 817 3396 ded’erir,
836 3337 955 3386 attamen
970 3333 1049 3386 etiam
1100 3333 1188 3384 ‘natus
1206 3335 1247 3382 est
1262 3331 1339 3384 lieres
1357 3331 1432 3398 esto’,
1450 3345 1505 3382 non
1522 3329 1692 3400 quasifihum
1706 3347 1791 3396 suum,
1813 3331 1908 3388 deiude

254 3399 315 3454 solus
330 3403 420 3452 tenter
437 3397 592 3454 admittetur
609 3397 644 3452 ad
661 3399 793 3452 bonorum
810 3401 1015 3468 possessionem.
1099 3399 1143 3452 hic
1161 3397 1306 3450 contendat
1322 3403 1425 3466 patrem
1442 3397 1599 3452 intestatum
1616 3397 1761 3452 decessisse
1784 3415 1866 3468 seque
1883 3401 1908 3454 ei

280 3463 295 3524 8
311 3465 426 3520 Pictos
440 3465 508 3520 libro
524 3467 614 3538 primo
632 3465 666 3520 clo
684 3465 816 3520 adulteris
846 3467 874 3520 Si
888 3469 987 3522 ventris
999 3483 1047 3520 no·
1100 3481 1178 3518 suum
1195 3465 1317 3518 heredem
1336 3479 1407 3528 osse,
1431 3465 1555 3530 interest,
1580 3463 1722 3520 coheredes
1744 3467 1800 3520 eius
1818 3473 1908 3520 utrum

254 3535 312 3588 mine
326 3533 418 3588 mulier
434 3533 515 3590 missa
533 3533 568 3586 sit
582 3535 611 3588 in
624 3533 828 3602 possessionem,
848 3535 923 3590 dirus
934 3535 1048 3588 Hadria·
1100 3537 1197 3600 negent
1219 3547 1280 3586 oum
1303 3531 1386 3584 lilium
1408 3547 1443 3586 an
1459 3547 1521 3586 vero
1540 3533 1704 3586 contendunt
1721 3537 1908 3588 testamentum

512 2723 610 2790 egitimi
623 2723 666 2776 vel
677 2739 730 2792 qua
742 2725 795 2776 alia
808 2741 841 2780 ex
852 2727 937 2794 parto,
956 2725 1045 2780 dicen·
1097 2725 1221 2780 heredem
1239 2725 1392 2794 scripsisset
1407 2725 1500 2790 filium,
1519 2725 1589 2794 quod
1603 2725 1703 2778 diceret
1715 2739 1776 2778 eum
1787 2739 1820 2778 ex
1832 2725 1907 2776 adul·

252 3619 292 3656 uiis
302 3601 438 3670 Calpurnio
450 3601 551 3656 Flacco
566 3601 738 3656 differendam
759 3601 958 3656 accusationem
973 3601 1048 3656 adul-

252 3669 300 3724 terii
314 3669 454 3740 rescripsit,
471 3683 505 3724 ne
524 3669 596 3736 quod
611 3667 805 3736 praeiudicium
829 3669 906 3724 fieret
922 3673 996 3724 nato.

279 3735 295 3796 9
315 3739 456 3794 Utricrccs
467 3737 537 3790 libro
554 3739 647 3806 putato
662 3737 762 3792 docimo
782 3739 820 3792 cd
831 3739 960 3792 Sabinam
983 3737 1050 3792 Gom

256 3811 332 3860 venter
347 3805 459 3858 mittitur
476 3805 504 3856 in
522 3805 730 3872 possessionem,
749 3807 821 3874 quod
838 3805 867 3858 in
884 3805 983 3860 tentiis
1001 3805 1049 3858 ali-

254 3879 330 3928 menta
347 3873 509 3928 deminutum
526 3877 567 3926 est
584 3871 734 3926 detrahitur
750 3873 823 3928 velut
840 3889 885 3928 aes
905 3873 1026 3926 ahenum.

284 3939 315 4000 10
330 3941 447 3994 Pictos
468 3939 536 3994 labro
553 3939 666 4010 septimo
683 3943 871 4008 qaaestionem
905 3941 1049 3994 Postumus

254 4017 321 4064 natus
332 4021 496 4078 quocumque
506 4011 635 4076 tempore,
654 4009 699 4076 qui
711 4011 802 4062 tamen
815 4009 953 4062 testatoris
965 4015 1049 4062 morte

1099 3601 1196 3652 valere.
1235 3601 1260 3654 si
1281 3603 1470 3670 testamentum
1491 3599 1578 3652 valere
1602 3601 1779 3668 contendunt,
1802 3607 1906 3656 contro-

1100 3667 1186 3720 versia
1209 3683 1265 3722 non
1292 3671 1332 3720 est
1361 3665 1505 3720 differenda
1534 3673 1560 3720 ot
1583 3667 1780 3722 Carbonianum
1807 3675 1906 3724 cessat:

1100 3733 1172 3804 quod
1195 3733 1218 3788 si
1241 3733 1323 3788 filium
1347 3749 1406 3788 eum
1423 3739 1522 3814 negant
1539 3739 1566 3788 et
1583 3733 1617 3788 ad
1633 3735 1707 3804 ipsos
1725 3735 1814 3804 potius
1832 3737 1908 3806 quasi

1100 3801 1135 3856 ad
1153 3803 1364 3870 consanguineos
1381 3801 1555 3856 hereditatem
1571 3801 1704 3870 pertinere
1722 3805 1827 3868 dicunt,
1845 3805 1908 3858 data

1100 3869 1230 3922 bonorum
1247 3869 1416 3938 possessione
1429 3869 1560 3938 impuberi
1572 3871 1752 3924 controversia
1763 3871 1792 3924 in
1802 3877 1908 3940 tempus

1101 3941 1130 3988 11
1166 3937 1315 4006 pubertatis
1343 3935 1472 3990 differtur.
1512 3937 1541 3990 Si
1565 3943 1650 3990 mater
1676 3939 1789 3994 subiecti
1813 3943 1907 4006 partus

1099 4009 1242 4084 arguptur,
1266 4021 1302 4058 an
1325 4003 1470 4058 differenda
1494 4003 1529 4058 sit
1546 4005 1664 4072 quaestio
1682 4011 1791 4074 propter
1809 4009 1908 4060 statum

1098 4087 1188 4140 pueri,
1211 4073 1355 4140 quaeritur.
1391 4077 1418 4126 et
1436 4071 1458 4126 si
1476 4071 1581 4140 quidem
1598 4073 1692 4140 pupilli
1710 4077 1796 4128 status
1812 4075 1842 4126 in
1858 4075 1907 4126 du-

1098 4141 1172 4194 bium
1189 4141 1359 4204 devocatum,
1385 4137 1487 4192 differri
1509 4141 1629 4208 quaestio
1646 4141 1674 4194 iu
1690 4145 1794 4210 tempus
1810 4142 1907 4220 puber-

1098 4207 1162 4260 tatis
1180 4207 1267 4272 dobet,
1289 4225 1350 4262 cuin
1367 4213 1452 4262 metus
1470 4213 1643 4276 potestesse,
1661 4223 1695 4264 ue
1711 4209 1797 4262 minus
1814 4207 1908 4262 idonee

1100 4275 1272 4330 defendatur:
1298 4291 1359 4330 cum
1382 4291 1445 4330 iero
1468 4279 1554 4330 mater
1573 4291 1620 4330 rea
1643 4275 1794 4344 postulatur
1817 4273 1908 4342 utiquc

1098 4345 1201 4410 integra
1216 4341 1282 4408 fide,
1306 4351 1332 4400 et
1355 4345 1455 4398 maiore
1472 4343 1623 4398 constantia
1640 4357 1749 4398 causam
1767 4339 1908 4396 defensura

613 4465 614 4468 ,
1098 4411 1200 4466 recenti
1221 4415 1355 4480 tempore,
1379 4411 1490 4466 dubium
1512 4427 1566 4466 nou
1588 4417 1629 4466 est
1651 4411 1827 4478 cognitionem
1850 4407 1908 4462 fieri

1098 4483 1230 4548 oportere,
1250 4483 1276 4534 ιι
1292 4483 1356 4546 post
1370 4483 1491 4534 eventum
1504 4477 1668 4546 cognitionis,
1686 4477 1710 4532 si
1721 4475 1908 4544 suppositum⁰

614 4551 669 4612 Xi,
1098 4547 1266 4616 apparuerit,
1291 4549 1409 4602 acdones
1433 4547 1608 4600 hereditariae
1630 4561 1713 4614 puero
1737 4543 1908 4612 denegandae

424 4653 471 4702 DE
489 4651 708 4702 GARBONIANO
726 4651 861 4706 mom
1098 4621 1161 4736 {unt
1178 4615 1326 4736 omissisquet
1334 4615 1446 4684 perinde
1457 4615 1589 4678 habenda,
1607 4619 1687 4682 atque
1699 4611 1808 4666 sthenes
1822 4611 1905 4680 scrip·

1111 4699 1142 4738 ns
1160 4699 1213 4736 non
1244 4699 1334 4738 uisse.

280 4747 293 4806 1
316 4749 456 4806 Utrinros
471 4753 540 4806 libro
558 4749 786 4822 quodrcpoasimo
801 4753 896 4822 primo
919 4753 957 4808 od
977 4753 1048 4810 odic·
1133 4747 1152 4808 2
1175 4749 1350 4804 Maecianus
1371 4749 1439 4804 libro
1463 4753 1560 4820 quarto
1584 4747 1685 4800 decimo
1709 4745 1905 4824 inmitationem

251 4825 297 4870 tum
327 4817 355 4872 Si
371 4819 416 4874 cui
432 4819 614 4874 controversia
635 4817 689 4882 fiet,
707 4833 743 4872 an
759 4819 830 4874 iuter
846 4821 943 4876 liberos
962 4821 1004 4888 sit,
1022 4825 1050 4876 et
1098 4819 1176 4874 Licet
1192 4819 1298 4886 mulier,
1316 4831 1385 4888 quae
1400 4821 1507 4900 partum
1525 4813 1670 4870 subiecisse
1688 4813 1795 4878 dicitur,
1814 4813 1904 4870 deces-

253 4883 360 4954 inpubes
377 4889 424 4954 sit,
449 4901 532 4942 causa
557 4885 663 4954 cognita
685 4887 795 4954 perinde
818 4889 951 4954 possessio
971 4889 1050 4944 datur
1100 4889 1171 4954 serit,
1190 4893 1285 4952 tamen,
1305 4889 1328 4942 si
1344 4885 1488 4966 participes
1505 4881 1628 4936 maleficii
1645 4881 1708 4960 siut,
1727 4883 1906 4964 inpraesenti

251 4963 277 5004 oc
292 4953 312 5008 si
327 4955 398 5008 nulla
415 4957 447 5010 de
464 4969 498 5008 ca
513 4969 546 5008 re
576 4953 757 5010 controversia
782 4961 852 5010 esset
875 4963 902 5010 ιι
923 4957 1051 5012 iudicium
1100 4957 1314 5026 cognoscendum
1337 4959 1384 5008 est.
1424 4969 1447 5006 si
1469 4957 1559 5006 autem
1582 4963 1658 5004 nemo
1687 4955 1722 5002 ιιι
1750 4967 1795 5020 qm
1817 4967 1905 5020 pumri

254 5023 264 5070 1
294 5021 321 5074 in
335 5027 438 5092 tempus
452 5023 604 5092 pubertatis
612 5037 693 5076 causa
706 5023 812 5090 cognita
824 5023 952 5080 differtur.
978 5023 1050 5080 Eum
1098 5025 1197 5094 possit,
1222 5023 1285 5092 quia
1308 5037 1398 5078 omnes
1421 5019 1566 5090 participes
1584 5017 1710 5074 iocinoris
1726 5017 1795 5074 forte
1814 5021 1904 5076 deces-

252 5089 291 5206 im
306 5093 510 5146 controversiam
527 5089 607 5154 facit,
629 5089 653 5146 si
673 5105 724 5158 pro
746 5091 848 5160 pupillo
872 5093 936 5150 satis
954 5093 978 5146 ei
995 5109 1050 5146 nou
1100 5095 1195 5158 serint,
1223 5091 1369 5146 secundum
1392 5089 1589 5146 Carbonianum
1614 5087 1730 5142 edictum
1751 5089 1779 5142 in
1799 5093 1905 5160 tempus

267 5161 330 5220 etur,
354 5157 431 5212 simul
452 5159 482 5212 in
504 5159 698 5224 possessionem
721 5173 813 5212 eorum
836 5157 968 5226 bonorum
992 5175 1050 5214 esse
1099 5161 1249 5230 pubertatis
1267 5157 1412 5212 differenda
1430 5155 1545 5224 cognitio
1562 5159 1611 5210 est.
1715 5189 1716 5192 =

252 5223 264 5272 ’2
293 5229 396 5290 praetor
413 5227 493 5282 iubet.
526 5225 588 5280 Non
604 5229 710 5280 tantum
726 5225 848 5290 masculi,
866 5223 913 5280 sed
930 5231 958 5282 ot
973 5227 1049 5282 femi-
1134 5225 1152 5286 3
1177 5227 1321 5284 Utrtnros
1336 5223 1404 5278 libro
1421 5223 1647 5296 quodropocstmo
1664 5225 1757 5296 primo
1781 5227 1818 5282 att
1836 5227 1903 5284 odic·

252 5303 295 5344 nae
316 5305 346 5344 ex
366 5293 433 5348 virili
454 5309 523 5348 sexu
545 5293 735 5350 descendentes
754 5293 916 5350 Carboniani
934 5309 1049 5350 commo·
1099 5299 1157 5350 tom
1191 5293 1389 5350 Carbonianum
1411 5291 1527 5348 edictum
1549 5297 1669 5364 aptatum
1691 5299 1732 5350 est
1754 5293 1789 5350 ad
1812 5301 1908 5350 contra

253 5359 264 5406 3
296 5357 354 5412 dum
368 5361 514 5416 habebunt.
544 5361 582 5416 Et
595 5363 754 5432 generaliter
767 5361 879 5416 dicimus
890 5361 932 5416 bis
944 5363 1050 5416 domum
1099 5365 1206 5418 tabulas
1228 5363 1361 5416 bonorum
1382 5361 1577 5430 possessionem
1599 5367 1626 5418 ot
1647 5365 1779 5430 intestati,
1802 5379 1863 5418 cum
1880 5371 1908 5418 et

254 4085 381 4144 conceptus
399 4075 452 4128 iam
470 4075 534 4140 crit,
557 4077 647 4144 potest
669 4089 815 4144 agnoscere
837 4079 969 4132 bonorum
985 4093 1047 4146 pos-

254 4147 394 4198 sessionem:
412 4159 475 4198 nam
492 4147 520 4198 et
536 4147 656 4198 ventrem
672 4149 781 4212 praetor
800 4159 833 4198 ex
848 4145 970 4198 omnibns
985 4159 1047 4214 par·

252 4213 328 4266 tibiisi
350 4211 429 4266 edicti
451 4209 533 4264 mittit
553 4213 582 4264 in
604 4213 800 4278 possessionem
821 4213 967 4276 bonorum,
994 4227 1047 4266 non

253 4281 364 4334 nissums
380 4279 489 4360 scilicet,
507 4277 531 4334 si
550 4279 573 4334 ei
591 4283 655 4332 nato
673 4279 786 4336 daturus
803 4297 858 4336 nou
875 4285 946 4336 esset
963 4281 1046 4336 bono-

253 4363 301 4402 mm
316 4363 515 4418 possessionem.

253 5525 276 5602 (l)
294 5529 456 5582 tacolbcori
464 5533 713 5598 dotcitpostttelt
765 5533 798 5596 (a)
816 5531 978 5598 portinere,
992 5547 1050 5596 pro·
1100 5531 1434 5584 tatisdilataoontrorersia:
1449 5537 1542 5586 etenim
1610 5541 1640 5602 (t)
1657 5535 1857 5604 parturitur

252 5599 356 5648 nnoF¹
432 5601 463 5662 (ι)
481 5601 517 5650 sic
527 5603 583 5668 sero
596 5601 656 5650 baec
668 5601 822 5654 ordinando:
838 5601 883 5664 qui
894 5615 951 5650 eum
965 5599 1050 5650 liberis
1136 5599 1701 5674 (slSot.i...s.1c;Ed.1o;Pap.11...1s.—
1717 5605 1779 5656 Boo.
1789 5607 1830 5666 40,
1840 5617 1906 5658 5.*-

254 5661 392 5716 itmtttmr:
411 5681 456 5716 neo
470 5665 537 5718 enim
545 5667 1050 5734 aequumestintempuspubertatisveu·
1103 5665 1213 5732 epota
1223 5669 1248 5728 6,
1256 5677 1281 5718 ti
1344 5671 1377 5734 (t)
1396 5669 1500 5726 alioscr.
1568 5677 1600 5738 (t)
1619 5677 1742 5738 quesitas.
1810 5673 1843 5734 (a)
1861 5673 1906 5724 du-

254 5729 517 5788 trcmiescidcalieno.
536 5737 645 5784 ceterum
655 5735 677 5784 si
687 5737 802 5786 mittatm
816 5737 884 5786 undo
897 5733 1005 5800 legitimi
1100 5731 1172 5782 bium
1190 5731 1299 5794 (dubium
1316 5737 1363 5794 F¹l
1382 5737 1522 5806 devocatur]
1541 5743 1644 5794 dubium
1661 5743 1719 5792 inde
1736 5743 1839 5792 vocatur
1860 5759 1907 5802 ror.

254 5809 297 5848 nou
310 5815 356 5850 esse
374 5815 459 5854 causae
475 5801 642 5866 cognitionem
652 5803 1051 5868 nocemariamiutempuspuber-
1103 5803 1137 5866 (e)
1155 5803 1256 5868 partum
1268 5805 1311 5854 ias.
1322 5805 1362 5854 F²
