4366 6258
259 375 459 430 LIBERTORUM

260 543 392 664 bereditpte
408 541 513 596 heredis
530 547 590 596 toco
607 541 678 598 nnus
695 541 816 608 nabetur,
835 547 965 610 patronus
980 555 1051 596 sum-

248 627 341 670 ‘moven
359 625 390 664 us
407 615 456 664 est.

287 681 303 742 5
322 679 411 736 Gerus
428 677 497 732 libro
520 677 614 746 potato
635 673 738 730 deamo
760 681 797 732 ad
813 677 927 732 edictam
939 675 1053 748 procia-

260 751 317 808 eicle
352 745 517 810 Libertinus,
542 741 588 812 qui
608 749 752 814 patronum
773 745 933 814 patronique
955 743 1052 796 liberos

259 823 335 880 habat,
353 815 375 868 si
390 817 533 880 patronum
550 827 583 864 ex
599 815 677 880 parte
690 811 780 866 debita
791 811 915 866 heredem
927 811 1051 874 instituit,

258 889 343 944 liberm
361 881 462 934 sinsin
480 877 589 934 eandem
611 879 761 946 portionem
782 881 943 934 substituere
965 879 1051 942 debet,

260 963 290 1022 ut,
305 953 365 1006 licet
380 951 508 1016 patronus
525 947 583 1000 vivo
602 947 696 1000 liberto
715 951 834 1002 mortuus
854 947 949 1012 fuerit,
974 945 1051 1002 satis-

262 1033 270 1078 t
302 1021 395 1074 iactum
419 1015 541 1068 videatur
566 1015 656 1068 liberis
682 1015 747 1070 eius.
789 1015 816 1066 Si
839 1015 946 1096 patroni
968 1015 1051 1066 filium

260 1087 440 1152 emancipatum
458 1089 485 1138 et
500 1085 641 1150 nepotem¹
659 1099 692 1136 ex
710 1099 753 1150 eo,
778 1081 822 1150 qui
842 1099 871 1136 m
893 1083 935 1136 avi
953 1081 1053 1136 familia

259 1153 383 1216 remansit,
407 1151 518 1204 libertus
542 1151 651 1216 habeat,
679 1149 733 1204 filio
756 1153 873 1216 tantum,
897 1165 951 1204 non
972 1151 1053 1204 etiam

259 1221 336 1294 nepoti
352 1217 504 1274 satisfacere
523 1217 629 1272 debebit
646 1217 771 1272 libertus:
794 1233 844 1272 neo
866 1217 901 1272 ad
918 1233 973 1272 rem
992 1233 1052 1288 per-

259 1297 321 1354 tinet,
339 1287 408 1356 qued
425 1287 459 1342 ad
477 1285 594 1356 parentis
611 1287 684 1342 bona
699 1285 801 1354 pariter
817 1292 955 1342 vocantur.

287 1357 320 1416 6⁹
340 1353 565 1410 Urernrvnsb'bro
584 1355 810 1424 quadrupertitas
828 1357 906 1408 tertio
928 1357 966 1408 ad
982 1355 1051 1410 edic-

260 1437 305 1482 tam
335 1423 395 1478 Etsi
412 1439 444 1476 ex
460 1423 565 1476 modica
581 1427 658 1492 parte
675 1421 791 1474 instituti
802 1423 856 1476 sint
866 1423 944 1476 liberi
955 1423 1051 1486 liberti,

259 1499 375 1552 bonorum
384 1489 579 1558 possessionem
592 1495 686 1546 contra
697 1487 803 1546 tabulas
816 1495 946 1558 patronus
961 1495 1052 1560 petere

260 1577 303 1618 uon
318 1563 417 1630 petest:
434 1573 496 1612 nam
514 1563 541 1612 et
552 1557 698 1612 Marcellus
715 1557 783 1612 libro
801 1575 870 1614 nono
890 1557 1051 1628 digestorum

259 1627 611 1750 {mlissffpffussflfflmssrque
625 1641 660 1680 ex
671 1627 888 1748 perpellperedepn
900 1627 1050 1748 institptum

440 1711 486 1748 um
527 1711 543 1748 a
569 1711 650 1748 onum
775 1711 812 1750 re.
875 1711 919 1748 um
965 1711 1052 1750 arom

258 1765 303 1820 filia
322 1763 396 1816 heres
419 1711 542 1816 instituis
563 1767 633 1816 esset
654 1777 671 1816 a
688 1759 708 1814 li
727 1767 784 1816 erto
801 1711 1050 1830 falsumqueptesta·

258 1837 361 1886 mentum
377 1829 477 1884 dictum
494 1835 571 1896 esset,
590 1831 618 1882 in
636 1845 689 1900 quo
707 1831 807 1900 scripta
824 1835 897 1894 erat,
915 1835 942 1884 et
959 1831 1050 1912 appel-

257 1899 342 1954 latione
364 1897 520 1966 interposite
544 1903 571 1952 et
610 1897 723 1952 endente
744 1897 813 1954 diem
834 1915 912 1954 suum
935 1899 1052 1954 obesse:

258 1963 384 2020 heredibus
401 1963 458 2020 eius
476 1965 552 2020 divus
624 1981 672 2020 eus
683 1965 813 2030 subvenit,
831 1969 861 2018 ut
875 1964 903 2018 id
914 1965 1050 2032 habereut,

259 2037 270 2086 1
300 2031 366 2100 qnod
386 2033 498 2086 baberet
517 2033 624 2102 patroni
645 2031 714 2098 fibo,
736 2033 759 2086 si
775 2033 882 2088 viveret.
917 2031 946 2086 Si
963 2031 1052 2086 iilius³

257 2099 333 2154 liberti
353 2099 430 2154 heres
458 2101 492 2154 ab
516 2115 548 2154 eo
569 2101 710 2158 institutus
733 2101 905 2166 abstinuerit,
932 2101 1050 2170 quamvis

258 2173 270 2222 3
298 2167 399 2222 nomine
416 2169 450 2222 sit
467 2169 558 2236 heres,
576 2173 705 2236 patronus
723 2167 880 2222 admittitur.
915 2167 968 2222 Sed
985 2173 1012 2222 et
1029 2167 1051 2224 ei

257 2251 297 2304 per
311 2235 337 2286 in
352 2235 483 2304 integrum
500 2235 695 2290 restitutionem
711 2237 748 2302 is,
767 2235 813 2304 qui
829 2237 927 2290 mixtus
945 2241 987 2290 est
1003 2251 1050 2302 pa-

257 2311 336 2356 ternae
352 2301 495 2356 hereditati
510 2303 552 2356 vel
567 2303 612 2370 qui
626 2303 682 2356 adit
692 2303 875 2370 hereditatem,
894 2303 1052 2356 abstinuerit

257 2375 270 2422 4
299 2383 336 2432 se,
364 2371 463 2438 poterit
485 2371 543 2436 quis
566 2377 710 2438 patronum
734 2371 882 2424 admittere.
917 2369 1051 2424 Patronus

257 2435 400 2506 patronique
427 2435 506 2490 liberi
536 2437 559 2492 si
588 2437 735 2492 seeundum
762 2437 926 2492 voluntatem
954 2437 1052 2492 mortui

257 2503 331 2556 liberti
353 2503 526 2558 hereditatem
547 2503 662 2560 adierint
683 2505 831 2572 legatumne
853 2509 900 2560 aut
917 2503 1050 2558 fideicom-

257 2569 357 2650 missum·
367 2577 458 2638 petere
476 2571 624 2652 maluerim,
643 2573 678 2626 ad
695 2577 790 2626 contra
803 2573 909 2626 tabulas
921 2573 1052 2626 bonorum

257 2639 725 2782 psssetizlitlignllidlgnngriidtndgdidle
747 2707 785 2760 od
805 2707 919 2758 edictum
938 2707 1051 2776 provitr-

257 2771 314 2826 cmle
349 2773 417 2824 Nam
442 2773 588 2826 absurdum
613 2773 719 2828 videtur
743 2773 824 2828 licere
848 2773 933 2826 eidem
955 2775 1052 2842 partim

257 2839 417 2908 comprobare
433 2839 560 2894 indicium
578 2839 705 2908 deiunon',
722 2841 822 2908 partim
839 2845 965 2896 evertere.

284 2901 300 2962 8
320 2905 463 2960 Uarianos
482 2907 549 2962 libro
572 2909 799 2976 quadrupedante
823 2911 900 2960 tertio
924 2909 961 2962 od
983 2909 1052 2962 edic-

258 2977 304 3026 tam
335 2971 363 3026 Si
378 2989 440 3028 vero
458 2989 511 3028 non
528 2973 623 3028 habuit
641 2975 764 3028 effectum
785 2973 879 3044 petitio
900 2975 969 3040 eins,
993 2975 1051 3028 dico

257 3057 301 3094 non
315 3039 440 3108 impediri,
460 3057 511 3108 quo
528 3041 614 3096 minus
633 3041 780 3094 adiuvetur.
809 3043 873 3110 quin
889 3043 968 3096 immo
986 3047 1013 3094 et
1029 3043 1053 3096 si

257 3107 288 3162 sie
299 3107 351 3160 adit
361 3109 438 3176 quasi
449 3123 482 3162 ex
496 3107 586 3162 debita
596 3109 720 3176 portione
729 3109 876 3174 institutus,
895 3125 957 3162 mox
968 3125 1050 3178 appa-

257 3175 378 3230 mileum
398 3175 526 3230 minorem
547 3183 651 3244 partem
675 3193 755 3244 qnam
773 3177 889 3244 speravit
907 3177 1050 3244 accepisse,

257 3243 429 3312 aequanimam
447 3249 489 3298 est
505 3241 608 3296 admitti
626 3259 687 3298 enm
704 3243 739 3298 ad
751 3260 829 3298 suum
842 3245 977 3296 euntium.
1005 3243 1052 3298 sed

256 3317 279 3364 at
296 3311 316 3364 si
335 3315 431 3364 testato
456 3311 622 3364 convenisset
643 3311 780 3376 heredem,
807 3319 838 3364 ut
864 3313 915 3364 sibi
935 3311 1052 3378 legatum

257 3379 399 3442 solveretur,
422 3393 483 3430 mox
506 3377 692 3446 paenituisset,
714 3385 779 3444 puto
803 3393 863 3430 eum
879 3393 959 3444 posse
976 3379 1051 3432 adiu-

259 3451 267 3498 t
297 3445 357 3500 vari.
392 3445 421 3500 Si
461 3451 571 3498 atronus
593 3445 710 3512 legatum
732 3445 784 3500 sibi
807 3445 929 3498 relictum
952 3443 1050 3512 adgno-

256 3513 311 3568 verit
335 3511 414 3580 idque
439 3461 521 3564 Fuerit
549 3511 675 3574 evictum,
706 3511 832 3580 competit
857 3511 882 3566 ei
907 3511 1051 3580 legitimum

257 3579 383 3644 auxilinm,
407 3579 469 3646 quia
485 3577 520 3642 id,
539 3577 611 3646 qnod
629 3577 747 3648 speravit
761 3595 791 3634 se
807 3579 972 3644 habiturum,
996 3595 1050 3634 non

256 3649 332 3702 habet.
366 3647 414 3702 sed
430 3651 457 3700 et
474 3647 496 3700 si
513 3661 567 3700 non
584 3651 670 3700 totum
688 3647 801 3700 eristum
819 3647 867 3712 sit,
890 3661 980 3700 verum
1002 3649 1050 3700 ali·

256 3733 300 3784 quo
315 3717 398 3768 minus
416 3713 496 3766 habet
503 3729 593 3832 fippam
605 3713 718 3780 putavit,
737 3713 788 3766 erit
799 3715 823 3766 ei
835 3713 1049 3768 subveniendum.

256 3787 268 3834 1
298 3785 322 3836 81
343 3797 417 3838 servo
439 3781 482 3836 vel
533 3781 558 3836 'o
581 3797 631 3836 suo
655 3779 756 3850 aliquid
777 3781 899 3834 relictum
920 3783 1050 3848 patronus

256 3851 409 3918 adgnoverit,
430 3847 540 3918 perinde
563 3863 581 3902 a
602 3855 697 3902 eontra
714 3847 822 3902 tabulas
839 3849 971 3902 bonorum
987 3865 1049 3916 pos-

256 3919 360 3972 sessione
377 3917 520 3984 repelletur
537 3919 617 3986 atqoe
635 3915 658 3970 si
676 3915 845 3982 adgnovisset
857 3915 909 3970 sibi
920 3915 1047 3970 relietum.

257 3991 267 4036 a
297 3985 345 4040 Sed
370 3991 396 4038 et
418 3985 441 4038 si
464 3983 556 4038 mortis
585 3997 667 4040 causa
693 3983 863 4038 donationem
888 3983 1050 4052 adgncverit,

256 4053 382 4108 dicendum
400 4057 440 4108 est
456 4051 550 4120 repelli
567 4067 627 4104 enm
650 4067 666 4104 a
685 4057 779 4104 contra
796 4051 903 4106 tabidas
920 4051 1051 4106 bonorum

256 4123 421 4190 possessione,
436 4119 484 4174 'sic
506 4123 607 4186 tamen,
632 4119 741 4186 sipost
763 4123 874 4174 mortem
896 4117 986 4174 liberti
1004 4117 1050 4172 ad-

255 4191 339 4258 gnovit.
374 4195 492 4244 ceterum
515 4189 538 4242 si
561 4187 586 4242 ei
607 4187 682 4242 vivus
705 4187 816 4242 libertus
841 4185 961 4252 donavit,
991 4187 1050 4240 1111ε

256 4257 357 4328 ademit,
380 4273 434 4310 non
454 4255 554 4310 idcireo
576 4255 628 4312 erit
650 4255 774 4324 reptdsns
798 4261 927 4310 econtra
944 4255 1050 4310 tabulas

255 4325 372 4380 bonorum
392 4325 574 4394 possessione,
606 4321 669 4392 quia
695 4328 786 4392 potest
813 4323 901 4378 dicere
929 4339 1051 4390 sperasse

255 4393 316 4462 quod
335 4393 363 4446 in
383 4395 542 4448 testamento
565 4405 670 4460 quoque
686 4397 780 4460 gratim
798 4393 871 4444 enea
889 4407 950 4446 eum
965 4391 1050 4456 fieret,

254 4459 390 4528 remittique
414 4459 438 4514 ei
459 4459 539 4514 debet
562 4459 652 4514 abeis
671 4459 799 4515 decedere
816 4459 857 4514 vel
876 4477 908 4514 ea
926 4473 1051 4528 compen-

255 4533 268 4578 t
297 4543 352 4582 sare
368 4527 561 4596 impertionem
578 4543 627 4596 pro
644 4533 705 4582 rata
713 4531 729 4582 ⁵.
762 4525 851 4594 Quare
870 4527 967 4582 dieitur
984 4531 1011 4582 et
1028 4525 1052 4582 si

255 4595 405 4650 condicionis
425 4595 575 4664 implendae
599 4611 681 4650 eausa
706 4595 770 4664 quid
791 4595 872 4648 fuerit
894 4597 985 4648 datum
1022 4609 1050 4650 a·

255 4667 322 4718 bono
338 4669 398 4732 post
414 4669 527 4718 mortem
542 4663 639 4730 liberti,
656 4663 750 4732 repelli
766 4679 825 4716 eum
839 4669 960 4718 econtra
971 4611 1051 4716 taiu-

254 4727 288 4784 laa
302 4731 429 4786 bonorum
446 4729 627 4800 possessione,
648 4731 725 4798 quasi
742 4729 897 4798 adgnoverit
914 4731 1049 4786 iudicium.

254 4801 267 4874 ζ)
297 4797 323 4852 81
341 4807 471 4868 patronus
491 4799 578 4852 minor
600 4799 677 4852 annis
704 4799 795 4866 viginti
823 4801 938 4870 quinque
963 4801 1051 4856 liberti

254 4865 367 4920 iudicium
389 4867 553 4936 adgnoverit,
575 4867 603 4920 in
620 4867 753 4936 integrum
770 4867 877 4922 restitui
894 4885 954 4924 eum
972 4885 1050 4938 opor·

254 4937 301 4984 tere
318 4937 507 5006 existimamus,
531 4941 562 4988 ut
578 4935 663 5002 possit
681 4939 776 4990 cenna
792 4935 901 4990 tabulas
919 4939 1049 5008 accipere.

282 4997 430 5058 dPnnrcs
449 5005 516 5060 libro
540 5003 647 5074 quadra
667 5003 767 5056 ausimo
790 5005 908 5058 secando
926 5005 963 5060 cd
980 5005 1050 5062 edre-

254 5071 302 5120 tum
332 5069 382 5152 Qui
404 5071 432 5124 in
455 5071 607 5128 servitutem
630 5021 755 5126 hdertum
776 5077 919 5140 paternum
935 5073 1050 5142 petierit,

253 5147 296 5188 nee
313 5153 416 5260 nonprenp
437 5139 581 5196 liberorum
604 5141 736 5196 bonorum
758 5139 955 5208 possessiouem
979 5145 1050 5196 acei-

269 5215 307 5258 ere
341 5221 357 5260 o
385 5221 417 5262 s.

252 5215 267 5268 p
284 5221 483 5330 inportunam
498 5275 566 5332 libro
579 5275 807 5348 quadrupeosimo
820 5281 918 5344 quarto
933 5277 970 5332 od
981 5275 1050 5332 edic-

253 5339 300 5388 lbm
332 5339 360 5394 81
380 5357 414 5396 ex
435 5345 554 5412 patronis
578 5345 657 5400 abnui
679 5343 849 5398 satisfactum
865 5361 920 5398 non
937 5345 987 5398 erit
1004 5343 1050 5412 ita,

252 5409 279 5454 nt
299 5405 341 5460 alii
362 5411 474 5488 amplius
498 5427 549 5466 sua
571 5413 693 5482 portione
715 5429 748 5468 ex
770 5413 847 5466 bonis
864 5411 953 5466 liberti
969 5411 1050 5466 relin-

252 5477 353 5538 quatur:
374 5491 413 5542 er,
431 5479 475 5534 cui
491 5479 659 5536 satisfactum
675 5479 812 5548 nouerit,
830 5479 869 5536 ita
886 5481 956 5534 actio
974 5479 1050 5534 dabi-

253 5539 301 5604 ur,
317 5547 347 5596 ut
362 5543 418 5600 eius
435 5547 522 5614 portio
540 5551 698 5616 suppleatur
715 5563 748 5602 ex
766 5563 810 5614 eo,
833 5547 904 5616 quod
922 5551 1050 5602 extraneo

253 5707 277 5770 lt)
293 5713 404 5776 nepotem
411 5717 501 5782 scripsi
509 5733 558 5766 eam
569 5719 603 5780 B,
611 5719 714 5782 nepotes
722 5719 748 5766 F
812 5719 846 5780 (a)
866 5719 900 5768 ed
911 5725 922 5776 ξ
934 5729 942 5768 1
953 5721 984 5782 cf.
996 5719 1011 5766 1.
1022 5727 1048 5766 tn

254 5779 332 5836 itt-t
419 5783 581 5846 (bisuntine.
641 5789 672 5848 (t)
693 5789 717 5834 et
727 5789 771 5836 ius.
782 5787 807 5834 F
810 5787 822 5818 ²
883 5789 914 5848 ta)
932 5785 1048 5850 prorata]

1039 351 1104 424 tte

1694 349 1865 416 XXXVIII
1887 357 1906 416 2

1103 535 1196 592 heredi
1212 543 1239 590 et
1256 537 1326 608 quod
1342 541 1455 606 patrono
1472 549 1554 605 supra
1571 547 1647 590 suam
1663 529 1813 608 portionem
1830 529 1907 584 relic·

1103 609 1161 658 tum
1182 609 1231 658 est.
1266 607 1356 660 eadem
1379 607 1447 660 ratio
1469 607 1496 658 et
1516 603 1545 656 in
1566 599 1687 670 pluribus
1709 601 1828 664 patrome
1852 613 1906 652 ser·

1106 677 1117 724 t
1154 673 1267 726 rabitur.
1301 673 1419 728 Iulianus
1442 673 1479 726 ait
1500 687 1572 736 eum,
1598 667 1644 738 qui
1666 665 1699 720 ab
1724 679 1772 718 avo
1794 679 1842 718 sno
1855 679 1906 746 ‚ex-

1103 739 1247 794 heredatus
1264 747 1312 808 est,
1331 741 1440 794 abonis
1458 739 1614 794 libertorum
1631 737 1688 792 eius
1706 747 1870 814 snmmpven,
1892 751 1908 788 a

1103 807 1188 874 patris
1212 823 1273 862 vero
1295 809 1337 862 sui
1357 807 1512 862 libertorum
1529 807 1605 862 bonis
1623 821 1677 862 uon
1694 803 1812 858 excludi:
1838 803 1907 870 quod

1103 875 1128 930 si
1145 889 1161 928 a
1178 883 1254 942 patre
1271 875 1306 928 sit
1323 873 1510 942 exheredatus,
1535 875 1569 928 ab
1587 889 1636 928 avo
1654 889 1708 928 non
1725 873 1771 940 sit,
1793 887 1848 926 non
1864 885 1906 926 so-

1103 943 1158 994 lum
1175 957 1192 994 a
1208 943 1363 996 libertorum
1399 947 1551 996 eternorum
1568 943 1652 1010 boum,
1670 957 1760 996 verum
1778 941 1856 994 etiam
1874 941 1907 994 ab

1104 1009 1146 1062 avi
1170 1025 1274 1078 qnoque
1296 959 1400 1090 excludi
1423 1009 1531 1078 debere,
1554 1009 1616 1078 quia
1636 1027 1685 1080 per
1701 1015 1805 1080 patrem
1823 1009 1908 1064 avitos

1104 1079 1212 1132 libertos
1231 1083 1414 1144 consequitur:
1438 1075 1509 1145 qnod
1532 1077 1554 1132 si
1577 1085 1653 1150 pater
1677 1079 1732 1134 eius
1755 1081 1789 1134 sit
1806 1079 1841 1134 ab
1859 1093 1907 1132 avo

1103 1147 1293 1212 exheredatus
1316 1147 1374 1214 ipse
1394 1161 1449 1200 noa
1470 1145 1518 1210 sit,
1542 1163 1622 1214 posse
1639 1153 1762 1216 nepotem
1779 1147 1909 1204 avitorum

1102 1215 1258 1270 libertorum
1276 1219 1370 1268 contra
1385 1211 1491 1268 tabulas
1508 1213 1638 1270 bonorum
1673 1217 1849 1272 assessionem
1862 1231 1907 1286 pe·

1103 1291 1167 1338 tere.
1202 1283 1270 1336 idem
1289 1281 1339 1350 ait,
1358 1281 1380 1336 si
1397 1287 1474 1352 pater
1491 1297 1533 1336 me
1550 1233 1729 1354 exheredavit,
1751 1301 1817 1340 avus
1835 1301 1909 1342 meus

1103 1357 1205 1422 patrem
1222 1367 1309 1404 meum
1327 1357 1353 1404 et
1363 1351 1410 1472 lpiri
1427 1367 1442 1404 r
1459 1365 1527 1432 avus
1542 1351 1695 1420 decesserit,
1718 1355 1752 1410 ab
1770 1355 1909 1424 utriusque

1102 1421 1203 1474 libertis
1231 1435 1273 1474 me
1300 1433 1363 1486 repe
1398 1439 1404 1472 ε
1432 1417 1479 1474 sed
1506 1435 1530 1472 ει
1556 1425 1618 1474 anm
1641 1429 1719 1490 pater
1745 1423 1909 1488 decessisset,

1103 1495 1197 1558 postea
1220 1503 1297 1552 avus,
1322 1485 1461 1542 dicendum
1482 1487 1533 1540 erit
1550 1487 1614 1540 nihil
1631 1489 1694 1544 mihi
1712 1507 1808 1546 nocere
1826 1491 1909 1562 patris

1103 1555 1334 1612 exheredationem
1352 1555 1385 1608 ad
1403 1555 1534 1610 avitorum
1550 1555 1706 1612 libertorum
1723 1559 1802 1614 bona.

1140 1623 1175 1684 11
1201 1625 1344 1680 incrinus
1371 1625 1440 1678 libro
1469 1625 1611 1678 vicensimo
1640 1633 1718 1680 scaete
1746 1627 1908 1698 dipestoram

1103 1693 1180 1762 Quod
1205 1693 1229 1748 si
1255 1697 1332 1762 pater
1356 1707 1429 1746 meus
1457 1697 1573 1760 apatre
1596 1707 1644 1748 sno
1669 1693 1703 1748 sit
1724 1695 1908 1760 exheredatus,

1103 1777 1151 1832 ego
1169 1777 1254 1832 neque
1271 1777 1288 1816 a
1304 1765 1379 1832 patre
1396 1777 1455 1816 meo
1478 1775 1563 1828 neque
1587 1759 1620 1814 ab
1640 1777 1701 1828 avo,
1726 1769 1830 1818 mortuo
1853 1765 1909 1834 qui-

1103 1831 1162 1884 dem
1185 1835 1262 1900 patre
1286 1837 1312 1882 et
1334 1829 1460 1884 adversus
1483 1831 1566 1882 avitos
1591 1833 1617 1882 et
1640 1829 1767 1884 adversus
1784 1837 1910 1900 paternos

1103 1899 1212 1954 libertos
1230 1899 1272 1952 ius
1288 1899 1405 1964 habebo,
1427 1897 1530 1952 vivente
1551 1903 1641 1966 patre,
1664 1899 1790 1966 quamdiu
1812 1899 1841 1954 iu
1862 1917 1909 1968 po·

1102 1971 1199 2020 testate
1217 1969 1272 2022 eius
1291 1981 1348 2032 ero,
1369 1981 1423 2020 non
1439 1971 1530 2036 petam
1547 1969 1641 2020 eontra
1657 1965 1763 2020 tabutas
1781 1967 1910 2020 avitomm

1103 2035 1258 2088 libertorum
1276 2035 1405 2088 bonorum
1422 2033 1629 2104 possessionem,
1652 2035 1835 2102 emancipatus
1857 2051 1910 2088 non

1102 2105 1294 2164 summovebor.

1139 2167 1177 2226 12
1201 2171 1344 2224 Uarianos
1360 2169 1426 2224 libro
1445 2169 1671 2240 qoodropcate'mo
1684 2173 1782 2238 quarto
1793 2167 1831 2220 od
1841 2167 1910 2222 edic-

1103 2243 1158 2290 tum
1194 2239 1222 2290 Si
1238 2245 1368 2308 patronus
1385 2241 1544 2292 testamento
1556 2239 1614 2290 iure
1623 2235 1730 2290 militari
1741 2235 1814 2290 facto
1827 2233 1910 2288 fihnm

1103 2305 1208 2360 silentio
1226 2305 1432 2370 exheredaverit,
1451 2305 1558 2360 debebit
1575 2319 1672 2358 nocere
1689 2303 1715 2356 ei
1727 2301 1910 2356 exheredatio:

1107 2379 1113 2424 1
1154 2389 1244 2426 verum
1262 2377 1303 2428 est
1320 2373 1388 2428 enim
1405 2373 1478 2426 hunc
1496 2371 1683 2426 exheredatum
1702 2371 1786 2424 esset
1814 2367 1911 2436 Siquis

1103 2439 1227 2494 libertum
1251 2441 1305 2494 lilio
1330 2457 1377 2494 suo
1402 2439 1578 2508 adsignaverit
1601 2455 1713 2506 eumque
1736 2435 1912 2518 exheredave-

1103 2509 1149 2574 rit,
1172 2507 1277 2560 admitti
1296 2513 1384 2576 potest
1401 2507 1436 2560 ad
1453 2509 1584 2562 bonorum
1602 2507 1690 2562 liberti
1707 2519 1902 2574 possessorem

1104 2579 1119 2628 2
1155 2575 1184 2626 Si
1202 2575 1259 2644 quis
1277 2591 1332 2628 non
1349 2575 1419 2628 mala
1436 2581 1523 2630 mente
1539 2575 1658 2644 parentis
1675 2573 1851 2628 exheredatus
1868 2573 1911 2636 sit,

1103 2641 1151 2696 sed
1174 2641 1227 2694 alia
1248 2659 1281 2696 ex
1303 2657 1398 2708 causa,
1423 2641 1591 2698 exheredatis
1614 2641 1667 2710 ipsi
1688 2659 1743 2696 non
1766 2645 1858 2694 nocet:
1882 2645 1911 2692 ut

1103 2713 1169 2776 puta
1185 2725 1256 2776 pone
1274 2709 1370 2764 furoris
1389 2725 1471 2764 eausa
1488 2709 1677 2764 exheredatum
1698 2725 1759 2764 eum
1781 2707 1822 2762 vel
1842 2707 1911 2772 ideo,

1104 2777 1167 2844 quia
1189 2777 1309 2844 impubes
1332 2785 1402 2842 erat,
1426 2777 1602 2846 heredemque
1622 2777 1773 2830 institutum
1790 2779 1911 2844 rogatum

1105 2849 1119 2896 3
1155 2845 1180 2896 ei
1196 2845 1336 2898 restituere
1353 2845 1534 2898 hereditatem.
1568 2845 1680 2912 Siquis,
1700 2859 1761 2896 cum
1779 2849 1850 2896 esset
1868 2857 1911 2896 ex-

1102 2909 1254 2974 heredatus,
1273 2911 1462 2978 pronuntiatus
1479 2911 1521 2964 vel
1556 2927 1675 2980 erperam
1688 2911 1724 2966 sit
1735 2911 1912 2964 exheredatus

1103 2993 1247 3096 pondesse,
1263 2991 1365 3098 ponsre
1385 2977 1492 3096 editurzt
1511 2929 1821 3098 εει1εεὲε1εὲίῂεᾱίεε1ἰε
1839 2983 1911 3100 εἴξειε-

1172 3059 1283 3098 umes.
1329 3061 1340 3096 v
1394 3061 1428 3098 us
1464 3061 1791 3100 aromexereausm
1828 3061 1912 3098 aem

1104 3111 1249 3178 optinuerit
1266 3111 1299 3164 de
1316 3061 1472 3176 aumarsnil,
1490 3111 1518 3166 in
1535 3117 1637 3181 partem
1655 3113 1741 3166 vietus
1760 3111 1802 3178 sit,
1808 3061 1911 3166 pvidea-

1103 3195 1178 3244 mns,
1200 3193 1235 3230 an
1256 3183 1353 3232 noceat
1373 3177 1398 3232 ei
1416 3179 1594 3232 exheredatio.
1629 3183 1656 3232 et
1673 3193 1770 3232 nocere
1787 3181 1911 3244 arbitror,

1104 3245 1167 3314 quia
1193 3249 1380 3300 testamentum
1407 3247 1491 3310 valet,
1523 3247 1556 3300 a⁷
1586 3263 1637 3314 quo
1662 3245 1838 3302 exheredatus
1861 3251 1909 3300 est.

1103 3319 1118 3364 5
1153 3313 1197 3364 Ex
1214 3317 1372 3366 testamento
1391 3319 1489 3376 autem,
1513 3329 1545 3366 ex
1568 3329 1619 3381 quo
1641 3329 1727 3382 neque
1745 3313 1818 3366 adita
1835 3313 1910 3366 here-

1103 3379 1173 3434 ditas
1190 3385 1232 3434 eet
1248 3393 1335 3446 neque
1352 3379 1434 3446 petita
1451 3379 1582 3434 bonorum
1599 3379 1741 3448 possessio,
1760 3379 1850 3434 liberis
1865 3395 1911 3432 ex-

1103 3445 1239 3500 heredatio
1257 3463 1311 3500 non
1328 3451 1421 3500 nocet:
1440 3445 1585 3500 absurdum
1603 3453 1643 3500 est
1660 3447 1728 3500 enim
1745 3449 1773 3500 in
1784 3447 1836 3500 hoo
1851 3451 1910 3500 tan·

1102 3519 1159 3568 tum
1177 3513 1263 3566 valere
1280 3517 1479 3578 testamentum,
1497 3517 1528 3566 nt
1546 3513 1715 3568 exheredatio
1733 3515 1832 3582 vigeat,
1851 3529 1911 3568 cum

1103 3587 1119 3634 6
1154 3581 1219 3634 alias
1242 3595 1296 3634 non
1313 3581 1409 3634 valeat.
1445 3579 1473 3634 81
1496 3581 1602 3648 patroni
1624 3581 1694 3634 lilius
1715 3581 1804 3650 priore
1826 3583 1911 3650 gradu

1103 3649 1138 3702 sit
1158 3649 1236 3702 heres
1259 3649 1386 3714 scriptus,
1416 3649 1533 3702 secundo
1558 3649 1746 3712 exheredatus,
1770 3649 1834 3702 hnic
1856 3665 1911 3702 non

1103 3721 1182 3768 nocet
1200 3713 1380 3780 exheredatis,
1406 3731 1466 3766 oum
1482 3715 1617 3770 voluntate
1635 3715 1719 3784 patris
1737 3715 1778 3770 vel
1795 3715 1912 3770 extiterit

1102 3783 1179 3836 heres
1196 3781 1238 3834 vel
1255 3781 1368 3836 existere
1385 3781 1515 3862 potuerit:
1539 3799 1625 3850 neque
1647 3781 1716 3838 enim
1734 3783 1812 3838 debet
1829 3781 1911 3838 videri

1102 3853 1179 3916 pater
1199 3849 1335 3916 indignum
1357 3851 1521 3904 existimasse
1542 3849 1626 3904 filium
1647 3851 1724 3904 bonis
1745 3851 1911 3916 libertorum,

1103 3931 1180 3984 quem
1199 3915 1233 3970 ad
1250 3915 1424 3970 hereditatem
1440 3931 1517 3970 suam
1535 3919 1648 3984 primum
1662 3919 1803 3972 vocaverit.
1831 3931 1863 3970 ac
1878 3935 1911 3972 ne

1103 3999 1164 4036 eum
1187 3983 1292 4052 quidem
1314 3983 1518 4038 existimandum
1544 3989 1585 4040 est
1609 3985 1767 4038 summoveri
1794 4001 1811 4038 a
1835 3985 1911 4040 bonis

1101 4051 1203 4116 liberti,
1222 4049 1268 4120 qui
1286 4067 1302 4104 a
1317 4051 1403 4120 primo
1420 4051 1505 4120 gradu
1523 4051 1698 4108 exheredatus
1718 4057 1743 4106 et
1760 4051 1830 4106 idem
1847 4053 1910 4108 eub-

1103 4119 1212 4200 stitutus
1238 4125 1286 4174 est.
1328 4135 1390 4188 ergo
1415 4119 1450 4186 is,
1481 4119 1527 4200 qui
1551 4119 1688 4198 institutos
1712 4119 1746 4174 sit
1767 4119 1845 4174 heres
1860 4119 1911 4200 ‘vel

1101 4185 1911 4334 tattttttttttttttttatt}thalamania

1103 4327 1116 4374 1
1152 4339 1169 4378 a
1193 4321 1283 4378 liberti
1307 4323 1393 4378 bonis.
1435 4321 1464 4378 st
1493 4327 1599 4392 patrem
1627 4321 1697 4376 tilius
1726 4321 1911 4390 emancipatus

1101 4391 1216 4444 noluerit
1238 4391 1311 4444 adire
1334 4391 1509 4446 hereditatem
1532 4391 1573 4444 vel
1596 4389 1642 4458 qui
1663 4389 1692 4442 in
1714 4393 1847 4458 potestate
1871 4395 1911 4444 est

1100 4459 1228 4582 petpnpre,
1252 4459 1334 4514 nihilo
1358 4457 1444 4512 minus
1461 4457 1550 4512 liberti
1566 4457 1698 4512 bonorum
1714 4457 1910 4524 possessionem

1121 4527 1220 4580 seit.

1138 4591 1175 4652 13
1201 4595 1346 4648 inerrans
1373 4593 1442 4648 libro
1469 4593 1610 4648 vicensimo
1637 4593 1716 4646 secto
1746 4591 1910 4660 dipestornm

1101 4661 1186 4716 Filius
1197 4663 1305 4732 patroni
1317 4661 1501 4726 exheredatus,
1519 4659 1636 4728 quamvis
1649 4673 1731 4726 nepos
1744 4675 1778 4714 ex
1789 4673 1821 4712 eo
1832 4659 1909 4714 heres

1102 4729 1217 4798 scriptus
1235 4729 1323 4794 tirerit,
1343 4729 1473 4784 bonorum
1486 4729 1681 4798 possessionem
1697 4731 1789 4780 eontra
1802 4727 1910 4782 tabulas

1102 4801 1275 4866 patemornnr
1301 4797 1458 4852 libertorum
1485 4795 1608 4864 accipere
1635 4811 1689 4850 non
1715 4801 1819 4864 potest:
1847 4795 1911 4852 licet

1103 4867 1171 4920 enim
1187 4867 1355 4920 necessarius
1372 4867 1470 4920 existat
1485 4865 1557 4934 patri
1574 4879 1632 4930 suo,
1649 4879 1704 4918 non
1721 4879 1769 4932 per
1786 4867 1908 4936 semetip-

1101 4951 1173 5000 sum,
1197 4933 1245 4990 sed
1266 4933 1416 5002 paralium
1436 4933 1473 4988 ad
1494 4931 1668 4986 hereditatem
1691 4933 1846 4986 admittitur.
1883 4941 1909 4988 et

1103 5007 1173 5056 certe
1187 5007 1305 5056 constat:
1325 5001 1348 5056 si
1361 5001 1543 5080 emancipatos
1556 4999 1626 5080 filius
1640 4999 1815 5080 exheredatus
1830 5001 1910 5056 inerit

1101 5077 1128 5126 et
1145 5087 1237 5126 servus
1255 5071 1312 5126 eins
1328 5071 1406 5124 heres
1424 5075 1553 5138 scriptus,
1578 5075 1629 5124 etsi
1645 5071 1752 5126 iusserit
1769 5085 1845 5126 servo
1861 5071 1908 5124 he-

1101 5139 1239 5194 reditatem
1262 5137 1336 5194 adire
1353 5143 1380 5194 et
1397 5137 1436 5192 ita
1452 5137 1524 5206 patri
1541 5153 1590 5194 suo
1607 5139 1686 5194 heres
1703 5141 1832 5206 extiterit,
1856 5155 1909 5194 non

1101 5209 1211 5262 habebit
1229 5213 1323 5288 eontra
1339 5207 1445 5262 tabulas
1463 5213 1635 5276 paternomm
1650 5207 1806 5264 libertorum
1823 5209 1908 5264 bono·

1101 5291 1161 5330 rum
1178 5291 1379 5346 possessmnem.

1138 5341 1176 5400 14
1199 5343 1345 5398 Uarianos
1359 5343 1427 5398 libro
1442 5345 1667 5416 quadrupeasimo
1681 5347 1774 5416 quinto
1789 5345 1827 5400 cd
1840 5347 1909 5400 edic-

1103 5415 1158 5464 tum
1192 5411 1257 5478 Qui,
1281 5429 1341 5466 oum
1357 5411 1442 5468 maior
1459 5419 1525 5468 natu
1542 5421 1612 5470 esset
1630 5431 1709 5484 quam
1725 5413 1818 5482 viginti
1833 5413 1908 5482 qnin-

1102 5495 1153 5546 que
1171 5479 1263 5544 annis,
1286 5479 1430 5536 libertum⁸
1451 5481 1545 5552 eapitis
1562 5483 1727 5538 accusaverit
1744 5487 1791 5536 aut
1807 5481 1836 5536 in
1853 5497 1908 5536 ser·

1101 5547 1210 5600 ututem
1227 5549 1341 5618 petierit,
1358 5557 1509 5604 removetur
1521 5565 1538 5604 a
1552 5557 1646 5604 eontra
1659 5549 1767 5604 tabulas
1778 5551 1909 5602 bonorum

1101 5731 1146 5778 pre
1155 5733 1182 5766 re
1191 5717 1248 5766 data
1257 5737 1304 5770 sor.

1103 5785 1134 5846 15)
1152 5787 1284 5848 paternum
1292 5789 1337 5840 inv.

1397 5721 1429 5786 (b)
1445 5721 1593 5788 principiam
1602 5741 1645 5770 om.
1658 5721 1684 5770 F
1688 5721 1695 5750 ¹
1787 5719 1820 5782 111
1837 5717 1910 5772 attat.

1676 5871 1708 5920 ta
