4366 6258
287 361 393 426 XXXI
990 363 991 366 ’
1075 349 1139 424 442
1724 369 1769 418 on
1790 367 1928 418 anonim

282 547 318 600 ad
334 545 417 598 filium
433 541 589 612 pertineant.
624 541 756 610 respondi,
774 545 798 598 si
813 541 879 598 fides
898 541 1026 612 epistulae
1038 557 1080 598 re·
1131 537 1158 596 et
1175 539 1350 596 coheredibus
1366 539 1562 594 fideicommissi
1578 537 1671 608 petitio
1688 541 1760 592 esset
1776 553 1810 592 an
1828 555 1929 594 veroea

281 615 361 668 lictae
380 617 524 678 constaret,
551 611 651 676 deberi,
674 625 741 676 quae
761 613 789 664 in
809 613 858 666 ea¹
880 611 944 666 dare
965 627 993 666 se
1013 611 1081 666 velle
1130 615 1266 680 perempta
1287 613 1368 676 esset,
1394 625 1455 664 cum
1476 607 1648 664 communiter
1668 607 1791 682 universa
1811 611 1929 676 sequenti

286 687 296 732 1
332 679 495 748 significavit.
540 679 591 748 Qui
611 679 749 734 indivisam
771 679 934 734 cumfratre
956 695 1082 736 suarem
1131 679 1257 732 creditori
1286 677 1466 760 obligaverint.
1512 675 1638 746 respondi
1667 677 1797 732 ardonem
1826 677 1929 746 quidem

283 747 409 814 habebat,
435 745 503 802 filias
524 763 586 800 suas
607 745 716 802 heredes
741 747 872 802 institnit²
893 751 919 802 et
938 747 978 802 ita
998 747 1080 802 cavit:
1130 745 1324 802 fideicommissi
1340 761 1369 800 m
1385 761 1527 814 personam
1544 749 1735 814 competentem
1753 745 1873 800 omnibus
1889 745 1929 802 in-

284 819 400 882 ‘propter
415 829 458 868 res
476 815 611 868 universas
629 829 696 880 quae
711 817 776 868 mihi
794 833 852 870 cum
868 815 915 868 illo
931 815 1014 870 fratre
1022 831 1081 870 meo
1130 815 1215 868 men
1230 829 1349 868 manere:
1367 830 1422 868 non
1439 819 1527 868 autem
1542 811 1773 868 fideicommissum
1790 815 1929 868 restituen-

284 885 387 950 ‘patruo
412 889 498 936 vestro
524 897 675 936 comunes
700 891 774 950 sunt,
801 899 866 950 quas
892 883 1081 938 aestimationis
1131 881 1194 936 dum
1211 889 1259 948 est,
1277 881 1328 936 nisi
1344 883 1418 952 prius
1436 883 1553 938 debitum
1570 883 1604 936 ab
1622 883 1660 938 eis
1674 883 1786 952 emptori
1796 883 1929 952 eidemque

284 949 440 1002 ‘consdterit
456 949 658 1004 esseuniversas
677 949 729 1004 duo
745 951 1002 1016 milinmanreorum,
1019 949 1082 1006 fidei
1131 955 1146 1002 5
1182 949 1305 1006 coharedi
1321 951 1522 1018 persolveretur.
1562 949 1647 1006 Filiae
1668 949 1732 1004 fidei
1753 951 1929 1006 commisitin

284 1021 394 1072 ‘vestrae
411 1017 552 1082 committo,
569 1017 610 1068 uti
617 1033 666 1084 pro
674 1019 796 1084 portione
808 1023 897 1072 vestra
905 1019 976 1072 mille
985 1033 1081 1072 aureos
1130 1017 1198 1072 haec
1214 1019 1307 1072 verba:
1325 1021 1395 1086 ‘peto
1412 1033 1429 1072 a
1444 1023 1480 1084 te,
1496 1017 1552 1072 dlia
1568 1033 1634 1084 mea,
1652 1023 1683 1072 ut
1699 1017 1813 1072 dotalem
1831 1019 1930 1072 caudo-

284 1087 309 1138 ‘a
324 1083 449 1138 Lucretio
466 1083 939 1162 Pacatopatruovesuuaccipiatis':
956 1087 1081 1138 huictes-
1132 1087 1200 1138 ‘nem
1219 1091 1412 1154 postmortem
1436 1101 1522 1138 meam
1541 1091 1626 1140 mutes
1648 1087 1734 1140 etita
1754 1101 1876 1150 renoves,
1902 1095 1931 1138 nt

282 1155 398 1204 tomento
425 1151 602 1216 quinquennio
630 1151 775 1220 supervixit
801 1153 846 1204 et³
871 1153 976 1204 abunde
997 1153 1081 1220 patri-
1131 1151 1237 1206 ‘iratres
1253 1153 1292 1204 tui
1309 1153 1397 1206 dotem
1413 1153 1605 1222 stipularentur
1619 1153 1672 1206 hoc
1690 1169 1762 1220 casu,
1781 1159 1818 1218 ut,
1836 1153 1860 1206 si
1876 1153 1930 1208 sine

282 1217 399 1270 monium
414 1217 532 1284 reliquit:
552 1219 714 1284 quaesituml
731 1225 779 1284 est,
797 1233 832 1270 an
844 1219 954 1272 heredes
963 1219 1082 1272 Lucretii
1132 1219 1229 1274 ‘liberis
1248 1235 1300 1274 runo
1322 1219 1476 1286 pluribusve
1495 1219 1524 1272 in
1543 1219 1710 1274 matrimonio
1730 1219 1862 1284 morieris,
1884 1219 1930 1274 dos

283 1285 375 1338 Paesti
391 1285 536 1338 secundum
552 1285 632 1338 verba
649 1303 730 1354 supra
747 1285 993 1352 scriptaoffereutes
1010 1285 1082 1340 mille
1132 1285 1174 1340 ‘ad
1191 1301 1237 1342 eos
1254 1285 1406 1354 perveniat.
1440 1291 1503 1354 post
1518 1291 1629 1342 mortem
1637 1287 1722 1354 patris
1730 1287 1860 1342 decessitfi
1876 1303 1929 1340 ma-

283 1367 377 1406 eureos
397 1351 627 1406 fideicommissum
647 1357 850 1420 consequantur.
893 1353 1019 1420 respondi
1040 1369 1080 1408 se·
1130 1353 1206 1420 ritus,
1224 1359 1365 1422 antequam
1381 1359 1554 1408 renovaretur
1571 1357 1659 1410 caude
1677 1355 1781 1420 dotalis,
1799 1359 1826 1408 et
1839 1357 1929 1422 postea

284 1419 398 1474 cundum
415 1435 447 1472 ea
464 1435 531 1486 quae
567 1425 759 1488 reponerentur
780 1419 939 1474 nonfacere
960 1421 1081 1474 volunta·
1131 1421 1176 1474 alii
1193 1427 1277 1488 nupta
1293 1421 1407 1474 decessit
1423 1421 1497 1474 nullo
1518 1423 1662 1476 liberorum
1678 1423 1783 1488 relicto,
1804 1421 1863 1476 vivo
1886 1421 1929 1474 ad-

283 1491 342 1554 tem,
360 1491 390 1540 nt
407 1487 530 1540 universa
576 1489 611 1542 tis
625 1487 754 1542 millenis⁵
771 1487 858 1540 aureis
872 1487 1082 1554 restituerentur,
1131 1489 1184 1540 hnc
1201 1489 1272 1542 Titio
1289 1505 1343 1542 unu
1360 1487 1542 1544 exfratribus.
1577 1489 1784 1556 quaesitnmest,
1802 1487 1931 1542 anTitius

283 1553 329 1608 sed
345 1555 546 1622 aestimationis,
569 1571 637 1624 quae
653 1555 745 1608 mortis
762 1559 816 1608 tem
836 1571 880 1608 ore
897 1555 925 1606 in
941 1555 1022 1608 rebus
1039 1555 1082 1606 iu·
1130 1555 1284 1624 petitionem
1304 1557 1415 1610 haberet
1434 1571 1535 1622 rerum,
1561 1571 1629 1624 quae
1653 1555 1681 1608 in
1708 1555 1797 1608 dotem
1817 1555 1929 1608 fuerant.

283 1627 297 1674 ’2
332 1627 396 1688 erat,
416 1621 574 1678 oblationem
593 1623 687 1678 debere
703 1621 770 1674 fieri.
825 1623 873 1686 eio,
897 1637 974 1690 quem
990 1621 1083 1676 heredi
1130 1621 1257 1702 respondi
1272 1639 1351 1690 posse
1373 1622 1604 1678 fideicommissum
1621 1621 1655 1676 ab
1676 1623 1816 1678 heredibus
1835 1623 1931 1676 sororis

283 1689 462 1756 substituerat,
480 1691 518 1744 ita
535 1691 641 1758 legavit:
661 1687 736 1754 ‘Seia
756 1689 849 1742 simibi
866 1691 942 1744 heres
960 1705 1014 1742 non
1024 1689 1082 1756 erit,
1131 1695 1194 1756 peu,
1215 1689 1239 1744 si
1256 1705 1303 1756 per
1320 1705 1379 1744 eam
1396 1691 1482 1758 stetit,
1508 1707 1560 1758 quo
1577 1691 1664 1744 minus
1682 1689 1770 1744 dotem
1786 1689 1869 1744 irater
1886 1691 1930 1744 sti·

283 1749 318 1810 ‘et
343 1757 420 1812 uxori
444 1759 501 1812 eius
525 1757 671 1812 Marcellae
696 1759 798 1836 argenti
824 1757 908 1810 libras
934 1755 1083 1836 quindecim
1133 1763 1149 1836 d
1184 1759 1329 1836 pularetur.
1370 1757 1467 1836 Filium
1488 1765 1515 1810 et
1539 1757 1621 1810 filiam
1641 1757 1751 1810 heredes
1772 1757 1887 1836 instituit
1907 1765 1932 1812 et

283 1819 349 1878 ‘dari
365 1825 441 1880 volo'.
477 1841 587 1894 quaero,
610 1841 670 1876 cum
687 1823 762 1878 Serus
785 1825 861 1878 heres
884 1829 1025 1890 exstiterrt,
1048 1839 1083 1876 an
1131 1825 1233 1878 hberhs
1250 1825 1336 1892 legata
1354 1825 1427 1878 dedra
1443 1839 1586 1894 eorumque
1601 1823 1665 1878 fidei
1679 1825 1807 1878 commisit
1823 1841 1852 1876 m
1867 1825 1932 1878 haee

282 1891 426 1948 Marcellae
436 1893 516 1962 legati
527 1891 633 1946 dimidia
644 1891 732 1960 portio
743 1891 879 1946 debeatur.
903 1891 1029 1960 respondi
1040 1907 1083 1946 se·
1132 1893 1224 1946 verba:
1244 1895 1269 1944 ‘a
1285 1891 1359 1948 vobis
1376 1897 1446 1960 peto,
1465 1897 1495 1944 ut
1512 1891 1639 1960 quidquid
1659 1891 1734 1946 vobis
1750 1891 1848 1960 legavi,
1871 1909 1931 1944 con-

284 1965 297 2014 3
332 1959 447 2014 cundum
469 1977 500 2016 ea
521 1975 591 2028 quae
611 1965 823 2026 proponerentur
845 1959 943 2014 deberi.
982 1959 1083 2012 Lucius
1133 1959 1206 2014 ‘tenti
1223 1957 1281 2014 sitis
1299 1959 1423 2026 viventes,
1441 1963 1473 2012 nt
1487 1965 1548 2026 post
1565 1975 1611 2014 vos
1619 1959 1681 2012 filiis
1694 1959 1759 2012 meis
1770 1959 1932 2014 restituatis'.

282 2029 368 2084 Titius
388 2029 513 2084 intestato
534 2027 690 2092 maritimus,
714 2041 774 2080 cum
795 2029 906 2082 haberet
925 2043 1035 2080 uxorem
1057 2033 1084 2080 et
1133 2025 1258 2080 defuncta
1274 2027 1419 2082 testatricis
1436 2025 1491 2080 iilia
1507 2027 1612 2080 Maevia
1628 2027 1740 2082 libertus
1757 2025 1871 2080 decessit
1886 2025 1931 2080 be-

282 2113 315 2152 ex
331 2113 363 2150 ea
380 2095 461 2150 liliam
478 2095 680 2164 emancipatam,
703 2093 831 2148 cofficillis
851 2097 918 2150 haec
939 2095 1022 2148 verba
1042 2095 1083 2148 in-
1133 2095 1195 2148 rede
1212 2093 1351 2148 instituto⁷
1369 2099 1497 2162 patronae
1514 2093 1569 2148 fibo
1586 2109 1620 2148 ex
1636 2099 1713 2164 parte
1731 2093 1827 2160 debita,
1846 2109 1879 2148 ex
1895 2095 1932 2146 al-

282 2165 375 2218 seruit:
403 2163 544 2232 ‘pertinent
563 2167 652 2216 numm
667 2163 705 2222 ,hi
731 2161 846 2216 codicilli
871 2161 906 2216 ad
926 2179 1035 2216 uxorem
1057 2169 1084 2218 et
1132 2169 1191 2216 tera
1206 2167 1345 2216 extraneo:
1364 2161 1513 2230 quaesitum
1529 2167 1576 2228 est,
1595 2177 1631 2216 an
1647 2161 1719 2216 adita
1731 2161 1878 2216 hereditate
1886 2177 1932 2230 pa-

282 2231 378 2284 ‘filiam
413 2233 527 2300 primum
544 2235 632 2284 autem
648 2245 721 2296 rogo,
739 2229 778 2284 sic
795 2231 865 2284 inter
881 2245 927 2284 vos
942 2231 1035 2298 agetis,
1053 2235 1084 2284 ut
1133 2235 1227 2284 tronae'
1241 2227 1313 2284 filius
1330 2243 1347 2284 a
1364 2227 1494 2284 coherede
1511 2245 1560 2284 suo
1576 2235 1680 2296 partem
1697 2245 1796 2296 eorum,
1817 2245 1886 2296 quae
1904 2245 1932 2282 ex

282 2303 331 2354 ‘me
347 2299 405 2352 vivo
424 2299 513 2366 egistis
530 2299 619 2366 itaque
636 2313 708 2364 rogo,
726 2305 756 2350 ut
765 2299 891 2366 quidquid
901 2303 948 2350 aut
956 2315 1003 2368 ego
1021 2299 1083 2352 reli·
1133 2301 1290 2352 testamento
1307 2297 1399 2350 matris
1417 2295 1452 2350 ad
1467 2295 1600 2350 Maesium
1616 2299 1740 2350 libertum
1753 2305 1932 2364 pervenerant,

282 2371 371 2434 ‘quero
394 2371 441 2420 aut
461 2365 533 2434 quod
552 2365 690 2432 vosipsae
711 2365 826 2432 habetis,
850 2383 987 2420 commune
1008 2367 1083 2420 vobis
1152 2371 1222 2420 etere
1238 2371 1335 2434 potest,
1371 2363 1496 2434 respondi
1512 2365 1577 2430 eius,
1600 2365 1671 2432 quod
1691 2365 1716 2418 ei
1738 2365 1890 2430 deberetur,
1913 2367 1934 2420 si

282 2435 341 2488 ‘sit’.
375 2431 432 2488 lilia
448 2433 567 2486 intestati
583 2431 667 2500 patris
684 2431 815 2488 bonorum
845 2433 1020 2488 assessionem
1038 2449 1083 2488 ac·
1133 2381 1307 2488 deraditatem
1326 2449 1380 2488 non
1402 2431 1511 2500 adisset,
1533 2437 1636 2500 partem
1658 2449 1674 2486 a
1697 2431 1826 2486 coherede
1846 2437 1935 2500 petere

281 2503 363 2568 cepit:
389 2499 537 2568 quaeritur,
563 2515 599 2554 an
623 2499 713 2566 aliqua
737 2515 801 2568 pars
825 2449 980 2554 Emeditatis
1005 2501 1084 2554 Lucii
1134 2505 1148 2552 Ἰ
1184 2517 1272 2568 posse.
1307 2501 1420 2572 Maritus
1438 2515 1548 2554 uxorem
1564 2515 1597 2554 ex
1606 2515 1665 2554 asse
1682 2499 1933 2566 heredeminstituit,

281 2569 344 2622 Titii
360 2583 394 2622 ex
411 2583 493 2622 cansa
513 2567 708 2620 fideicommissi
729 2583 745 2620 a
766 2569 822 2622 filia
842 2569 921 2622 matri
942 2569 1084 2622 deberetur
1134 2569 1210 2622 cuius
1227 2573 1290 2638 post
1309 2575 1421 2624 mortem
1447 2567 1582 2624 codicillos
1604 2567 1702 2638 aperiri
1727 2573 1839 2624 testator
1859 2577 1935 2636 prae-

281 2641 307 2692 et
323 2641 413 2704 quota.
447 2635 573 2708 respondi
590 2635 735 2690 secuudum
743 2651 775 2690 ea
793 2651 860 2704 quae
872 2641 1085 2706 proponerentur
1135 2635 1216 2704 cepit:
1238 2635 1377 2704 praedium
1393 2635 1582 2692 hereditarium
1598 2653 1667 2690 uxor
1682 2635 1878 2700 infructuosum
1894 2653 1935 2690 ra·

281 2703 413 2758 dimidiam
430 2709 533 2772 partem
551 2703 648 2770 deberi,
671 2705 789 2758 simodo
806 2719 876 2758 uxor
892 2709 987 2774 parata
1004 2705 1039 2760 sit
1055 2705 1084 2758 iu
1133 2705 1200 2758 tioni
1221 2719 1286 2758 suae
1307 2705 1461 2760 existimans
1483 2703 1611 2760 vendidit:
1637 2709 1740 2774 emptor
1761 2705 1875 2774 quaerit,
1903 2721 1935 2758 an

281 2779 468 2854 tUcommune
485 2773 557 2854 bona
573 2787 622 2852 sua
640 2773 768 2826 conferre.
804 2773 936 2840 Quattuor
952 2773 1021 2854 iilius
1038 2787 1083 2828 ae·
1133 2773 1273 2854 retractari
1290 2773 1357 2854 haec
1374 2773 1490 2854 venditio
1507 2773 1593 2842 possit
1606 2779 1671 2894 §ost
1686 2777 1799 2852 mortem
1820 2773 1935 2854 mulieris

280 2839 1084 2976 remediabiliterdistraheretur
1133 2839 1937 2976 ttbvrlttltettttllatafiterrasteiras

280 2981 342 3096 {ata
359 2985 453 3042 essent,
476 2983 568 3030 mutua
586 2983 695 3046 accepta
712 2977 827 3046 pecunia
847 2977 1007 3032 hereditario
1026 2995 1083 3032 ere·
1133 2977 1212 3046 pretii
1237 2977 1272 3030 ab
1298 2977 1395 3030 herede
1418 2977 1509 3032 uxoris
1530 2975 1779 3032 fideicommissariis
1802 2977 1936 3032 debeatur.

299 3043 360 3098 'tori
376 3043 511 3098 solverunt
524 3051 550 3100 et
566 3045 707 3114 posteriori
725 3045 917 3112 obligaverunt,
940 3045 996 3114 qui,
1024 3061 1084 3100 cum
1133 3043 1260 3116 respondi
1283 3049 1393 3114 propter
1417 3045 1516 3100 iustam
1540 3045 1716 3116 ignorantiam
1740 3051 1795 3100 tam
1820 3045 1936 3100 mulieris

280 3111 438 3166 eidebitum
455 3129 510 3166 non
527 3115 681 3182 solveretur,
698 3113 808 3182 praedia
821 3115 944 3168 universa
960 3113 1083 3184 legepig-
1134 3129 1213 3184 quam
1239 3113 1365 3184 emptoris
1386 3113 1510 3168 heredem
1532 3115 1662 3182 mulieris,
1692 3119 1723 3168 ut
1743 3113 1841 3168 fundus
1868 3115 1937 3182 apud

279 3181 353 3260 noris
369 3181 417 3234 uni
433 3195 466 3236 ex
483 3181 624 3238 heredibus
641 3181 770 3238 vendidit:
788 3181 932 3252 quaeritur,
954 3199 1000 3252 an,
1024 3199 1086 3238 cum
1135 3189 1278 3252 emptorem
1298 3185 1448 3250 remaneat,
1474 3181 1717 3240 fideicommissario
1740 3181 1855 3252 pretium
1876 3183 1938 3236 dare

278 3253 329 3302 rste
345 3247 416 3304 filius
434 3265 467 3304 ex
485 3265 567 3306 causa
584 3251 723 3322 emptionis
740 3267 774 3306 ea
789 3251 933 3322 possideat,
955 3251 1098 3308 fratribus¹
1135 3251 1239 3308 debere.

770 4153 903 4230 LIBER
925 4149 1191 4228 TRIGESIMUS
1213 4145 1461 4232 SECUNDUS⁰.

389 4381 437 4430 DE
454 4377 600 4430 Lmffls
617 4377 663 4428 ΕΤ
679 4379 963 4430 FIDEIOOMMISSIS
1133 4357 1193 4424 esse
1208 4345 1378 4426 probaturos,
1396 4345 1458 4414 qnia
1475 4343 1542 4398 nihil
1558 4345 1587 4398 in
1603 4351 1761 4400 testamento
1778 4347 1856 4426 valet,
1877 4363 1941 4428 quo·

1133 4417 1202 4466 treus
1228 4429 1315 4492 ipsum
1341 4417 1530 4466 testamentum
1557 4429 1611 4468 non
1633 4414 1718 4476 valet,
1748 4415 1795 4470 sed
1823 4431 1847 4470 ει
1877 4417 1941 4468 ahas

314 4479 327 4538 1
354 4477 498 4534 Uarianos
512 4479 579 4536 libro
593 4479 682 4562 primo
698 4479 962 4548 fideicommissorum
997 4479 1027 4534 Si
1043 4479 1084 4534 in·
1136 4485 1149 4534 2
1184 4479 1416 4536 fideicommissum
1433 4481 1491 4550 quis
1508 4481 1653 4548 reliquerit.
1688 4481 1737 4546 Hi,
1778 4481 1857 4538 nibus
1874 4495 1943 4552 aqna

278 4555 367 4606 certus
385 4549 443 4618 quis
460 4549 509 4612 sit,
533 4553 653 4618 captrvus
675 4547 711 4602 sit
729 4563 765 4600 an
782 4563 799 4600 a
815 4549 974 4602 latrunculis
993 4549 1084 4604 obses·
1135 4553 1162 4602 et
1184 4549 1238 4618 igni
1260 4549 1431 4604 interdictum
1452 4553 1506 4614 est,
1531 4549 1593 4604 item
1610 4549 1743 4618 deportati
1760 4499 1942 4628 ddeicommis

278 4635 331 4682 sus,
350 4621 538 4672 testamentum
547 4615 636 4672 iacere
646 4633 700 4670 non
710 4621 798 4684 potest
808 4617 828 4648 ¹⁰
866 4617 915 4672 sed
931 4617 994 4672 etsi
1012 4615 1084 4672 sui¹¹
1135 4633 1194 4672 sum
1217 4617 1367 4686 relinquere
1392 4633 1447 4672 non
1472 4623 1599 4686 possunt,
1628 4617 1692 4684 quia
1715 4633 1765 4672 nec
1793 4621 1942 4672 testamenti

261 4685 342 4740 ‘iuris
365 4687 400 4740 eit
423 4687 531 4754 ignarus
554 4689 681 4754 putetque
704 4699 733 4738 se
755 4699 804 4752 per
827 4699 958 4750 errorem,
973 4687 1045 4754 ,quia
1068 4701 1086 4738 a
1135 4693 1149 4738 3
1184 4685 1300 4738 metendi
1316 4685 1359 4738 ius
1376 4685 1485 4750 habeut,
1504 4701 1565 4738 cnm
1581 4685 1635 4740 sint
1650 4679 1774 4738 ἀπόλιδες
1783 4687 1811 4738 ¹⁵.
1839 4687 1941 4754 Deper-

278 4755 425 4808 iatronibus
449 4759 543 4822 captus
566 4759 619 4816 est,
649 4767 753 4806 servum
779 4767 837 4806 esse
862 4753 935 4806 velut
960 4753 1085 4818 hostium,
1133 4757 1205 4808 tates
1229 4759 1318 4806 autem
1336 4767 1383 4808 eos
1401 4753 1524 4822 accipere
1541 4753 1681 4816 debemus,
1705 4753 1802 4822 quibus
1818 4753 1941 4820 princeps

278 4823 318 4876 vel
340 4821 443 4890 legatus
485 4821 544 4874 ιιι1η
569 4819 633 4874 nibil
660 4835 688 4874 se
706 4835 723 4872 a
740 4819 844 4888 captivo
869 4819 975 4874 differre
998 4825 1084 4888 putat,
1134 4819 1236 4876 insulas
1253 4819 1390 4876 adnotavit
1406 4819 1448 4874 vel
1465 4819 1498 4874 de
1515 4819 1612 4888 quibus
1630 4819 1802 4888 deportandis
1823 4819 1941 4888 scripsit:

278 4907 331 4944 non
362 4905 440 4972 posse
467 4839 693 4944 ddeicommittere
723 4895 826 4942 certum
854 4893 909 4954 est,
941 4889 1004 4958 quia
1034 4903 1085 4942 nec
1136 4893 1253 4942 ceterum
1280 4889 1356 4956 prius
1382 4903 1463 4958 quarn
1493 4887 1595 4942 factum
1622 4887 1754 4956 praesidis
1782 4887 1942 4954 comprobet,

278 4965 371 5014 testam
391 4963 494 5026 potest,
520 4957 579 5026 qni,
603 4973 638 5010 an
661 4955 740 5010 ineat
763 4957 814 5010 sibi
836 4955 944 5022 testari,
971 4957 1083 5012 dubitat.
1134 4957 1253 5010 nondum
1274 4955 1395 5012 amisisse
1418 4957 1478 5024 quis
1496 4955 1629 5012 civitatem
1645 4955 1758 5010 videtur.
1793 4957 1904 5024 proinde
1922 4951 1943 5032 si

283 5035 289 5078 1
327 5027 381 5082 Sed
389 5029 411 5060 ¹³
427 5025 451 5080 si
465 5025 536 5080 filius
553 5025 668 5080 familias
684 5023 726 5080 vel
743 5039 836 5080 servus
852 5023 1085 5080 fideicommissum
1135 5029 1197 5080 ante
1220 5023 1392 5088 decessisset,
1422 5023 1486 5078 civis
1514 5023 1662 5078 decessisse
1688 5023 1794 5076 videtur
1820 5029 1848 5076 et
1870 5023 1941 5076 fider·

277 5095 421 5164 reliquerit,
440 5109 495 5148 non
512 5095 595 5146 velet:
620 5091 643 5146 si
659 5097 748 5146 tamen
765 5091 921 5148 manumissi
938 5091 1084 5146 decessisse
1136 5091 1318 5158 commissum,
1340 5091 1413 5160 quod
1430 5095 1492 5144 ante
1508 5091 1667 5170 reliquerat,
1689 5105 1770 5158 quam
1787 5091 1942 5144 sententiam

296 5167 469 5230 reponantur,
488 5167 641 5216 constanter
659 5159 775 5214 dicemus
792 5159 1025 5214 fideicommissum
1042 5175 1094 5214 re·¹
1134 5163 1284 5228 pateretur,
1307 5159 1419 5214 valebit:
1444 5157 1491 5212 sed
1511 5163 1538 5212 et
1555 5173 1578 5212 s1
1595 5163 1656 5226 pust
1673 5159 1847 5222 sententiam,
1870 5165 1942 5212 aute·

276 5179 369 5282 dictum
384 5227 481 5294 videri,
504 5229 581 5296 quasi
598 5245 669 5280 nunc
686 5227 792 5290 datum,
813 5243 874 5280 cum
891 5243 962 5282 mors
980 5227 1085 5280 contin-
1136 5241 1215 5296 quarn
1231 5225 1377 5296 imperator
1394 5225 1557 5294 comprobet,
1574 5227 1675 5280 valebit
1709 5225 1764 5278 uod
1781 5225 1943 5286 factumest,

276 5295 328 5362 git,
351 5297 473 5350 videlicet
490 5297 513 5350 si
530 5293 666 5350 duraverit
682 5295 803 5350 voluntas
821 5301 883 5362 post
899 5293 1085 5348 manumissio·
1136 5299 1151 5346 4
1187 5293 1250 5360 quia
1267 5299 1370 5346 certum
1387 5299 1487 5346 statum
1498 5307 1582 5362 usque
1600 5293 1688 5346 adhuc
1720 5293 1803 5346 abuit.
1831 5293 1942 5362 Aprae·

276 5377 345 5416 nem.
379 5363 445 5418 haec
458 5363 549 5432 utique
572 5379 649 5416 nemo
670 5361 760 5416 credet
776 5363 804 5414 in
821 5359 987 5416 testamentis
1004 5361 1086 5416 ιιοι14
1135 5359 1213 5416 fectis
1229 5375 1292 5414 vero
1310 5359 1445 5430 praetorio
1461 5359 1503 5416 vel
1521 5377 1562 5428 eo,
1585 5361 1630 5430 qui
1647 5359 1704 5414 vico
1722 5359 1896 5430 praefactisll
1913 5375 1943 5414 ex

277 5533 306 5592 (ll
325 5533 414 5580 eamF
460 5533 654 5596 (o)instituatF
701 5535 899 5596 (slauctumias.
952 5533 984 5596 (4)
995 5547 1083 5596 quaes·
1136 5531 1174 5596 Cf.
1187 5529 1245 5580 Cori.
1261 5533 1284 5594 6,
1300 5541 1334 5582 al·
1349 5541 1385 5582 38·
1399 5541 1434 5584 42.
1544 5533 1590 5596 (rol
1608 5535 1784 5582 testamentum
1797 5533 1879 5582 secere
1893 5545 1942 5582 non

276 5599 363 5648 tumF
428 5599 460 5662 (5)
478 5599 546 5650 mille
556 5601 597 5648 his
605 5619 653 5650 sor.
716 5601 750 5664 (t)
770 5599 940 5650 decesseritF'
993 5601 1024 5662 tv)
1042 5599 1082 5648 in·
1133 5599 1272 5662 potestdel.
1342 5599 1385 5660 (11)
1403 5599 1498 5664 suidcl.
1530 5601 1531 5604 ’
1562 5601 1608 5662 (tt)
1625 5601 1719 5652 estias.
1784 5601 1827 5664 (lt)
1846 5599 1941 5650 seddel.

275 5665 414 5714 stitutaeF
482 5665 516 5728 (s)
535 5665 792 5730 reprehendereturF
1134 5663 1275 5726 (telnonF
1316 5665 1361 5728 (15)
1379 5667 1407 5716 id
1415 5665 1767 5718 mtruullinscivitatiseives
1815 5671 1941 5734 (ttlpraa

308 5735 344 5796 (a)
362 5731 507 5796 Pap.1...rs.
518 5743 554 5782 aa.
569 5743 664 5792 unser
680 5737 744 5798 App.
755 5743 845 5784 amna.
856 5743 973 5794 ronmosr
988 5733 1037 5782 Ecl.
1048 5741 1083 5784 ra.
1134 5731 1195 5780 lecti
1205 5731 1253 5796 F’,
1263 5731 1503 5794 praefectorumscr.

276 5809 309 5848 dd.
320 5809 477 5860 ta...ao.1ao;
491 5797 551 5848 Sub.
562 5811 595 5850 dd.
606 5813 640 5852 45.
650 5811 729 5850 lmus
749 5811 837 5850 dimid
849 5827 882 5836 -
896 5801 956 5850 Bas.
966 5803 1008 5860 44,
1018 5809 1037 5850 ³·
1048 5827 1083 5836 -
