4366 6258
248 415 292 466 nn
312 407 594 462 nroommomsus
1043 387 1105 458 355
1742 391 1867 466 XXVI]
1891 411 1905 466 1

213 597 215 602 ¹
247 577 410 644 τονρχηοίαν,
431 571 446 628 δ
464 571 493 628 δὲ
509 575 579 646 μετὰ
595 579 675 630 πέντε
691 575 748 630 ἑνὸς
764 577 888 628 ἐνιαυτοῦ
905 577 957 640 ἔχει
980 569 1052 628 οἷλει-
1138 573 1176 632 10
1204 571 1395 630 Μαααεσιιταε
1420 579 1488 632 λάινα
1520 577 1597 630 tertio
1630 577 1836 628 emanationem
1873 577 1910 632 οδ

248 645 416 712 τουργησίαν,
436 637 450 694 ό
469 639 499 694 δέ
514 639 582 710 μετὰ
600 635 671 694 όιιτῶ
689 639 808 706 διετείας,
828 639 843 694 δ
862 639 892 694 δέ
907 643 975 710 μετὰ
991 641 1050 696 ’δῶ-
1099 643 1185 712 μόνον
1208 641 1237 694 δὲ
1260 643 1288 694 ot
1302 641 1349 696 τὰς
1372 641 1425 696 άπὸ
1442 645 1547 718 ιιαλίχος
1565 645 1703 714 στρατείας
1718 643 1764 692 καὶ
1780 637 1827 694 τὰς
1844 641 1904 694 λοι-

248 711 310 766 δειια
330 713 464 796 τριετείας,
490 709 505 762 ό
529 705 560 760 δέ
580 709 648 778 μετὰ
673 707 768 770 δειιαέξ
789 715 968 796 vesamae,
988 707 1003 764 ό
1022 707 1052 764 δὲ
1096 707 1374 780 πιῖιςπριμιπιλάριοι9
1391 709 1621 778 στρατευσάμενοι,
1640 703 1707 762 ἀλλὰ
1720 703 1905 788 ιιαὶοῖῥποισὲ

245 773 312 850 μετὰ
329 795 435 840 ειιιοοιν,
455 773 490 832 ῶς
506 781 681 848 προείπομεν,
701 775 830 842 διηνεκῶς
839 773 1049 842 ἀπολυθήσεται,
1098 779 1146 830 σύν
1166 781 1254 846 χρείας
1278 775 1407 842 δαμοσίας
1415 779 1437 808 ¹⁰
1460 773 1545 844 δήμου
1561 775 1696 848 Ῥωμαίων
1709 779 1787 830 ἕνεκα
1796 773 1903 842 αποδη-

248 855 263 904 4
293 839 318 896 t0
335 841 364 896 δέ
386 847 415 896 ἐν
431 849 486 898 τοῖς
503 841 698 916 νυκτοφύλαξιν
710 849 768 898 τοῖς
784 847 813 904 ἐν
828 841 909 916 Ῥώμη
928 863 1051 916 στρατευ-
1096 841 1229 914 μήσανιες
1251 845 1372 896 ἐνιαυτοῦ
1394 847 1498 908 ἐχουσιν
1514 837 1666 898 ἀνάπαυσιν
1681 843 1750 914 μετὰ
1765 843 1798 898 τὸ
1815 843 1902 896 ἐπαν-

212 949 213 952 ,
246 921 262 970 5
295 907 405 978 σάμενος
428 913 552 964 ἐνιαυτοῦ
573 909 659 980 μόνου
682 915 736 976 ἔχει
765 907 869 982 άφεσιν.
905 901 987 964 θύται
1004 907 1051 964 δὲι
1100 919 1111 964 1
1150 907 1247 962 ελθεῖν.
1280 907 1307 964 Ὁ
1328 913 1420 980 με’ντοι
1442 909 1561 964 ἐνιαυτὸς
1589 901 1664 966 οὗτος
1688 905 1719 964 ού
1736 909 1822 980 μόνον
1846 913 1903 962 τοῖς

247 973 345 1046 δηλαδή
362 977 409 1030 ἐὰν
425 983 537 1046 ἐντίμως
556 971 739 1040 ἀπολυθῶσιν,
760 973 851 1048 ῶσπερ
881 981 1048 1046 προείρηται,
1097 973 1272 1044 πληρῶσασιν
1287 977 1337 1032 τδν
1354 973 1459 1042 συνήθη
1475 977 1521 1038 τῆς
1538 985 1677 1046 στρατείας
1693 979 1789 1050 ιιαιρόν
1805 981 1901 1030 ἐνταῖε

248 1041 327 1114 ήδιὰ
352 1045 435 1098 νόσον
465 1043 630 1130 καλουμένην
646 1051 798 1132 παυσαρίαν
815 1041 912 1114 ἄφεσιν
929 1041 1052 1112 λάβωσιν
1098 1043 1203 1098 λοιπαῖς
1212 1041 1458 1114 δημοσίαιςχρείαις
1475 1039 1588 1106 δίδοται,
1608 1039 1673 1098 ἀλλὰ
1691 1051 1736 1098 aul
1744 1051 1800 1102 τοῖς
1811 1043 1903 1100 ὁπωσ-

248 1119 327 1180 χὲοτιν
347 1113 399 1186 γὰρ
421 1117 466 1166 ani
490 1105 556 1180 αότη
579 1117 708 1198 ἐντιμοελ·
734 1133 750 1168 ο
771 1111 823 1184 γὰρ
848 1105 942 1178 ἀτίμου
965 1111 1052 1176 τυχῶν
1099 1115 1146 1166 οὖν
1168 1117 1347 1180 παυσαμένοις
1368 1113 1415 1178 τῆς
1438 1107 1566 1180 δημοσίας
1587 1129 1604 1174 χ
1622 1111 1904 1170 είαςκαὶέπανελθού-

246 1191 262 1242 6
295 1175 411 1252 ἀφέσεως
437 1173 486 1234 ούιι
511 1183 564 1266 ἔχει
590 1175 750 1234 ἀναπαυσιν.
793 1177 995 1248 Συνβετερανδς
1022 1177 1052 1232 δέ
1099 1201 1155 1242 σιν,
1179 1177 1231 1232 κᾶν
1253 1177 1383 1232 ἐλάττονα
1403 1177 1503 1250 χρόνον
1519 1131 1701 1250 διατρδμωσιν
1709 1183 1730 1216 ¹¹
1747 1183 1795 1234 τού
1813 1177 1905 1234 διατε-

245 1253 312 1306 ελνσι
333 1245 486 1302 πιστεύεται
509 1267 540 1300 ου
563 1247 650 1318 μόνον
673 1243 688 1300 ό
711 1243 901 1318 λεγεωνάριος,
922 1239 1051 1300 ἀλλὰκαὶ
1099 1253 1113 1300 2
1148 1267 1182 1300 τα
1198 1251 1285 1316 μόνον.
1325 1243 1365 1300 “Aa
1387 1251 1479 1314 μέντοι
1501 1243 1636 1316 πότερον
1659 1247 1729 1312 εἶχον
1750 1245 1902 1316 ἐπιτροπὰς,

245 1319 294 1372 πᾶς
309 1311 408 1368 παντὸς
424 1315 472 1368 τού
490 1311 608 1368 ἀπουσῶν
625 1317 862 1382 στρατευσαμένου,
883 1317 1012 1382 ἐπετίμας
1021 1311 1052 1366 δέ
1100 1311 1145 1366 διδι
1163 1267 1199 1366 δύ
1208 1315 1289 1366 τούτο
1307 1307 1443 1366 ἀπέθεντο
1462 1307 1505 1366 ότι
1521 1267 1652 1380 δημοσίου
1664 1317 1740 1366 ἕνεκα
1748 1313 1920 1386 πράγματος

247 1387 288 1438 καλ
305 1375 384 1436 eirea
401 1375 596 1436 ἀπολυθέντος·
614 1387 660 1434 καὶ
677 1381 730 1454 γὰρ
747 1379 940 1450 λεγεαινάριος2
956 1381 1005 1432 τού
1021 1383 1052 1432 ἐν
1100 1375 1262 1450 ἀπεδήμουν,
1286 1379 1384 1434 ταύτας
1407 1379 1605 1434 ἐπανελθόντες
1627 1381 1751 1450 παραυτά
1767 1379 1904 1446 ἐπαναλή-

245 1455 297 1506 ταῖς
313 1447 507 1518 νυκτοφύλαξιν
530 1453 759 1516 στρατευσαμένου
779 1445 888 1534 παίδιρν
905 1449 1050 1516 ἐπίτροπος
1097 1465 1200 1520 φοιται
1217 1441 1295 1500 οὐδὲν
1311 1441 1399 1502 adroic
1421 1449 1591 1516 βοηθούντος
1613 1447 1661 1500 τού
1669 1449 1803 1500 ἐνιαυτοῦ·
1823 1445 1905 1532 δχάρ

245 1527 260 1576 ‘i
291 1523 399 1590 γίνεται.
431 1513 498 1582 Ἤδη
518 1513 609 1570 δὲκαὶ
627 1509 849 1588 στρατιῶταυάφ
869 1513 1049 1588 λιιιαςιιουρά-
1098 1513 1587 1588 ἐνιαυτὸςπρόςτδςμελλούσαςιιαινὰς
1597 1513 1710 1578 δίδοται,
1718 1509 1774 1580 σύχὶ
1787 1533 1906 1588 προςτας

246 1605 309 1668 τιαρἱ
322 1581 471 1648 δοθήσεται
495 1579 510 1636 ό
533 1581 618 1636 πάλαι
641 1581 821 1704 στρατιώτης,
850 1535 867 1636 δ
1040 1579 1047 1598 ‘

866 1579 952 1648 ηλαδή
969 1583 1050 1636 ἐδινο
1098 1591 1113 1640 3
1149 1577 1345 1654 ἀναληφθῆναι
1358 1579 1525 1654 ὀφειλούσας.
1553 1577 1686 1636 Ἐνιαυτός
1695 1579 1725 1636 δέ
1734 1587 1906 1664 συνημμένων

245 1671 329 1734 πατηρ
347 1647 428 1702 αὐτοῦ
446 1645 591 1722 ἀποθάνῃ·
609 1651 658 1702 ἐάν
692 1651 724 1702 ἐ8
741 1655 787 1702 καὶ
806 1639 883 1702 ούτοι
901 1643 1050 1720 ἀπόχειρδς
1098 1651 1204 1738 ῆμερῶν
1215 1651 1434 1716 ἐξετασθήσεται,
1454 1651 1482 1714 ἐξ
1495 1645 1557 1704 δτον
1574 1671 1614 1706 τις
1625 1647 1782 1714 ἐπανῆλθεν
1795 1651 1906 1704 murtae

245 1727 260 1776 8
293 1717 480 1780 απολυθῶσιν,
506 1715 612 1788 ὁμοίως.
655 1723 709 1770 Καὶ
731 1717 838 1772 τούτοις
862 1711 964 1770 άπασιυ
986 1715 1048 1770 δια-
1098 1717 1164 1774 οδὸν
1172 1711 1534 1792 εύθύνωνῆδιευθύνεινγεό
1558 1711 1905 1790 είλυιν,ούχλτήνέιιπεριό-

244 1793 260 1842 9
290 1783 376 1846 τάξεις
425 1789 591 1854 αρτυρούσιν.
638 1783 744 1854 Γράφει
767 1781 798 1836 δέ
820 1789 865 1836 καὶ
885 1777 1048 1840 missatici
1097 1791 1114 1842 4
1149 1783 1213 1840 δοιν.
1249 1791 1302 1840 Καὶ
1319 1787 1346 1840 ολ
1362 1785 1431 1840 κατὰ
1456 1783 1590 1852 διαθήκας
1615 1783 1740 1840 densare
1762 1787 1905 1852 ἐπίτροποι
1971 1789 1972 1792 ’

245 1847 330 1910 eiras.
365 1807 424 1906 Sed
440 1853 582 1922 ignominia
605 1853 678 1906 missi
702 1851 737 1906 ab
763 1853 864 1908 urbicis
881 1851 961 1920 plano
977 1857 1048 1906 tute·
1097 1853 1314 1926 παραιτήσονται
1331 1853 1400 1906 κατὰ
1417 1853 1515 1924 νόμους
1529 1855 1579 1908 τόν
1590 1847 1905 1924 χειριομόντῶνένάλλη

245 1923 276 1978 lis
292 1921 497 1986 excusabuntur,
539 1921 584 1974 uia
601 1921 704 1990 ingredi
722 1921 759 1976 cis
774 1921 870 1976 ‘urbem
887 1935 942 1974 non
959 1919 1022 1974 licet
1029 1921 1047 1974 ⁵.
1097 1927 1211 1994 ἐπαρχία
1229 1921 1318 1974 όντιον
1334 1921 1485 1990 κτημάτων,
1506 1917 1572 1978 ῶςλλ
1589 1919 1668 1988 δηλοῖ
1681 1915 1907 1990 ήύπστεταγμέυη

245 1989 318 2062 dane
335 1987 357 2044 si
374 1989 432 2056 ταῖς
449 1989 476 2042 in
494 1939 647 2044 cobortibus
665 1989 775 2044 urbanis
793 1987 969 2056 permilitavit
987 1987 1050 2042 licet
1097 1991 1146 2044 τοῦ
1162 1987 1310 2044 θειοτάτου
1338 1987 1463 2062 Σεβήρου
1486 1989 1620 2052 διάταξις·
1643 1987 1721 2044 ‘oiri
1744 1987 1857 2044 Seveme
1882 1993 1908 2042 et

244 2061 303 2112 ante
318 2053 408 2124 viginti
431 2071 516 2110 annos
539 2055 666 2122 mittitur,
684 2059 949 2124 tamenperpetuam
966 2053 1050 2110 habet
1096 2055 1513 2128 ‘AntoninusAugustiValerio
1549 2059 1719 2114 Testamenta
1737 2061 1811 2112 tutor
1828 2055 1908 2110 datus

247 2131 275 2178 10
307 2123 435 2178 amans
458 2123 665 2178 mercatorem.
712 2117 855 2190 'aratur
879 2119 909 2174 δὲ
930 2119 1050 2190 πότερον
1094 2123 1174 2182 ‘ante
1210 2125 1360 2180 reefieitum
1378 2127 1447 2182 diem
1465 2127 1538 2182 edne
1556 2127 1706 2182 denuntiet
1733 2123 1860 2192 estune,
1877 2127 1909 2178 ut

243 2197 304 2262 μίαν
334 2195 378 2252 καὶ
410 2183 483 2252 ἅπαξ
514 2189 675 2272 ἐπιτροπήν,
690 2183 885 2272 άναδεχονταρ6
912 2187 940 2242 οἱ
963 2189 1050 2244 πάλαι
1094 2191 1145 2248 ‘ab
1226 2193 1391 2250 inistrationo
1416 2209 1518 2260 rerum,
1544 2195 1665 2264 quaein
1691 2143 1745 2248 aia
1769 2191 1908 2262 provincia

244 2259 408 2328 στρατιῶται,
434 2255 450 2324 ἢ
473 2259 512 2310 ἐνὶ
534 2261 621 2332 καιρῷ
646 2279 677 2310 ον
693 2257 777 2312 πλέον
793 2257 1046 2320 reomaenses·
1097 2265 1111 2314 ό
1146 2259 1241 2328 ‘erant
1259 2257 1431 2318 liberareris'.
1448 2257 1474 2316 Ὁ
1484 2261 1646 2332 πριμίπιλον
1655 2259 1781 2314 διανύσας
1789 2259 1906 2314 ἐάνέπι-

243 2329 318 2406 μάνης
334 2321 364 2378 δὲ
380 2327 425 2392 τῆς
441 2323 551 2398 πραότης
567 2327 714 2398 ἐπιτροπῆς
730 2323 832 2380 πάλινῖ
850 2317 1045 2396 ἀναλήφονται,
1096 2329 1202 2398 τροπήν
1219 2327 1360 2396 δεξάμενος
1370 2331 1391 2362 ¹³
1408 2329 1465 2386 ἑνὸς
1481 2329 1592 2382 παιδίου
1608 2327 1692 2384 πάλιν
1709 2329 1745 2384 εἰς
1766 2327 1814 2384 τὰς
1828 2347 1908 2398 στρα-

243 2389 288 2448 άλλ
318 2387 408 2462 ῶσπερ
426 2397 471 2446 ἐπὶ
486 2395 545 2444 τῶν
561 2389 682 2446 ἰδιωτῶν
698 2391 729 2446 αἱ
743 2391 915 2462 παυσάμενοι
932 2385 964 2444 ού
977 2397 1047 2460 βοη-
1095 2395 1221 2452 τιαιτιιιὰς
1236 2401 1324 2466 χρείας
1342 2389 1496 2470 ἀναληφθῆ,
1516 2391 1692 2464 ἀποθήσεται
1707 2395 1758 2464 τήν
1773 2393 1908 2468 φροντίδα

243 2457 372 2544 θήσουσιν
386 2465 443 2514 τοῖς
459 2457 582 2524 ἐσχηκόσι
599 2455 662 2514 odae
680 2461 715 2516 eis
731 2457 779 2514 τάς
792 2459 1045 2546 τρεῖεψηφίζῡνῑαιι
1096 2469 1110 2518 6
1145 2467 1190 2530 τῆς
1208 2467 1359 2532 ἐπιτροπῆς.
1393 2461 1503 2534 Ὁμοίοις
1520 2469 1566 2518 καὶ
1583 2467 1617 2518 εἰς
1634 2461 1684 2518 τόν
1699 2463 1788 2518 τόπον
1804 2467 1906 2518 ἐκείνου

242 2545 322 2582 ουτως
339 2531 384 2578 καλ
401 2529 518 2580 ἐπὶτῶν
533 2525 619 2582 πάλαι
637 2531 814 2598 στρατιωτῶν
835 2521 883 2582 osia
899 2525 999 2600 ταφελεῖ
1015 2527 1047 2582 τὸ
1094 2533 1143 2584 τοῦ
1160 2529 1312 2606 ἐπιτρόπου,
1334 2529 1365 2584 δν
1380 2533 1448 2602 μετὰ
1464 2535 1550 2586 ταῦτα
1562 2529 1756 2606 συμπάθεδρον
1768 2533 1856 2600 deveni
1869 2551 1909 2588 τις

241 2595 407 2670 γεγενῆσθαι
442 2597 521 2648 τοῦτο
539 2593 570 2648 δέ
587 2601 632 2650 καὶ
649 2599 693 2648 ἐπὶ
710 2599 768 2650 τῶν
782 2597 1048 2668 ιιουρατοριῶνέστλν
1096 2593 1248 2674 ἀπήγαγεν,
1273 2597 1425 2666 δοθήσεται
1448 2599 1572 2674 ιιουράται
1595 2641 1602 2664 ,
1630 2593 1668 2658 ῶς
1685 2615 1770 2674 φησιν
1787 2597 1909 2662 διάταξις

243 2665 500 2734 νενομοθετημένον,
526 2661 561 2720 ῶς
587 2661 666 2730 δηλοῖ
686 2665 753 2718 θεία
778 2661 900 2726 διάταξις
920 2663 1047 2734 Σεβήρσυ
1094 2669 1143 2720 τοῦ
1160 2665 1307 2722 θειοτάτου
1325 2669 1464 2740 Σεβήρσυ
1482 2667 1516 2736 ῆν
1533 2623 1658 2758 όρθῶςέ
1680 2665 1809 2740 αρμόζοιν
1823 2671 1909 2722 πᾶσιν

245 2737 270 2786 11
305 2725 527 2786 ταὶᾍνταινίνου.
562 2737 615 2786 Καὶ
630 2725 709 2786 σύδέν
717 2729 847 2802 διαφέρει,
867 2733 924 2788 πῶς
932 2729 1046 2800 δεήσον-
1093 2741 1151 2790 τοῖς
1172 2731 1275 2806 ὁμοίοις
1298 2737 1454 2808 κεφαλαίοις
1475 2757 1628 2824 κουρατορα
1669 2735 1785 2790 ίδοσθαι
1802 2741 1858 2824 ἐρεῖ
1874 2739 1909 2790 είς

242 2821 284 2854 ται
300 2797 328 2852 οἱ
342 2797 436 2854 παῖδας
451 2801 500 2854 τού
518 2799 734 2872 συνστρατιῶτου
751 2797 900 2874 ἐπιτρόπου
917 2797 1046 2872 ῆιιουρά-
1094 2801 1143 2856 τὸν
1166 2803 1281 2856 τόπονμ
1305 2809 1364 2858 τῶν
1392 2803 1492 2878 χρόνον
1518 2803 1672 2860 ανάπαυσιν
1701 2803 1907 2874 λαμβανουτοιν.

242 2887 321 2950 sopor,
340 2865 458 2940 πότερον
475 2861 529 2922 ἀπδ
547 2869 634 2938 χειρὸς
652 2861 833 2924 άπαλυθέντες
850 2865 867 2936 ἢ
883 2869 1047 2938 τοῦπατρὸς
1095 2875 1110 2926 7
1143 2863 1206 2926 Ἐὰν
1223 2865 1401 2944 ἀπελεύθερος
1418 2871 1491 2944 δοθῆ
1511 2867 1613 2942 ἀφῆλιξ
1628 2869 1833 2944 ύπδπάτροινοε
1850 2875 1907 2926 ἐπί-

244 2941 271 2992 12
304 2933 504 2992 enodavimus.
538 2933 748 3010 Πριμιπιλάριοι
770 2941 800 2990 ἐκ
818 2935 971 2998 διατάξεων
991 2941 1046 3004 βα·
1094 2957 1195 3058 προτευς
1217 2945 1273 2994 τοῖς
1296 2943 1400 2998 τέκνοις
1425 2935 1549 3006 adserit
1574 2945 1619 2992 καὶ
1637 2943 1726 3010 ἕτερος
1743 2937 1909 3006 ολοσδήποτε

242 3001 347 3058 οιλιιιῶν
368 3007 533 3074 παραίτησιν
555 3009 660 3070 ἐχαυσιν
683 3007 741 3058 τῶν
757 3001 863 3058 λοιπῶν
878 3005 1044 3074 ἐπιτροπῶν,
1094 3003 1215 3062 ἐάττων
1231 3009 1289 3060 τῶν
1306 3007 1392 3060 εἴκοσι
1408 3013 1488 3062 πέντε
1505 3009 1643 3070 ἐνιαυτῶν,
1663 3011 1715 3064 darc
1736 3011 1787 3076 μὲν
1811 3003 1909 3078 ἀφῆλιξ

242 3067 809 3146 πριμιπιλαρίουδδυλῶνέπιτροπεύοουσιν.
844 3069 1047 3144 πριμιπιλάριοι
1093 3067 1117 3146 ᾗ,
1137 3067 1185 3126 oria
1209 3073 1428 3142 ἐνοχληθήσεται.
1463 3079 1493 3128 ἐν
1508 3073 1632 3142 τοσούτῳ
1651 3071 1681 3126 δέ
1697 3079 1788 3144 ἕτερος·
1805 3077 1842 3132 είς
1859 3073 1908 3126 τό-

241 3137 269 3194 δό
284 3129 357 3194 οὗτοι
373 3141 531 3228 νομίζονται
548 3139 576 3194 οἱ
592 3139 763 3196 διανύσαντες
772 3139 804 3192 τὸ
812 3137 984 3210 πριμίπιλον·
999 3137 1047 3192 ἐὰν
1094 3161 1149 3196 πον
1173 3135 1255 3196 αύτού
1276 3163 1306 3208 χε
1335 3139 1538 3208 ατονηθήσεται
1555 3139 1687 3208 μηδαμῶν.
1724 3137 1819 3210 όμοιός
1835 3145 1908 3194 ἐστιν

240 3205 269 3262 δέ
283 3209 318 3278 μή
336 3205 462 3264 διανυαας
479 3201 620 3280 ἀποθάνῃ,
638 3207 735 3262 τούτου
752 3209 810 3262 τῶν
825 3205 936 3262 παίδων
948 3225 1044 3276 πριμι-
1093 3207 1181 3276 τούτῳ
1200 3215 1247 3262 καὶ
1265 3205 1280 3262 ό
1296 3229 1314 3262 ν
1329 3229 1410 3278 μιμσς
1427 3213 1579 3280 ἐπίτροπος,
1599 3203 1756 3278 ἐάνάφ”λιξ
1776 3207 1818 3260 ῶν
1830 3207 1908 3280 τύχηΙ

241 3273 358 3348 πιλάριος
375 3271 422 3330 otia
438 3281 500 3332 ἐπιτ
518 3275 624 3330 σπεύσει
632 3277 649 3328 ⁸.
1094 3281 1141 3328 aori
1166 3275 1217 3350 γάρ
1241 3281 1287 3330 παλ
1310 3279 1347 3334 εἰς
1368 3275 1418 3330 τὸν
1439 3273 1527 3328 τόπον
1542 3277 1641 3328 τούτου
1664 3227 1793 3342 μηδαμῶν
1815 3279 1845 3328 ἐν
1867 3275 1908 3342 τῷ

272 3341 289 3402 9
317 3343 462 3400 Uarianos
482 3295 554 3400 ἰῶτα
575 3343 713 3416 renquiae·
734 3343 768 3400 de
791 3343 885 3412 officio
905 3343 1046 3414 praetoris
1094 3349 1110 3400 8
1145 3343 1388 3410 camedonensem.
1422 3337 1485 3394 Ἐάν
1499 3359 1542 3400 τις
1560 3337 1645 3398 ούτατ
1662 3341 1773 3424 νοσήορ,
1794 3337 1833 3398 ῶς
1851 3339 1910 3394 δεῖν

239 3413 358 3468 intuleris
392 3413 420 3468 st
437 3413 560 3468 tribunus
576 3411 1045 3482 incohortibnspraetoriispermili·
1094 3403 1176 3466 αὐτὸν
1198 3411 1236 3482 μὴ
1265 3409 1442 3466 παντάπασιν
1464 3403 1605 3480 ἀφεθῆναι
1628 3413 1782 3480 ἐπιτροπῆς,
1808 3409 1847 3464 εἰς
1861 3405 1911 3460 τὸν

239 3483 338 3550 averit,
356 3483 435 3538 etiam
453 3481 614 3552 collegarum
631 3479 746 3536 filiorum
769 3479 855 3534 tutela
872 3479 1045 3534 excusabitur

240 3551 363 3608 beneficio
382 3553 434 3608 diri
451 3551 541 3606 Severi
558 3555 585 3606 ct
600 3549 768 3620 imperatoris
787 3547 879 3604 nostri.

237 3721 264 3784 (1)
275 3719 431 3782 firmoatB:
440 3719 709 3790 ἐπιτροπῶνέχουσιν
729 3711 881 3772 ἀνάπαυσιν
899 3715 970 3782 πλὴν
982 3719 1044 3786 μιᾶς

236 3781 476 3856 αυνβαιεράνουέαε.
528 3793 561 3850 tn)
578 3785 811 3838 τῶνέναΗενοίιεν
844 3789 875 3850 (a)
893 3787 959 3838 ren
1011 3793 1042 3850 tit

234 3853 391 3906 severtii·
448 3859 478 3918 tt)
497 3855 623 3920 Ulpianus
638 3857 668 3906 de
683 3855 766 3904 officio
782 3855 905 3922 praetoris
920 3855 1042 3904 tutelaris.

236 3925 299 3988 [Non
308 3923 414 3974 honesta
422 3923 542 3974 missione
551 3939 602 3974 non
618 3927 781 3988 ex]eusantur
795 3929 820 3974 et
834 3925 872 3974 ita
881 3923 912 3972 de
921 3925 1042 3988 ig[nomi·

238 3993 302 4044 uiose
314 3993 424 4042 dimissis
434 3993 606 4056 imperatores]
617 4029 710 4044 ......
721 3993 774 4042 riae
784 3989 892 4042 Sabinae
907 3991 1041 4056 rescripse-

236 4065 289 4110 runt
299 4097 390 4114 .......
396 4065 585 4110 exauctoratum
596 4075 622 4112 e.
691 4099 696 4112 .
705 4059 744 4108 nb
754 4060 850 4110 urbicis
860 4059 945 4126 plante
954 4061 1041 4110 tutelis

234 4129 421 4192 excusabuntur,
433 4129 493 4192 quia
503 4129 602 4194 ingredi
612 4129 648 4180 eis
657 4129 744 4180 urbem
753 4129 883 4192 nonlicet]
898 4129 954 4180 Vot-
1007 4133 1041 4192 (ti

233 4187 404 4256 ἀναδεξονται
412 4197 523 4250 Ηετςλιεν
541 4197 573 4260 (i)
590 4191 681 4262 πάλιν]
692 4191 774 4260 ἀλλην
782 4197 900 4250 Hereter.
920 4197 952 4262 (8]
963 4199 992 4248 id
998 4207 1042 4248 est:

236 4263 348 4316 Veterani
357 4265 402 4330 qui
416 4267 519 4314 honeste
534 4265 642 4316 militiae
652 4271 750 4330 tempus
760 4266 923 4330 expleverunt
931 4267 1042 4314 vacatio·

235 4345 286 4382 nom
295 4333 411 4382 habenta
422 4331 510 4382 tutelis
525 4333 643 4382 adversus
652 4349 765 4396 paganos
775 4349 874 4384 omues:
884 4333 1002 4384 adversus
1010 4331 1042 4380 li·

234 4397 388 4450 berosautem
396 4415 488 4466 eorum,
497 4401 574 4464 quiin
581 4399 666 4450 eadem
675 4401 775 4466 legione
782 4401 858 4450 simul
870 4401 1043 4452 militaverunt

235 4471 429 4520 ueteranorumro
443 4469 630 4520 omniumintra
639 4483 733 4520 annum
741 4473 799 4532 post
812 4471 957 4520 missionem
967 4483 1041 4520 eucn-

233 4537 350 4588 satiouem
360 4536 461 4598 habeut,
482 4541 541 4600 post
555 4553 650 4588 annum
664 4551 716 4586 nou
731 4537 847 4600 amplius.
866 4553 924 4588 nam
933 4537 1041 4588 militiae

232 4603 1041 4670 existimatioaequabilisplusvaletquamprivilegiumveterano·

234 4687 290 4732 rum,
300 4671 398 4722 scilicet
410 4673 462 4720 nisi
471 4671 534 4720 alias
550 4685 637 4720 causas
646 4671 740 4720 habent
749 4673 885 4722 excusandi
894 4689 921 4722 se
929 4689 945 4722 a
953 4672 1040 4734 tutela,

234 4743 368 4790 utaetatem
374 4739 469 4790 scitale
476 4741 544 4804 quid,
555 4739 629 4804 quale
635 4739 711 4788 etiam
718 4741 824 4802 paganis
830 4741 948 4790 adversus
955 4755 1041 4790 omnes

233 4807 342 4868 prodesse
350 4807 421 4858 solet.
448 4807 510 4856 haec
524 4805 555 4856 de
569 4807 629 4856 filiis
645 4821 726 4870 neque
740 4821 801 4856 vero
810 4807 840 4856 de
855 4807 990 4872 nepotibus
999 4823 1041 4858 ve·

233 4873 384 4926 maenarum:
398 4889 457 4924 nam
470 4879 575 4938 nepotes
584 4879 756 4924 veteranorum
765 4875 851 4924 eodem
860 4873 915 4924 loco
924 4891 977 4924 csse
986 4891 1039 4924 cre-

234 4941 246 4990 t
263 4941 354 4992 duntur
369 4957 399 4992 ac
409 4943 504 5008 privati
519 4943 618 5006 reliqui.
638 4943 810 5008 ignominiose
824 4945 934 4992 autema
946 4943 1040 4994 militia

231 5005 324 5066 dimissi
330 5011 434 5074 perinde
440 5009 566 5060 habentur
575 5027 603 5060 ao
614 5011 657 5074 qni
663 5027 715 5060 nou
721 5011 894 5060 militaverunt
900 5011 987 5074 itaque
995 5027 1039 5060 ne·

231 5089 276 5140 que
292 5077 343 5142 ipsi
356 5077 519 5144 privilegium
532 5077 627 5128 babent
642 5095 723 5142 neque
737 5077 825 5128 liberis
834 5093 919 5126 eorum
925 5079 1039 5128 veterani

230 5143 246 5194 1
263 5147 355 5194 tutores
369 5145 423 5194 dati
438 5149 563 5196 tenentur.
580 5145 711 5194 Interdum
726 5149 809 5194 autem
825 5143 927 5210 quidam
936 5161 987 5194 nou
996 5161 1038 5194 ex-

231 5211 297 5272 plent
306 5213 412 5262 militiae
422 5217 519 5278 tempus
530 5217 555 5262 et
564 5213 645 5262 nihilo
654 5215 737 5264 minus
746 5213 840 5264 habent
849 5213 1037 5262 excusationem

230 5281 336 5330 atutelis
344 5281 461 5332 similiter
470 5297 498 5332 ae
506 5281 550 5344 qui
560 5281 735 5344 expleveruntz
746 5297 803 5332 nam
809 5281 903 5344 viginti
910 5281 1038 5346 stipendia

230 5359 399 5412 supergressus
413 5349 518 5416 perinde
539 5349 646 5398 habetur
666 5365 695 5398 ac
718 5351 762 5414 qui
776 5347 892 5414 implevit
908 5347 1035 5398 militiam.

230 5415 245 5464 δ
263 5415 310 5466 Sed
319 5417 363 5480 qui
372 5419 441 5466 intra
450 5419 516 5466 huno
527 5431 620 5466 annum
635 5417 725 5468 missus
735 5421 786 5480 est,
803 5433 855 5466 non
863 5417 1036 5482 habetperpe-

229 5487 295 5536 tuam
308 5499 324 5532 a
337 5485 423 5536 tutelis
433 5485 595 5550 vacationem,
611 5485 654 5536 sed
669 5485 700 5536 ad
716 5489 822 5550 tempus,
832 5489 861 5536 ut
870 5487 946 5534 etiam
955 5501 970 5534 a
979 5485 1035 5534 reli·

229 5553 284 5614 quis
293 5551 410 5604 civilibus
418 5551 563 5604 muneribus
573 5555 728 5604 vacationem
736 5555 819 5606 habet
837 5569 895 5602 nam
911 5553 956 5618 qui
968 5555 1036 5604 intre

229 5623 425 5686 quinquennium
440 5639 455 5674 a
469 5623 563 5672 militia
577 5621 668 5672 missus
678 5625 716 5672 est
724 5623 819 5672 nullam
830 5621 880 5672 sibi
890 5621 1035 5672 immunite-

230 5689 278 5740 λεια
285 5689 438 5742 vindicabit:
449 5695 492 5758 qni
502 5695 561 5758 post
570 5689 778 5758 quinquennium,
794 5689 951 5740 vacationem
959 5689 1035 5740 habet

228 5759 297 5820 anui,
308 5761 352 5824 qui
360 5763 417 5826 post
426 5775 505 5812 annos
514 5767 578 5818 ocio,
596 5775 719 5812 annorum
729 5759 842 5824 duorum,
853 5759 896 5824 qui
906 5761 964 5824 post
973 5759 1034 5810 dno·

1093 3477 1181 3562 τήπον
1211 3475 1293 3534 adeat
1322 3475 1462 3550 ιιουράτοερ
1493 3473 1607 3530 δίδοται.
1654 3477 1752 3548 dadone
1775 3471 1806 3528 δέ
1827 3473 1909 3530 πάλιν

1095 3567 1172 3606 ουτος
1189 3541 1358 3616 ἀναλήφεται
1379 3545 1429 3614 τὴν
1458 3543 1614 3614 ἐπιτροπήν.
1657 3545 1686 3616 ετξ,
1705 3541 1910 3600 directaneis

1096 3719 1184 3782 decim,
1200 3735 1323 3772 annorum
1338 3721 1423 3784 trium,
1441 3723 1485 3784 qui
1500 3725 1558 3784 post
1568 3721 1683 3786 sedecim,
1694 3737 1818 3772 annornm
1833 3731 1905 3788 quat-

1095 3793 1167 3838 tuor:
1184 3791 1242 3852 post
1250 3789 1343 3854 viginti
1361 3793 1444 3838 autem
1453 3793 1482 3838 ut
1491 3789 1599 3838 diximus
1611 3795 1733 3854 perpetuo
1748 3789 1905 3840 liberabitur.

1094 3857 1110 3906 4
1127 3855 1177 3904 Sed
1187 3857 1230 3922 qai
1244 3855 1418 3922 intervigilea
1427 3857 1572 3922 quittamus
1582 3859 1648 3918 εααί,
1658 3857 1833 3922 permilitavit,
1844 3859 1905 3908 anui

1094 3925 1109 3974 5
1127 3925 1226 3974 tantum
1243 3925 1398 3974 vacationem
1415 3925 1497 3974 habet
1515 3925 1552 3974 Hi
1571 3927 1731 3986 [excusantur
1744 3925 1854 3976 ututelir
1865 3941 1905 3976 ex·

1094 3995 1167 4054 cepta
1184 4007 1234 4042 una
1251 3991 1412 4044 conveterani
1429 3995 1485 4056 ias]
1503 3991 1607 4054 seilicet,
1626 3991 1764 4042 sibonests
1775 3993 1905 4042 dimittan-

1092 4059 1141 4122 tur,
1159 4063 1188 4108 ut
1205 4059 1321 4124 diximus,
1339 4059 1378 4110 vel
1395 4063 1498 4126 propter
1505 4059 1618 4110 morbum
1628 4075 1702 4124 qoem
1716 4061 1806 4110 dieunt
1820 4075 1905 4110 oausa-

1093 4129 1156 4178 riam
1166 4127 1310 4178 missionem
1319 4129 1609 4194 accipiantiestenimea
1616 4129 1824 4194 etipsahonesta)
1832 4145 1839 4180 r
1846 4143 1905 4180 nam

1094 4197 1109 4248 6
1127 4195 1293 4260 ignominiose
1301 4195 1393 4246 missus
1401 4197 1559 4246 vacationem
1567 4195 1707 4246 nonhabet.
1718 4195 1905 4246 Oonveteranus

1093 4267 1176 4314 autem
1184 4265 1350 4314 habeturnon
1359 4265 1441 4314 solum
1455 4265 1619 4330 legionarius,
1634 4263 1677 4314 sed
1692 4265 1775 4330 quivis
1785 4263 1904 4324 cuiusvis,

1094 4347 1248 4396 quocumque
1265 4333 1320 4382 loco
1337 4333 1494 4396 militaverit,
1512 4333 1584 4382 modo
1602 4337 1628 4382 et
1636 4333 1691 4396 ipse
1700 4333 1805 4384 honeste
1813 4331 1904 4380 missus

1094 4401 1140 4452 sit:
1156 4413 1213 4450 nam
1223 4399 1484 4466 legionariasquoque
1493 4401 1556 4466 eius,
1572 4401 1617 4466 qni
1629 4399 1795 4464 intervigiles
1804 4397 1903 4458 meruit,

1094 4469 1109 4520 7
1127 4465 1263 4518 liberorum
1275 4471 1343 4518 tutor
1356 4469 1392 4518 fit.
1409 4469 1497 4520 Etiam
1511 4469 1587 4520 militi
1596 4469 1690 4520 minori
1698 4471 1800 4518 curator
1808 4469 1903 4516 vetera·

1094 4553 1140 4586 nus
1156 4537 1264 4600 dabitur,
1279 4537 1377 4586 scilicet
1391 4541 1462 4600 patre
1477 4537 1530 4588 eius
1544 4543 1655 4588 mortuo:
1672 4537 1733 4584 item
1748 4537 1770 4584 si
1780 4531 1903 4584 eiusmodi

1094 4605 1108 4654 8
1126 4603 1220 4654 milites
1235 4605 1433 4668 emancipentur,
1449 4603 1572 4656 similiter.
1590 4605 1627 4654 Et
1640 4603 1719 4654 dehis
1728 4601 1844 4650 omuibus
1854 4603 1903 4650 tes-

1093 4673 1109 4724 9
1127 4675 1213 4720 tantur
1222 4671 1423 4722 constitutiones.
1442 4671 1537 4720 Scribit
1554 4673 1629 4720 etiam
1650 4669 1775 4734 Ulpianus
1790 4669 1834 4720 sio.
1854 4667 1903 4718 Sed

1094 4741 1125 4790 to
1144 4775 1149 4786 .
1160 4773 1166 4786 .
1176 4773 1182 4786 .
1193 4777 1199 4788 .
1209 4739 1401 4790 excusationem.
1433 4739 1580 4794 Quaesitum
1588 4741 1633 4800 est,
1648 4747 1734 4786 utrum
1741 4751 1817 4786 unam
1827 4735 1901 4786 semel

1092 4803 1901 4870 omninotntelarnveteranisuscipiantansimulnonpinsunam,

1091 4875 1173 4942 prima
1181 4879 1264 4924 autem
1274 4875 1351 4926 tutela
1359 4875 1431 4926 finita
1440 4891 1526 4924 rursus
1536 4875 1614 4936 [immo
1621 4873 1706 4936 aliam]
1718 4873 1866 4940 suscipiant.
1876 4879 1902 4924 at

1091 4945 1158 4996 sicut
1167 4943 1234 5008 apud
1243 4957 1356 5008 paganos
1364 4943 1450 4994 finitae
1459 4957 1510 4992 non
1520 4943 1659 5008 proderunt
1673 4941 1706 4990 iis
1715 4943 1760 5008 qui
1769 4957 1811 4994 aas
1819 4959 1902 5008 gesse·

1090 5017 1151 5062 runt
1164 5027 1245 5076 neque
1259 5011 1327 5062 iuter
1341 5017 1392 5064 tres
1405 5013 1591 5076 computantur,
1600 5011 1638 5058 ita
1646 5011 1722 5060 etiam
1730 5011 1798 5076 apud
1807 5017 1902 5062 vetera-

1090 5095 1135 5130 nos
1145 5095 1196 5130 non
1211 5077 1312 5144 prodest
1321 5079 1397 5130 fuisse
1406 5083 1521 5128 tutorem.
1541 5077 1569 5126 id
1577 5077 1653 5128 etiarn
1661 5077 1692 5128 de
1701 5083 1768 5130 curis
1778 5083 1901 5132 consubt-

1090 5151 1143 5198 tum
1153 5153 1237 5212 estut
1249 5149 1359 5198 declarat
1379 5161 1449 5198 sacra
1469 5143 1618 5196 constitutio
1634 5147 1717 5198 Severi
1734 5155 1758 5200 et
1766 5149 1900 5200 Antonini.

1091 5219 1119 5266 11
1139 5215 1227 5282 Neque
1235 5217 1348 5278 interest,
1358 5231 1434 5280 quam
1442 5213 1473 5264 ob
1483 5227 1535 5262 rem
1552 5213 1751 5266 commilitonum
1768 5215 1844 5268 liberi
1861 5219 1901 5268 in·

1089 5285 1193 5348 digeant
1202 5287 1294 5334 tutoris
1301 5281 1461 5342 curatorisve,
1471 5285 1556 5332 utrum
1565 5287 1668 5350 propter
1674 5287 1901 5352 emancipationem

1092 5355 1120 5404 λλ
1139 5355 1367 5416 anpatreruortuo.
1386 5349 1560 5414 Primipilares
1575 5353 1693 5404 exsectis
1708 5353 1900 5404 constitutioni·

1088 5419 1135 5468 bus
1151 5421 1337 5470 exeusationem
1350 5417 1444 5468 habent
1457 5433 1473 5468 a
1487 5419 1575 5468 tutelis
1589 5419 1707 5486 reliquiar
1732 5421 1899 5484 primipilaris

1088 5491 1171 5536 tamen
1185 5487 1245 5536 filiis
1260 5491 1356 5538 tutores
1371 5491 1452 5538 erunt.
1493 5487 1662 5554 primipilares
1678 5491 1761 5536 antem
1775 5487 1900 5538 habentur

1087 5557 1218 5620 primipilo
1227 5555 1368 5618 perfuncti:
1379 5555 1445 5620 quod
1454 5555 1476 5606 si
1483 5557 1539 5620 quis
1546 5561 1604 5608 ante
1611 5573 1686 5622 quam
1698 5571 1727 5604 eo
1734 5557 1900 5620 perfungatur

1086 5623 1216 5682 moriatur,
1229 5623 1305 5672 huius
1317 5623 1404 5674 liberis
1415 5623 1580 5688 primipilaris
1591 5627 1662 5674 tutor
1672 5635 1725 5672 non
1738 5623 1794 5672 erit.
1865 5623 1898 5680 (9)

1085 5685 1343 5760 πριμιπιλάριοιάιλ.
1380 5693 1424 5758 (iti
1436 5687 1563 5758 depastae
1572 5709 1616 5744 om.
1625 5689 1665 5740 F*
1700 5689 1742 5750 (11)
1755 5683 1899 5764 deceptura·

1086 5775 1130 5808 σιν
1146 5757 1184 5810 F²
1241 5761 1283 5824 tta)
1305 5761 1369 5812 aen
1417 5765 1459 5818 (rat
1478 5755 1626 5812 καλλιτεδη
1679 5757 1721 5818 (14)
1730 5769 1843 5804 παντινν
1852 5767 1901 5802 ees.

1640 5839 1690 5890 45*
