<?xml version="1.0" encoding="UTF-8"?>
<!DOCTYPE html PUBLIC "-//W3C//DTD XHTML 1.0 Transitional//EN"
    "http://www.w3.org/TR/xhtml1/DTD/xhtml1-transitional.dtd">
<html xmlns="http://www.w3.org/1999/xhtml" xml:lang="en" lang="en">
 <head>
  <title>
</title>
<meta http-equiv="Content-Type" content="text/html;charset=utf-8" />
  <meta name='ocr-system' content='tesseract 3.04.00' />
  <meta name='ocr-capabilities' content='ocr_page ocr_carea ocr_par ocr_line ocrx_word'/>
</head>
<body>
  <div class='ocr_page' id='page_1' title='image "./corpusiuriscivi00schogoog_0756.png"; bbox 0 0 4366 6258; ppageno 0'>
   <div class='ocr_carea' id='block_1_1' title="bbox 260 379 533 460">
    <p class='ocr_par' dir='ltr' id='par_1_1' title="bbox 260 379 533 460">
     <span class='ocr_line' id='line_1_1' title="bbox 260 379 533 460; baseline 0 -30"><span class='ocrx_word' id='word_1_1' title='bbox 260 381 369 460; x_wconf 77' lang='lat' dir='ltr'><strong>RERUM</strong></span> <span class='ocrx_word' id='word_1_2' title='bbox 390 379 533 430; x_wconf 74' lang='lat' dir='ltr'>DOMINIO</span> 
     </span>
    </p>
   </div>
   <div class='ocr_carea' id='block_1_2' title="bbox 257 543 1059 5354">
    <p class='ocr_par' dir='ltr' id='par_1_2' title="bbox 257 543 1059 5354">
     <span class='ocr_line' id='line_1_2' title="bbox 275 543 1056 614; baseline -0.01 -10"><span class='ocrx_word' id='word_1_3' title='bbox 275 547 326 604; x_wconf 90' lang='lat' dir='ltr'>uod</span> <span class='ocrx_word' id='word_1_4' title='bbox 342 545 442 614; x_wconf 81' lang='lat' dir='ltr'>iactum</span> <span class='ocrx_word' id='word_1_5' title='bbox 465 547 518 610; x_wconf 89' lang='lat' dir='ltr'>est,</span> <span class='ocrx_word' id='word_1_6' title='bbox 542 549 621 598; x_wconf 88' lang='lat' dir='ltr'>antea</span> <span class='ocrx_word' id='word_1_7' title='bbox 644 543 741 598; x_wconf 89' lang='lat' dir='ltr'>nullius</span> <span class='ocrx_word' id='word_1_8' title='bbox 763 543 860 598; x_wconf 82' lang='lat' dir='ltr'>fuerat.</span> <span class='ocrx_word' id='word_1_9' title='bbox 896 543 1011 598; x_wconf 85' lang='lat' dir='ltr'>Sabinus</span> <span class='ocrx_word' id='word_1_10' title='bbox 1028 549 1056 598; x_wconf 88' lang='lat' dir='ltr'>et</span> 
     </span>
     <span class='ocr_line' id='line_1_3' title="bbox 278 611 1054 678; baseline -0.008 -8"><span class='ocrx_word' id='word_1_11' title='bbox 278 615 360 670; x_wconf 88' lang='lat' dir='ltr'>assius</span> <span class='ocrx_word' id='word_1_12' title='bbox 386 611 469 678; x_wconf 84' lang='lat' dir='ltr'>magis</span> <span class='ocrx_word' id='word_1_13' title='bbox 496 611 644 664; x_wconf 76' lang='lat' dir='ltr'>naturalem</span> <span class='ocrx_word' id='word_1_14' title='bbox 668 611 798 664; x_wconf 88' lang='lat' dir='ltr'>rationem</span> <span class='ocrx_word' id='word_1_15' title='bbox 821 613 927 666; x_wconf 86' lang='lat' dir='ltr'>efficere</span> <span class='ocrx_word' id='word_1_16' title='bbox 950 617 1054 678; x_wconf 85' lang='lat' dir='ltr'>putant,</span> 
     </span>
     <span class='ocr_line' id='line_1_4' title="bbox 258 677 1054 748; baseline -0.005 -12"><span class='ocrx_word' id='word_1_17' title='bbox 258 693 285 742; x_wconf 81' lang='lat' dir='ltr'>ut</span> <span class='ocrx_word' id='word_1_18' title='bbox 321 681 349 736; x_wconf 86' lang='lat' dir='ltr'>ui</span> <span class='ocrx_word' id='word_1_19' title='bbox 369 679 495 734; x_wconf 88' lang='lat' dir='ltr'>materiae</span> <span class='ocrx_word' id='word_1_20' title='bbox 517 679 637 732; x_wconf 90' lang='lat' dir='ltr'>dominus</span> <span class='ocrx_word' id='word_1_21' title='bbox 660 677 752 744; x_wconf 85' lang='lat' dir='ltr'>fuerit,</span> <span class='ocrx_word' id='word_1_22' title='bbox 775 679 844 734; x_wconf 91' lang='lat' dir='ltr'>idem</span> <span class='ocrx_word' id='word_1_23' title='bbox 866 679 924 736; x_wconf 76' lang='lat' dir='ltr'>etus</span> <span class='ocrx_word' id='word_1_24' title='bbox 942 693 1054 748; x_wconf 90' lang='lat' dir='ltr'>quoque,</span> 
     </span>
     <span class='ocr_line' id='line_1_5' title="bbox 259 699 1055 826; baseline -0.009 -19"><span class='ocrx_word' id='word_1_25' title='bbox 259 699 323 826; x_wconf 59' lang='lat' dir='ltr'>quod</span> <span class='ocrx_word' id='word_1_26' title='bbox 345 765 377 802; x_wconf 82' lang='lat' dir='ltr'>ex</span> <span class='ocrx_word' id='word_1_27' title='bbox 399 747 490 802; x_wconf 90' lang='lat' dir='ltr'>eadem</span> <span class='ocrx_word' id='word_1_28' title='bbox 512 747 623 800; x_wconf 90' lang='lat' dir='ltr'>materia</span> <span class='ocrx_word' id='word_1_29' title='bbox 644 745 744 802; x_wconf 89' lang='lat' dir='ltr'>factum</span> <span class='ocrx_word' id='word_1_30' title='bbox 765 749 813 812; x_wconf 90' lang='lat' dir='ltr'>sit,</span> <span class='ocrx_word' id='word_1_31' title='bbox 838 747 959 802; x_wconf 89' lang='lat' dir='ltr'>dominus</span> <span class='ocrx_word' id='word_1_32' title='bbox 977 753 1055 812; x_wconf 88' lang='lat' dir='ltr'>esset,</span> 
     </span>
     <span class='ocr_line' id='line_1_6' title="bbox 260 813 1057 894; baseline -0.006 -21"><span class='ocrx_word' id='word_1_33' title='bbox 260 821 316 894; x_wconf 80' lang='lat' dir='ltr'>qnia</span> <span class='ocrx_word' id='word_1_34' title='bbox 338 817 395 870; x_wconf 90' lang='lat' dir='ltr'>sine</span> <span class='ocrx_word' id='word_1_35' title='bbox 418 815 528 868; x_wconf 84' lang='lat' dir='ltr'>materia</span> <span class='ocrx_word' id='word_1_36' title='bbox 550 815 624 868; x_wconf 90' lang='lat' dir='ltr'>nulla</span> <span class='ocrx_word' id='word_1_37' title='bbox 641 817 744 884; x_wconf 89' lang='lat' dir='ltr'>species</span> <span class='ocrx_word' id='word_1_38' title='bbox 761 815 832 870; x_wconf 89' lang='lat' dir='ltr'>effici</span> <span class='ocrx_word' id='word_1_39' title='bbox 847 817 948 884; x_wconf 82' lang='lat' dir='ltr'><strong>possit:</strong></span> <span class='ocrx_word' id='word_1_40' title='bbox 974 813 1057 870; x_wconf 86' lang='lat' dir='ltr'>veluti</span> 
     </span>
     <span class='ocr_line' id='line_1_7' title="bbox 259 883 1055 952; baseline -0.004 -11"><span class='ocrx_word' id='word_1_41' title='bbox 259 893 324 948; x_wconf 77' lang='lat' dir='ltr'>sier</span> <span class='ocrx_word' id='word_1_42' title='bbox 344 901 409 938; x_wconf 89' lang='lat' dir='ltr'>auro</span> <span class='ocrx_word' id='word_1_43' title='bbox 423 883 464 938; x_wconf 89' lang='lat' dir='ltr'>vel</span> <span class='ocrx_word' id='word_1_44' title='bbox 482 889 591 952; x_wconf 87' lang='lat' dir='ltr'>argento</span> <span class='ocrx_word' id='word_1_45' title='bbox 607 883 650 938; x_wconf 90' lang='lat' dir='ltr'>vel</span> <span class='ocrx_word' id='word_1_46' title='bbox 666 887 740 940; x_wconf 89' lang='lat' dir='ltr'>aere¹</span> <span class='ocrx_word' id='word_1_47' title='bbox 758 901 805 938; x_wconf 90' lang='lat' dir='ltr'>vas</span> <span class='ocrx_word' id='word_1_48' title='bbox 827 883 934 952; x_wconf 82' lang='lat' dir='ltr'><strong>aliquod</strong></span> <span class='ocrx_word' id='word_1_49' title='bbox 956 883 1055 948; x_wconf 85' lang='lat' dir='ltr'>fecero,</span> 
     </span>
     <span class='ocr_line' id='line_1_8' title="bbox 258 951 1056 1014; baseline -0.01 0"><span class='ocrx_word' id='word_1_50' title='bbox 258 959 341 1014; x_wconf 86' lang='lat' dir='ltr'>velex</span> <span class='ocrx_word' id='word_1_51' title='bbox 356 953 456 1008; x_wconf 89' lang='lat' dir='ltr'>tabulis</span> <span class='ocrx_word' id='word_1_52' title='bbox 467 951 520 1006; x_wconf 87' lang='lat' dir='ltr'>tuis</span> <span class='ocrx_word' id='word_1_53' title='bbox 538 967 631 1006; x_wconf 90' lang='lat' dir='ltr'>navem</span> <span class='ocrx_word' id='word_1_54' title='bbox 645 961 692 1006; x_wconf 91' lang='lat' dir='ltr'>aut</span> <span class='ocrx_word' id='word_1_55' title='bbox 709 951 852 1006; x_wconf 85' lang='lat' dir='ltr'>armarium</span> <span class='ocrx_word' id='word_1_56' title='bbox 866 957 914 1006; x_wconf 90' lang='lat' dir='ltr'>aut</span> <span class='ocrx_word' id='word_1_57' title='bbox 927 951 1056 1006; x_wconf 89' lang='lat' dir='ltr'>subsellia</span> 
     </span>
     <span class='ocr_line' id='line_1_9' title="bbox 259 1019 1057 1086; baseline -0.01 -6"><span class='ocrx_word' id='word_1_58' title='bbox 259 1031 356 1086; x_wconf 83' lang='lat' dir='ltr'>fecero,</span> <span class='ocrx_word' id='word_1_59' title='bbox 374 1023 414 1074; x_wconf 90' lang='grc' dir='ltr'><strong>νε]</strong></span> <span class='ocrx_word' id='word_1_60' title='bbox 431 1037 465 1074; x_wconf 87' lang='lat' dir='ltr'>ex</span> <span class='ocrx_word' id='word_1_61' title='bbox 482 1021 544 1072; x_wconf 91' lang='lat' dir='ltr'>lana</span> <span class='ocrx_word' id='word_1_62' title='bbox 560 1025 607 1072; x_wconf 89' lang='lat' dir='ltr'>tua</span> <span class='ocrx_word' id='word_1_63' title='bbox 624 1021 819 1086; x_wconf 90' lang='lat' dir='ltr'>vestimentum,</span> <span class='ocrx_word' id='word_1_64' title='bbox 841 1019 883 1072; x_wconf 99' lang='grc' dir='ltr'><strong>νε]</strong></span> <span class='ocrx_word' id='word_1_65' title='bbox 902 1035 934 1072; x_wconf 90' lang='lat' dir='ltr'>ex</span> <span class='ocrx_word' id='word_1_66' title='bbox 950 1021 1011 1074; x_wconf 87' lang='lat' dir='ltr'>vino</span> <span class='ocrx_word' id='word_1_67' title='bbox 1029 1025 1057 1074; x_wconf 90' lang='lat' dir='ltr'>et</span> 
     </span>
     <span class='ocr_line' id='line_1_10' title="bbox 258 1087 1056 1154; baseline -0.005 -10"><span class='ocrx_word' id='word_1_68' title='bbox 258 1091 328 1150; x_wconf 81' lang='lat' dir='ltr'>melle</span> <span class='ocrx_word' id='word_1_69' title='bbox 351 1095 397 1142; x_wconf 89' lang='lat' dir='ltr'>tuo</span> <span class='ocrx_word' id='word_1_70' title='bbox 421 1087 548 1154; x_wconf 89' lang='lat' dir='ltr'>mulsum,</span> <span class='ocrx_word' id='word_1_71' title='bbox 577 1089 618 1142; x_wconf 88' lang='lat' dir='ltr'>rel</span> <span class='ocrx_word' id='word_1_72' title='bbox 647 1105 679 1142; x_wconf 82' lang='lat' dir='ltr'>ex</span> <span class='ocrx_word' id='word_1_73' title='bbox 702 1087 897 1142; x_wconf 80' lang='lat' dir='ltr'>medicamentis</span> <span class='ocrx_word' id='word_1_74' title='bbox 924 1087 978 1142; x_wconf 89' lang='lat' dir='ltr'>tuis</span> <span class='ocrx_word' id='word_1_75' title='bbox 1002 1105 1056 1142; x_wconf 87' lang='lat' dir='ltr'>ern·</span> 
     </span>
     <span class='ocr_line' id='line_1_11' title="bbox 258 1155 1057 1234; baseline -0.008 -20"><span class='ocrx_word' id='word_1_76' title='bbox 258 1161 382 1234; x_wconf 87' lang='lat' dir='ltr'>plastrum</span> <span class='ocrx_word' id='word_1_77' title='bbox 404 1163 450 1210; x_wconf 90' lang='lat' dir='ltr'>aut</span> <span class='ocrx_word' id='word_1_78' title='bbox 473 1155 623 1226; x_wconf 77' lang='lat' dir='ltr'>collyrium,</span> <span class='ocrx_word' id='word_1_79' title='bbox 641 1156 682 1210; x_wconf 91' lang='grc' dir='ltr'><strong>νε]</strong></span> <span class='ocrx_word' id='word_1_80' title='bbox 704 1171 737 1210; x_wconf 83' lang='lat' dir='ltr'>ex</span> <span class='ocrx_word' id='word_1_81' title='bbox 758 1157 818 1210; x_wconf 90' lang='lat' dir='ltr'>uvis</span> <span class='ocrx_word' id='word_1_82' title='bbox 842 1161 889 1210; x_wconf 90' lang='lat' dir='ltr'>aut</span> <span class='ocrx_word' id='word_1_83' title='bbox 911 1155 986 1210; x_wconf 85' lang='lat' dir='ltr'>olivis</span> <span class='ocrx_word' id='word_1_84' title='bbox 1010 1161 1057 1210; x_wconf 89' lang='lat' dir='ltr'>aut</span> 
     </span>
     <span class='ocr_line' id='line_1_12' title="bbox 259 1225 1056 1298; baseline -0.008 -16"><span class='ocrx_word' id='word_1_85' title='bbox 259 1227 333 1298; x_wconf 88' lang='lat' dir='ltr'>spicis</span> <span class='ocrx_word' id='word_1_86' title='bbox 362 1225 414 1278; x_wconf 88' lang='lat' dir='ltr'>tuis</span> <span class='ocrx_word' id='word_1_87' title='bbox 440 1225 530 1278; x_wconf 90' lang='lat' dir='ltr'>vinum</span> <span class='ocrx_word' id='word_1_88' title='bbox 557 1225 598 1280; x_wconf 90' lang='lat' dir='ltr'>vel</span> <span class='ocrx_word' id='word_1_89' title='bbox 625 1225 712 1278; x_wconf 89' lang='lat' dir='ltr'>oleum</span> <span class='ocrx_word' id='word_1_90' title='bbox 740 1225 782 1278; x_wconf 91' lang='lat' dir='ltr'>vel</span> <span class='ocrx_word' id='word_1_91' title='bbox 809 1225 980 1278; x_wconf 89' lang='lat' dir='ltr'>frumentum.</span> <span class='ocrx_word' id='word_1_92' title='bbox 1016 1229 1056 1280; x_wconf 90' lang='lat' dir='ltr'>est</span> 
     </span>
     <span class='ocr_line' id='line_1_13' title="bbox 259 1291 1057 1358; baseline -0.008 -6"><span class='ocrx_word' id='word_1_93' title='bbox 259 1307 341 1352; x_wconf 88' lang='lat' dir='ltr'>tamen</span> <span class='ocrx_word' id='word_1_94' title='bbox 358 1295 438 1348; x_wconf 88' lang='lat' dir='ltr'>etiam</span> <span class='ocrx_word' id='word_1_95' title='bbox 455 1293 540 1348; x_wconf 88' lang='lat' dir='ltr'>media</span> <span class='ocrx_word' id='word_1_96' title='bbox 557 1293 688 1348; x_wconf 85' lang='lat' dir='ltr'>sententia</span> <span class='ocrx_word' id='word_1_97' title='bbox 705 1297 777 1346; x_wconf 90' lang='lat' dir='ltr'>recte</span> <span class='ocrx_word' id='word_1_98' title='bbox 794 1291 1014 1358; x_wconf 76' lang='lat' dir='ltr'>existimantium,</span> <span class='ocrx_word' id='word_1_99' title='bbox 1033 1293 1057 1348; x_wconf 91' lang='lat' dir='ltr'>si</span> 
     </span>
     <span class='ocr_line' id='line_1_14' title="bbox 260 1361 1056 1434; baseline 0 -18"><span class='ocrx_word' id='word_1_100' title='bbox 260 1363 355 1434; x_wconf 80' lang='lat' dir='ltr'>species</span> <span class='ocrx_word' id='word_1_101' title='bbox 381 1363 416 1414; x_wconf 89' lang='lat' dir='ltr'>ad</span> <span class='ocrx_word' id='word_1_102' title='bbox 441 1363 579 1416; x_wconf 76' lang='lat' dir='ltr'>materiam</span> <span class='ocrx_word' id='word_1_103' title='bbox 607 1361 704 1414; x_wconf 88' lang='lat' dir='ltr'>reverti</span> <span class='ocrx_word' id='word_1_104' title='bbox 731 1361 828 1430; x_wconf 86' lang='lat' dir='ltr'>possit,</span> <span class='ocrx_word' id='word_1_105' title='bbox 858 1363 947 1416; x_wconf 87' lang='lat' dir='ltr'>verius</span> <span class='ocrx_word' id='word_1_106' title='bbox 970 1363 1056 1426; x_wconf 76' lang='lat' dir='ltr'>esse2,</span> 
     </span>
     <span class='ocr_line' id='line_1_15' title="bbox 260 1429 1057 1502; baseline 0 -18"><span class='ocrx_word' id='word_1_107' title='bbox 260 1431 324 1502; x_wconf 81' lang='lat' dir='ltr'>quod</span> <span class='ocrx_word' id='word_1_108' title='bbox 341 1431 384 1484; x_wconf 78' lang='lat' dir='ltr'>et³</span> <span class='ocrx_word' id='word_1_109' title='bbox 402 1429 516 1486; x_wconf 83' lang='lat' dir='ltr'>Sabinus</span> <span class='ocrx_word' id='word_1_110' title='bbox 531 1437 558 1484; x_wconf 92' lang='lat' dir='ltr'>et</span> <span class='ocrx_word' id='word_1_111' title='bbox 573 1429 681 1484; x_wconf 77' lang='lat' dir='ltr'>Cassius</span> <span class='ocrx_word' id='word_1_112' title='bbox 699 1437 845 1496; x_wconf 88' lang='lat' dir='ltr'>senserunt,</span> <span class='ocrx_word' id='word_1_113' title='bbox 863 1431 886 1486; x_wconf 89' lang='lat' dir='ltr'>si</span> <span class='ocrx_word' id='word_1_114' title='bbox 903 1447 958 1484; x_wconf 92' lang='lat' dir='ltr'>non</span> <span class='ocrx_word' id='word_1_115' title='bbox 971 1429 1057 1498; x_wconf 77' lang='lat' dir='ltr'>possit</span> 
     </span>
     <span class='ocr_line' id='line_1_16' title="bbox 258 1495 1055 1568; baseline -0.003 -14"><span class='ocrx_word' id='word_1_116' title='bbox 258 1499 354 1562; x_wconf 84' lang='lat' dir='ltr'>reverti,</span> <span class='ocrx_word' id='word_1_117' title='bbox 373 1499 459 1552; x_wconf 89' lang='lat' dir='ltr'>verius</span> <span class='ocrx_word' id='word_1_118' title='bbox 477 1513 543 1562; x_wconf 89' lang='lat' dir='ltr'>esse,</span> <span class='ocrx_word' id='word_1_119' title='bbox 562 1497 633 1564; x_wconf 89' lang='lat' dir='ltr'>quod</span> <span class='ocrx_word' id='word_1_120' title='bbox 649 1495 753 1552; x_wconf 82' lang='lat' dir='ltr'>Nemee</span> <span class='ocrx_word' id='word_1_121' title='bbox 773 1503 799 1552; x_wconf 89' lang='lat' dir='ltr'>et</span> <span class='ocrx_word' id='word_1_122' title='bbox 812 1499 926 1554; x_wconf 90' lang='lat' dir='ltr'>Proculo</span> <span class='ocrx_word' id='word_1_123' title='bbox 944 1499 1055 1568; x_wconf 82' lang='lat' dir='ltr'>placuit.</span> 
     </span>
     <span class='ocr_line' id='line_1_17' title="bbox 258 1565 1057 1624; baseline -0.003 -2"><span class='ocrx_word' id='word_1_124' title='bbox 258 1575 285 1622; x_wconf 87' lang='lat' dir='ltr'>ot</span> <span class='ocrx_word' id='word_1_125' title='bbox 305 1583 366 1620; x_wconf 89' lang='lat' dir='ltr'>ecce</span> <span class='ocrx_word' id='word_1_126' title='bbox 389 1583 435 1620; x_wconf 86' lang='lat' dir='ltr'>vas</span> <span class='ocrx_word' id='word_1_127' title='bbox 460 1565 603 1622; x_wconf 89' lang='lat' dir='ltr'>conflatum</span> <span class='ocrx_word' id='word_1_128' title='bbox 629 1567 663 1618; x_wconf 89' lang='lat' dir='ltr'>ad</span> <span class='ocrx_word' id='word_1_129' title='bbox 685 1567 778 1620; x_wconf 90' lang='lat' dir='ltr'>rudem</span> <span class='ocrx_word' id='word_1_130' title='bbox 801 1583 916 1624; x_wconf 88' lang='lat' dir='ltr'>massam</span> <span class='ocrx_word' id='word_1_131' title='bbox 940 1567 999 1622; x_wconf 83' lang='lat' dir='ltr'>auri</span> <span class='ocrx_word' id='word_1_132' title='bbox 1014 1567 1057 1624; x_wconf 89' lang='grc' dir='ltr'><strong>νε]</strong></span> 
     </span>
     <span class='ocr_line' id='line_1_18' title="bbox 258 1633 1056 1702; baseline 0 -12"><span class='ocrx_word' id='word_1_133' title='bbox 258 1635 354 1702; x_wconf 83' lang='lat' dir='ltr'>argenti</span> <span class='ocrx_word' id='word_1_134' title='bbox 371 1635 412 1688; x_wconf 92' lang='grc' dir='ltr'><strong>νε]</strong></span> <span class='ocrx_word' id='word_1_135' title='bbox 424 1637 495 1690; x_wconf 90' lang='lat' dir='ltr'>aeris</span> <span class='ocrx_word' id='word_1_136' title='bbox 506 1635 603 1688; x_wconf 87' lang='lat' dir='ltr'>reverti</span> <span class='ocrx_word' id='word_1_137' title='bbox 614 1639 711 1702; x_wconf 88' lang='lat' dir='ltr'>potest,</span> <span class='ocrx_word' id='word_1_138' title='bbox 729 1633 819 1690; x_wconf 87' lang='lat' dir='ltr'>vinum</span> <span class='ocrx_word' id='word_1_139' title='bbox 835 1653 897 1690; x_wconf 87' lang='lat' dir='ltr'>vero</span> <span class='ocrx_word' id='word_1_140' title='bbox 915 1637 958 1690; x_wconf 93' lang='lat' dir='ltr'>vel</span> <span class='ocrx_word' id='word_1_141' title='bbox 969 1637 1056 1692; x_wconf 89' lang='lat' dir='ltr'>oleum</span> 
     </span>
     <span class='ocr_line' id='line_1_19' title="bbox 259 1703 1057 1774; baseline 0 -18"><span class='ocrx_word' id='word_1_142' title='bbox 259 1703 295 1756; x_wconf 90' lang='lat' dir='ltr'>vel</span> <span class='ocrx_word' id='word_1_143' title='bbox 316 1703 477 1756; x_wconf 82' lang='lat' dir='ltr'>frumentum</span> <span class='ocrx_word' id='word_1_144' title='bbox 500 1703 535 1756; x_wconf 89' lang='lat' dir='ltr'>ad</span> <span class='ocrx_word' id='word_1_145' title='bbox 556 1719 621 1756; x_wconf 91' lang='lat' dir='ltr'>uvas</span> <span class='ocrx_word' id='word_1_146' title='bbox 645 1707 671 1756; x_wconf 91' lang='lat' dir='ltr'>et</span> <span class='ocrx_word' id='word_1_147' title='bbox 694 1703 775 1758; x_wconf 90' lang='lat' dir='ltr'>olivas</span> <span class='ocrx_word' id='word_1_148' title='bbox 797 1711 825 1760; x_wconf 88' lang='lat' dir='ltr'>et</span> <span class='ocrx_word' id='word_1_149' title='bbox 847 1705 936 1774; x_wconf 88' lang='lat' dir='ltr'>spicas</span> <span class='ocrx_word' id='word_1_150' title='bbox 959 1705 1057 1758; x_wconf 89' lang='lat' dir='ltr'>reverti</span> 
     </span>
     <span class='ocr_line' id='line_1_20' title="bbox 259 1771 1056 1840; baseline 0 -16"><span class='ocrx_word' id='word_1_151' title='bbox 259 1787 307 1824; x_wconf 92' lang='lat' dir='ltr'>nou</span> <span class='ocrx_word' id='word_1_152' title='bbox 324 1777 425 1838; x_wconf 90' lang='lat' dir='ltr'>potest:</span> <span class='ocrx_word' id='word_1_153' title='bbox 451 1787 483 1824; x_wconf 91' lang='lat' dir='ltr'>ao</span> <span class='ocrx_word' id='word_1_154' title='bbox 500 1787 533 1824; x_wconf 90' lang='lat' dir='ltr'>ne</span> <span class='ocrx_word' id='word_1_155' title='bbox 549 1771 663 1824; x_wconf 90' lang='lat' dir='ltr'>mulsum</span> <span class='ocrx_word' id='word_1_156' title='bbox 681 1771 785 1840; x_wconf 88' lang='lat' dir='ltr'>quidem</span> <span class='ocrx_word' id='word_1_157' title='bbox 803 1773 837 1826; x_wconf 88' lang='lat' dir='ltr'>ad</span> <span class='ocrx_word' id='word_1_158' title='bbox 855 1775 906 1828; x_wconf 92' lang='lat' dir='ltr'>mel</span> <span class='ocrx_word' id='word_1_159' title='bbox 924 1777 951 1826; x_wconf 91' lang='lat' dir='ltr'>et</span> <span class='ocrx_word' id='word_1_160' title='bbox 967 1773 1056 1826; x_wconf 85' lang='lat' dir='ltr'>vinum</span> 
     </span>
     <span class='ocr_line' id='line_1_21' title="bbox 257 1837 1057 1908; baseline 0.003 -16"><span class='ocrx_word' id='word_1_161' title='bbox 257 1839 295 1892; x_wconf 88' lang='lat' dir='ltr'>vel</span> <span class='ocrx_word' id='word_1_162' title='bbox 311 1837 482 1906; x_wconf 82' lang='lat' dir='ltr'>emplastrum</span> <span class='ocrx_word' id='word_1_163' title='bbox 500 1847 546 1894; x_wconf 89' lang='lat' dir='ltr'>aut</span> <span class='ocrx_word' id='word_1_164' title='bbox 570 1839 678 1908; x_wconf 82' lang='lat' dir='ltr'>collyria</span> <span class='ocrx_word' id='word_1_165' title='bbox 696 1839 729 1894; x_wconf 91' lang='lat' dir='ltr'>ad</span> <span class='ocrx_word' id='word_1_166' title='bbox 750 1841 942 1896; x_wconf 87' lang='lat' dir='ltr'>medicamenta</span> <span class='ocrx_word' id='word_1_167' title='bbox 959 1839 1057 1894; x_wconf 88' lang='lat' dir='ltr'>reverti</span> 
     </span>
     <span class='ocr_line' id='line_1_22' title="bbox 258 1907 1056 1978; baseline 0.003 -18"><span class='ocrx_word' id='word_1_168' title='bbox 258 1913 373 1976; x_wconf 86' lang='lat' dir='ltr'>possunt.</span> <span class='ocrx_word' id='word_1_169' title='bbox 407 1907 530 1960; x_wconf 90' lang='lat' dir='ltr'>videntur</span> <span class='ocrx_word' id='word_1_170' title='bbox 551 1915 639 1962; x_wconf 90' lang='lat' dir='ltr'>tamen</span> <span class='ocrx_word' id='word_1_171' title='bbox 662 1909 725 1960; x_wconf 86' lang='lat' dir='ltr'>milri</span> <span class='ocrx_word' id='word_1_172' title='bbox 741 1915 813 1964; x_wconf 90' lang='lat' dir='ltr'>recte</span> <span class='ocrx_word' id='word_1_173' title='bbox 831 1909 939 1978; x_wconf 83' lang='lat' dir='ltr'>quidam</span> <span class='ocrx_word' id='word_1_174' title='bbox 958 1909 1056 1962; x_wconf 85' lang='lat' dir='ltr'>dixisse</span> 
     </span>
     <span class='ocr_line' id='line_1_23' title="bbox 258 1975 1057 2046; baseline 0 -18"><span class='ocrx_word' id='word_1_175' title='bbox 258 1991 307 2028; x_wconf 92' lang='lat' dir='ltr'>non</span> <span class='ocrx_word' id='word_1_176' title='bbox 330 1975 425 2028; x_wconf 89' lang='lat' dir='ltr'>debere</span> <span class='ocrx_word' id='word_1_177' title='bbox 452 1975 581 2040; x_wconf 91' lang='lat' dir='ltr'>dubitari,</span> <span class='ocrx_word' id='word_1_178' title='bbox 611 1977 674 2044; x_wconf 91' lang='lat' dir='ltr'>quin</span> <span class='ocrx_word' id='word_1_179' title='bbox 695 1977 786 2032; x_wconf 92' lang='lat' dir='ltr'>alienis</span> <span class='ocrx_word' id='word_1_180' title='bbox 810 1977 891 2046; x_wconf 89' lang='lat' dir='ltr'>spicis</span> <span class='ocrx_word' id='word_1_181' title='bbox 915 1993 1057 2032; x_wconf 82' lang='lat' dir='ltr'>excussum</span> 
     </span>
     <span class='ocr_line' id='line_1_24' title="bbox 258 2041 1057 2112; baseline 0.004 -19"><span class='ocrx_word' id='word_1_182' title='bbox 258 2041 413 2096; x_wconf 80' lang='lat' dir='ltr'>frumentum</span> <span class='ocrx_word' id='word_1_183' title='bbox 437 2043 492 2098; x_wconf 91' lang='lat' dir='ltr'>eius</span> <span class='ocrx_word' id='word_1_184' title='bbox 517 2045 564 2108; x_wconf 87' lang='lat' dir='ltr'>sit,</span> <span class='ocrx_word' id='word_1_185' title='bbox 594 2045 669 2098; x_wconf 91' lang='lat' dir='ltr'>cuius</span> <span class='ocrx_word' id='word_1_186' title='bbox 694 2053 720 2098; x_wconf 91' lang='lat' dir='ltr'>et</span> <span class='ocrx_word' id='word_1_187' title='bbox 743 2045 831 2112; x_wconf 90' lang='lat' dir='ltr'>spicae</span> <span class='ocrx_word' id='word_1_188' title='bbox 849 2045 972 2098; x_wconf 85' lang='lat' dir='ltr'>fuerunt:</span> <span class='ocrx_word' id='word_1_189' title='bbox 997 2059 1057 2098; x_wconf 89' lang='lat' dir='ltr'>cum</span> 
     </span>
     <span class='ocr_line' id='line_1_25' title="bbox 258 2109 1056 2180; baseline 0 -16"><span class='ocrx_word' id='word_1_190' title='bbox 258 2109 322 2164; x_wconf 88' lang='lat' dir='ltr'>enim</span> <span class='ocrx_word' id='word_1_191' title='bbox 345 2125 441 2176; x_wconf 87' lang='lat' dir='ltr'>grana,</span> <span class='ocrx_word' id='word_1_192' title='bbox 466 2127 534 2178; x_wconf 86' lang='lat' dir='ltr'>quae</span> <span class='ocrx_word' id='word_1_193' title='bbox 551 2111 632 2180; x_wconf 87' lang='lat' dir='ltr'>spicis</span> <span class='ocrx_word' id='word_1_194' title='bbox 650 2113 825 2176; x_wconf 86' lang='lat' dir='ltr'>continentur,</span> <span class='ocrx_word' id='word_1_195' title='bbox 843 2111 991 2180; x_wconf 87' lang='lat' dir='ltr'>perfectam</span> <span class='ocrx_word' id='word_1_196' title='bbox 1007 2111 1056 2164; x_wconf 91' lang='lat' dir='ltr'>ha·</span> 
     </span>
     <span class='ocr_line' id='line_1_26' title="bbox 258 2179 1056 2248; baseline 0.003 -18"><span class='ocrx_word' id='word_1_197' title='bbox 258 2179 333 2230; x_wconf 87' lang='lat' dir='ltr'>beant</span> <span class='ocrx_word' id='word_1_198' title='bbox 351 2193 426 2230; x_wconf 89' lang='lat' dir='ltr'>sumn</span> <span class='ocrx_word' id='word_1_199' title='bbox 444 2179 565 2246; x_wconf 89' lang='lat' dir='ltr'>speciem,</span> <span class='ocrx_word' id='word_1_200' title='bbox 584 2179 627 2246; x_wconf 89' lang='lat' dir='ltr'>qui</span> <span class='ocrx_word' id='word_1_201' title='bbox 641 2179 757 2232; x_wconf 81' lang='lat' dir='ltr'>excussit</span> <span class='ocrx_word' id='word_1_202' title='bbox 774 2181 870 2248; x_wconf 88' lang='lat' dir='ltr'>spicas,</span> <span class='ocrx_word' id='word_1_203' title='bbox 889 2195 944 2234; x_wconf 85' lang='lat' dir='ltr'>non</span> <span class='ocrx_word' id='word_1_204' title='bbox 960 2197 1056 2236; x_wconf 86' lang='lat' dir='ltr'>nouam</span> 
     </span>
     <span class='ocr_line' id='line_1_27' title="bbox 259 2245 1056 2366; baseline 0.008 -70"><span class='ocrx_word' id='word_1_205' title='bbox 259 2249 271 2296; x_wconf 85' lang='lat'>8</span> <span class='ocrx_word' id='word_1_206' title='bbox 304 2245 418 2366; x_wconf 57' lang='lat' dir='ltr'>sgeciem</span> <span class='ocrx_word' id='word_1_207' title='bbox 434 2245 507 2310; x_wconf 84' lang='lat' dir='ltr'>facit,</span> <span class='ocrx_word' id='word_1_208' title='bbox 526 2245 573 2300; x_wconf 90' lang='lat' dir='ltr'>sed</span> <span class='ocrx_word' id='word_1_209' title='bbox 591 2261 648 2298; x_wconf 89' lang='lat' dir='ltr'>earn</span> <span class='ocrx_word' id='word_1_210' title='bbox 665 2263 732 2314; x_wconf 87' lang='lat' dir='ltr'>quae</span> <span class='ocrx_word' id='word_1_211' title='bbox 756 2253 796 2302; x_wconf 85' lang='lat' dir='ltr'>est</span> <span class='ocrx_word' id='word_1_212' title='bbox 814 2247 917 2314; x_wconf 77' lang='lat' dir='ltr'>detegit.</span> <span class='ocrx_word' id='word_1_213' title='bbox 953 2247 1056 2304; x_wconf 85' lang='lat' dir='ltr'>Volun-</span> 
     </span>
     <span class='ocr_line' id='line_1_28' title="bbox 257 2313 1056 2370; baseline 0.005 -6"><span class='ocrx_word' id='word_1_214' title='bbox 257 2319 296 2366; x_wconf 87' lang='lat' dir='ltr'>tas</span> <span class='ocrx_word' id='word_1_215' title='bbox 336 2329 430 2366; x_wconf 89' lang='lat' dir='ltr'>uorum</span> <span class='ocrx_word' id='word_1_216' title='bbox 453 2313 619 2368; x_wconf 88' lang='lat' dir='ltr'>dominorum</span> <span class='ocrx_word' id='word_1_217' title='bbox 646 2315 812 2368; x_wconf 88' lang='lat' dir='ltr'>miscentium</span> <span class='ocrx_word' id='word_1_218' title='bbox 834 2313 960 2370; x_wconf 88' lang='lat' dir='ltr'>materias</span> <span class='ocrx_word' id='word_1_219' title='bbox 985 2331 1056 2370; x_wconf 87' lang='lat' dir='ltr'>conr·</span> 
     </span>
     <span class='ocr_line' id='line_1_29' title="bbox 258 2381 1059 2450; baseline 0.002 -16"><span class='ocrx_word' id='word_1_220' title='bbox 258 2395 332 2434; x_wconf 88' lang='lat' dir='ltr'>mune</span> <span class='ocrx_word' id='word_1_221' title='bbox 348 2385 433 2434; x_wconf 90' lang='lat' dir='ltr'>totum</span> <span class='ocrx_word' id='word_1_222' title='bbox 451 2399 548 2450; x_wconf 88' lang='lat' dir='ltr'>corpus</span> <span class='ocrx_word' id='word_1_223' title='bbox 566 2381 660 2446; x_wconf 82' lang='lat' dir='ltr'>efficit,</span> <span class='ocrx_word' id='word_1_224' title='bbox 679 2381 732 2436; x_wconf 91' lang='lat' dir='ltr'>sive</span> <span class='ocrx_word' id='word_1_225' title='bbox 749 2383 867 2438; x_wconf 88' lang='lat' dir='ltr'>eiusdem</span> <span class='ocrx_word' id='word_1_226' title='bbox 882 2383 987 2450; x_wconf 87' lang='lat' dir='ltr'>generis</span> <span class='ocrx_word' id='word_1_227' title='bbox 1004 2385 1059 2438; x_wconf 91' lang='lat' dir='ltr'>sint</span> 
     </span>
     <span class='ocr_line' id='line_1_30' title="bbox 259 2449 1056 2518; baseline 0.005 -18"><span class='ocrx_word' id='word_1_228' title='bbox 259 2449 393 2514; x_wconf 89' lang='lat' dir='ltr'>materiae,</span> <span class='ocrx_word' id='word_1_229' title='bbox 416 2449 498 2504; x_wconf 89' lang='lat' dir='ltr'>veluti</span> <span class='ocrx_word' id='word_1_230' title='bbox 514 2449 575 2502; x_wconf 89' lang='lat' dir='ltr'>vina</span> <span class='ocrx_word' id='word_1_231' title='bbox 592 2449 753 2502; x_wconf 88' lang='lat' dir='ltr'>miscuerunt</span> <span class='ocrx_word' id='word_1_232' title='bbox 770 2453 811 2506; x_wconf 93' lang='lat' dir='ltr'>vel</span> <span class='ocrx_word' id='word_1_233' title='bbox 835 2457 975 2518; x_wconf 86' lang='lat' dir='ltr'>argentum</span> <span class='ocrx_word' id='word_1_234' title='bbox 993 2467 1056 2506; x_wconf 90' lang='lat' dir='ltr'>con·</span> 
     </span>
     <span class='ocr_line' id='line_1_31' title="bbox 258 2515 1057 2582; baseline 0.003 -12"><span class='ocrx_word' id='word_1_235' title='bbox 258 2515 396 2582; x_wconf 83' lang='lat' dir='ltr'>flaverunt,</span> <span class='ocrx_word' id='word_1_236' title='bbox 414 2519 467 2572; x_wconf 90' lang='lat' dir='ltr'>sive</span> <span class='ocrx_word' id='word_1_237' title='bbox 485 2517 615 2580; x_wconf 85' lang='lat' dir='ltr'>diversae,</span> <span class='ocrx_word' id='word_1_238' title='bbox 635 2517 713 2572; x_wconf 89' lang='lat' dir='ltr'>veluti</span> <span class='ocrx_word' id='word_1_239' title='bbox 731 2517 754 2572; x_wconf 90' lang='lat' dir='ltr'>si</span> <span class='ocrx_word' id='word_1_240' title='bbox 771 2519 838 2572; x_wconf 89' lang='lat' dir='ltr'>alius</span> <span class='ocrx_word' id='word_1_241' title='bbox 857 2519 946 2574; x_wconf 88' lang='lat' dir='ltr'>vinum</span> <span class='ocrx_word' id='word_1_242' title='bbox 963 2525 1057 2574; x_wconf 91' lang='lat' dir='ltr'>contu-</span> 
     </span>
     <span class='ocr_line' id='line_1_32' title="bbox 257 2585 1056 2656; baseline 0.003 -20"><span class='ocrx_word' id='word_1_243' title='bbox 257 2585 313 2638; x_wconf 89' lang='lat' dir='ltr'>lerit</span> <span class='ocrx_word' id='word_1_244' title='bbox 336 2585 405 2638; x_wconf 91' lang='lat' dir='ltr'>alius</span> <span class='ocrx_word' id='word_1_245' title='bbox 433 2587 498 2648; x_wconf 90' lang='lat' dir='ltr'>mel,</span> <span class='ocrx_word' id='word_1_246' title='bbox 525 2587 567 2638; x_wconf 89' lang='lat' dir='ltr'>vel</span> <span class='ocrx_word' id='word_1_247' title='bbox 593 2585 660 2638; x_wconf 89' lang='lat' dir='ltr'>alius</span> <span class='ocrx_word' id='word_1_248' title='bbox 689 2601 783 2638; x_wconf 88' lang='lat' dir='ltr'>aurum</span> <span class='ocrx_word' id='word_1_249' title='bbox 808 2587 876 2640; x_wconf 89' lang='lat' dir='ltr'>alius</span> <span class='ocrx_word' id='word_1_250' title='bbox 905 2593 1056 2656; x_wconf 82' lang='lat' dir='ltr'>argentum:</span> 
     </span>
     <span class='ocr_line' id='line_1_33' title="bbox 259 2651 1056 2724; baseline 0.003 -20"><span class='ocrx_word' id='word_1_251' title='bbox 259 2651 371 2720; x_wconf 80' lang='lat' dir='ltr'>quamvis</span> <span class='ocrx_word' id='word_1_252' title='bbox 388 2659 415 2704; x_wconf 88' lang='lat' dir='ltr'>et</span> <span class='ocrx_word' id='word_1_253' title='bbox 432 2653 511 2704; x_wconf 88' lang='lat' dir='ltr'>mulsi</span> <span class='ocrx_word' id='word_1_254' title='bbox 529 2659 554 2704; x_wconf 91' lang='lat' dir='ltr'>et</span> <span class='ocrx_word' id='word_1_255' title='bbox 572 2653 663 2704; x_wconf 83' lang='lat' dir='ltr'>electri</span> <span class='ocrx_word' id='word_1_256' title='bbox 679 2651 740 2704; x_wconf 85' lang='lat' dir='ltr'>novi</span> <span class='ocrx_word' id='word_1_257' title='bbox 755 2653 873 2722; x_wconf 86' lang='lat' dir='ltr'>corporis</span> <span class='ocrx_word' id='word_1_258' title='bbox 892 2653 927 2708; x_wconf 87' lang='lat' dir='ltr'>sit</span> <span class='ocrx_word' id='word_1_259' title='bbox 944 2655 1056 2724; x_wconf 86' lang='lat' dir='ltr'>species.</span> 
     </span>
     <span class='ocr_line' id='line_1_34' title="bbox 259 2719 1056 2776; baseline 0.006 -6"><span class='ocrx_word' id='word_1_260' title='bbox 259 2723 272 2770; x_wconf 87' lang='lat'>9</span> <span class='ocrx_word' id='word_1_261' title='bbox 305 2719 356 2772; x_wconf 84' lang='lat' dir='ltr'>Sed</span> <span class='ocrx_word' id='word_1_262' title='bbox 380 2725 406 2772; x_wconf 90' lang='lat' dir='ltr'>et</span> <span class='ocrx_word' id='word_1_263' title='bbox 428 2719 452 2772; x_wconf 89' lang='lat' dir='ltr'>si</span> <span class='ocrx_word' id='word_1_264' title='bbox 474 2719 531 2774; x_wconf 92' lang='lat' dir='ltr'>sine</span> <span class='ocrx_word' id='word_1_265' title='bbox 557 2719 693 2774; x_wconf 89' lang='lat' dir='ltr'>voluntate</span> <span class='ocrx_word' id='word_1_266' title='bbox 716 2719 881 2774; x_wconf 86' lang='lat' dir='ltr'>dominorum</span> <span class='ocrx_word' id='word_1_267' title='bbox 905 2737 969 2776; x_wconf 87' lang='lat' dir='ltr'>casu</span> <span class='ocrx_word' id='word_1_268' title='bbox 993 2737 1056 2776; x_wconf 90' lang='lat' dir='ltr'>con·</span> 
     </span>
     <span class='ocr_line' id='line_1_35' title="bbox 258 2785 1058 2854; baseline 0.003 -16"><span class='ocrx_word' id='word_1_269' title='bbox 258 2785 330 2840; x_wconf 83' lang='lat' dir='ltr'>fusae</span> <span class='ocrx_word' id='word_1_270' title='bbox 352 2787 405 2840; x_wconf 90' lang='lat' dir='ltr'>sint</span> <span class='ocrx_word' id='word_1_271' title='bbox 422 2787 533 2840; x_wconf 90' lang='lat' dir='ltr'>duorum</span> <span class='ocrx_word' id='word_1_272' title='bbox 555 2787 682 2840; x_wconf 89' lang='lat' dir='ltr'>materiae</span> <span class='ocrx_word' id='word_1_273' title='bbox 699 2787 740 2840; x_wconf 91' lang='lat' dir='ltr'>vel</span> <span class='ocrx_word' id='word_1_274' title='bbox 761 2787 879 2842; x_wconf 88' lang='lat' dir='ltr'>eiusdem</span> <span class='ocrx_word' id='word_1_275' title='bbox 896 2791 999 2854; x_wconf 84' lang='lat' dir='ltr'>generis</span> <span class='ocrx_word' id='word_1_276' title='bbox 1017 2787 1058 2842; x_wconf 91' lang='lat' dir='ltr'>vel</span> 
     </span>
     <span class='ocr_line' id='line_1_36' title="bbox 262 2853 1056 2918; baseline 0.003 -12"><span class='ocrx_word' id='word_1_277' title='bbox 262 2859 288 2906; x_wconf 83' lang='lat' dir='ltr'>to</span> <span class='ocrx_word' id='word_1_278' title='bbox 322 2853 453 2918; x_wconf 87' lang='lat' dir='ltr'>diversae,</span> <span class='ocrx_word' id='word_1_279' title='bbox 476 2853 546 2906; x_wconf 91' lang='lat' dir='ltr'>idem</span> <span class='ocrx_word' id='word_1_280' title='bbox 569 2853 633 2908; x_wconf 89' lang='lat' dir='ltr'>iuris</span> <span class='ocrx_word' id='word_1_281' title='bbox 652 2859 699 2908; x_wconf 88' lang='lat' dir='ltr'>est.</span> <span class='ocrx_word' id='word_1_282' title='bbox 737 2853 801 2910; x_wconf 85' lang='lat' dir='ltr'>Cum</span> <span class='ocrx_word' id='word_1_283' title='bbox 819 2857 847 2908; x_wconf 91' lang='lat' dir='ltr'>in</span> <span class='ocrx_word' id='word_1_284' title='bbox 865 2871 913 2908; x_wconf 92' lang='lat' dir='ltr'>suo</span> <span class='ocrx_word' id='word_1_285' title='bbox 930 2857 990 2910; x_wconf 93' lang='lat' dir='ltr'>loco</span> <span class='ocrx_word' id='word_1_286' title='bbox 1009 2857 1056 2908; x_wconf 89' lang='lat' dir='ltr'>ali·</span> 
     </span>
     <span class='ocr_line' id='line_1_37' title="bbox 259 2921 1058 2990; baseline 0 -16"><span class='ocrx_word' id='word_1_287' title='bbox 259 2921 312 2988; x_wconf 88' lang='lat' dir='ltr'>quis</span> <span class='ocrx_word' id='word_1_288' title='bbox 337 2921 421 2974; x_wconf 89' lang='lat' dir='ltr'>aliena</span> <span class='ocrx_word' id='word_1_289' title='bbox 443 2923 552 2974; x_wconf 89' lang='lat' dir='ltr'>materia</span> <span class='ocrx_word' id='word_1_290' title='bbox 574 2921 762 2988; x_wconf 79' lang='lat' dir='ltr'>aedificaverit,</span> <span class='ocrx_word' id='word_1_291' title='bbox 790 2923 847 2990; x_wconf 90' lang='lat' dir='ltr'>ipse</span> <span class='ocrx_word' id='word_1_292' title='bbox 871 2923 994 2976; x_wconf 90' lang='lat' dir='ltr'>dominus</span> <span class='ocrx_word' id='word_1_293' title='bbox 1017 2923 1058 2974; x_wconf 91' lang='lat' dir='ltr'>in-</span> 
     </span>
     <span class='ocr_line' id='line_1_38' title="bbox 259 2989 1058 3108; baseline 0 -66"><span class='ocrx_word' id='word_1_294' title='bbox 259 2989 385 3056; x_wconf 87' lang='lat' dir='ltr'>tellegitur</span> <span class='ocrx_word' id='word_1_295' title='bbox 403 2989 524 3052; x_wconf 89' lang='lat' dir='ltr'>aedificii,</span> <span class='ocrx_word' id='word_1_296' title='bbox 545 2989 607 3108; x_wconf 54' lang='grc' dir='ltr'><strong>ιὲιιίε</strong></span> <span class='ocrx_word' id='word_1_297' title='bbox 617 3003 693 3042; x_wconf 92' lang='lat' dir='ltr'>omne</span> <span class='ocrx_word' id='word_1_298' title='bbox 710 2989 780 3056; x_wconf 89' lang='lat' dir='ltr'>quod</span> <span class='ocrx_word' id='word_1_299' title='bbox 797 2989 984 3042; x_wconf 87' lang='lat' dir='ltr'>inaedificatur</span> <span class='ocrx_word' id='word_1_300' title='bbox 1001 2989 1058 3044; x_wconf 88' lang='lat' dir='ltr'>solo</span> 
     </span>
     <span class='ocr_line' id='line_1_39' title="bbox 260 3055 1059 3124; baseline -0.003 -14"><span class='ocrx_word' id='word_1_301' title='bbox 260 3055 332 3112; x_wconf 88' lang='lat' dir='ltr'>cedit.</span> <span class='ocrx_word' id='word_1_302' title='bbox 367 3073 416 3110; x_wconf 91' lang='lat' dir='ltr'>nec</span> <span class='ocrx_word' id='word_1_303' title='bbox 434 3063 522 3110; x_wconf 89' lang='lat' dir='ltr'>tamen</span> <span class='ocrx_word' id='word_1_304' title='bbox 539 3055 548 3108; x_wconf 92' lang='lat' dir='ltr'>i</span> <span class='ocrx_word' id='word_1_305' title='bbox 569 3073 597 3110; x_wconf 91' lang='lat' dir='ltr'>eo</span> <span class='ocrx_word' id='word_1_306' title='bbox 616 3057 639 3110; x_wconf 89' lang='lat' dir='ltr'>is</span> <span class='ocrx_word' id='word_1_307' title='bbox 663 3055 708 3124; x_wconf 86' lang='lat' dir='ltr'>qui</span> <span class='ocrx_word' id='word_1_308' title='bbox 724 3057 850 3110; x_wconf 88' lang='lat' dir='ltr'>materiae</span> <span class='ocrx_word' id='word_1_309' title='bbox 869 3057 990 3112; x_wconf 73' lang='lat' dir='ltr'>domnus</span> <span class='ocrx_word' id='word_1_310' title='bbox 1007 3057 1059 3110; x_wconf 88' lang='lat' dir='ltr'>fuit</span> 
     </span>
     <span class='ocr_line' id='line_1_40' title="bbox 260 3123 1058 3192; baseline -0.003 -14"><span class='ocrx_word' id='word_1_311' title='bbox 260 3125 332 3178; x_wconf 89' lang='lat' dir='ltr'>desiit</span> <span class='ocrx_word' id='word_1_312' title='bbox 349 3125 406 3178; x_wconf 90' lang='lat' dir='ltr'>eius</span> <span class='ocrx_word' id='word_1_313' title='bbox 425 3123 545 3176; x_wconf 88' lang='lat' dir='ltr'>dominus</span> <span class='ocrx_word' id='word_1_314' title='bbox 563 3139 634 3178; x_wconf 87' lang='lat' dir='ltr'>esse:</span> <span class='ocrx_word' id='word_1_315' title='bbox 659 3123 706 3178; x_wconf 91' lang='lat' dir='ltr'>sed</span> <span class='ocrx_word' id='word_1_316' title='bbox 722 3125 854 3192; x_wconf 87' lang='lat' dir='ltr'>tantisper</span> <span class='ocrx_word' id='word_1_317' title='bbox 871 3139 957 3192; x_wconf 90' lang='lat' dir='ltr'>neque</span> <span class='ocrx_word' id='word_1_318' title='bbox 974 3125 1058 3178; x_wconf 88' lang='lat' dir='ltr'>vindi-</span> 
     </span>
     <span class='ocr_line' id='line_1_41' title="bbox 260 3191 1059 3262; baseline -0.003 -16"><span class='ocrx_word' id='word_1_319' title='bbox 260 3207 316 3246; x_wconf 88' lang='lat' dir='ltr'>care</span> <span class='ocrx_word' id='word_1_320' title='bbox 334 3207 391 3244; x_wconf 90' lang='lat' dir='ltr'>eam</span> <span class='ocrx_word' id='word_1_321' title='bbox 409 3199 497 3258; x_wconf 88' lang='lat' dir='ltr'>potest</span> <span class='ocrx_word' id='word_1_322' title='bbox 520 3207 604 3258; x_wconf 92' lang='lat' dir='ltr'>neque</span> <span class='ocrx_word' id='word_1_323' title='bbox 626 3191 660 3244; x_wconf 88' lang='lat' dir='ltr'>ad</span> <span class='ocrx_word' id='word_1_324' title='bbox 684 3191 861 3246; x_wconf 85' lang='lat' dir='ltr'>exhibendum</span> <span class='ocrx_word' id='word_1_325' title='bbox 880 3193 912 3244; x_wconf 93' lang='lat' dir='ltr'>de</span> <span class='ocrx_word' id='word_1_326' title='bbox 932 3207 962 3244; x_wconf 89' lang='lat' dir='ltr'>ea</span> <span class='ocrx_word' id='word_1_327' title='bbox 980 3207 1059 3262; x_wconf 90' lang='lat' dir='ltr'>agere</span> 
     </span>
     <span class='ocr_line' id='line_1_42' title="bbox 259 3259 1059 3328; baseline 0 -16"><span class='ocrx_word' id='word_1_328' title='bbox 259 3265 363 3328; x_wconf 89' lang='lat' dir='ltr'>propter</span> <span class='ocrx_word' id='word_1_329' title='bbox 379 3259 462 3326; x_wconf 90' lang='lat' dir='ltr'>legem</span> <span class='ocrx_word' id='word_1_330' title='bbox 480 3259 618 3312; x_wconf 89' lang='lat' dir='ltr'>duodecim</span> <span class='ocrx_word' id='word_1_331' title='bbox 635 3259 797 3324; x_wconf 88' lang='lat' dir='ltr'>tabularum,</span> <span class='ocrx_word' id='word_1_332' title='bbox 816 3275 869 3326; x_wconf 89' lang='lat' dir='ltr'>qua</span> <span class='ocrx_word' id='word_1_333' title='bbox 887 3267 1007 3326; x_wconf 90' lang='lat' dir='ltr'>cavetur,</span> <span class='ocrx_word' id='word_1_334' title='bbox 1025 3275 1059 3312; x_wconf 91' lang='lat' dir='ltr'>ne</span> 
     </span>
     <span class='ocr_line' id='line_1_43' title="bbox 260 3325 1059 3394; baseline 0 -14"><span class='ocrx_word' id='word_1_335' title='bbox 260 3329 313 3394; x_wconf 82' lang='lat' dir='ltr'>quis</span> <span class='ocrx_word' id='word_1_336' title='bbox 336 3327 435 3394; x_wconf 83' lang='lat' dir='ltr'>tignum</span> <span class='ocrx_word' id='word_1_337' title='bbox 459 3325 573 3378; x_wconf 85' lang='lat' dir='ltr'>afienum</span> <span class='ocrx_word' id='word_1_338' title='bbox 596 3325 705 3378; x_wconf 88' lang='lat' dir='ltr'>aedibus</span> <span class='ocrx_word' id='word_1_339' title='bbox 728 3327 783 3382; x_wconf 89' lang='lat' dir='ltr'>suis</span> <span class='ocrx_word' id='word_1_340' title='bbox 806 3325 926 3380; x_wconf 88' lang='lat' dir='ltr'>iunctum</span> <span class='ocrx_word' id='word_1_341' title='bbox 944 3327 1059 3380; x_wconf 86' lang='lat' dir='ltr'>eximere</span> 
     </span>
     <span class='ocr_line' id='line_1_44' title="bbox 260 3391 1058 3462; baseline -0.001 -15"><span class='ocrx_word' id='word_1_342' title='bbox 260 3399 379 3462; x_wconf 89' lang='lat' dir='ltr'>cogatur,</span> <span class='ocrx_word' id='word_1_343' title='bbox 404 3391 450 3446; x_wconf 92' lang='lat' dir='ltr'>sed</span> <span class='ocrx_word' id='word_1_344' title='bbox 467 3393 576 3460; x_wconf 89' lang='lat' dir='ltr'>duplum</span> <span class='ocrx_word' id='word_1_345' title='bbox 597 3409 646 3460; x_wconf 90' lang='lat' dir='ltr'>pro</span> <span class='ocrx_word' id='word_1_346' title='bbox 671 3407 701 3446; x_wconf 92' lang='lat' dir='ltr'>eo</span> <span class='ocrx_word' id='word_1_347' title='bbox 718 3399 843 3460; x_wconf 88' lang='lat' dir='ltr'>praestet.</span> <span class='ocrx_word' id='word_1_348' title='bbox 880 3393 1058 3460; x_wconf 91' lang='lat' dir='ltr'>appellatione</span> 
     </span>
     <span class='ocr_line' id='line_1_45' title="bbox 259 3459 1059 3528; baseline 0 -14"><span class='ocrx_word' id='word_1_349' title='bbox 259 3469 344 3514; x_wconf 89' lang='lat' dir='ltr'>antem</span> <span class='ocrx_word' id='word_1_350' title='bbox 360 3459 424 3528; x_wconf 83' lang='lat' dir='ltr'>tigni</span> <span class='ocrx_word' id='word_1_351' title='bbox 442 3475 532 3514; x_wconf 90' lang='lat' dir='ltr'>omnes</span> <span class='ocrx_word' id='word_1_352' title='bbox 549 3461 675 3514; x_wconf 89' lang='lat' dir='ltr'>materiae</span> <span class='ocrx_word' id='word_1_353' title='bbox 692 3459 887 3528; x_wconf 83' lang='lat' dir='ltr'>significantur,</span> <span class='ocrx_word' id='word_1_354' title='bbox 911 3475 945 3514; x_wconf 85' lang='lat' dir='ltr'>ex</span> <span class='ocrx_word' id='word_1_355' title='bbox 962 3463 1059 3528; x_wconf 88' lang='lat' dir='ltr'>quibus</span> 
     </span>
     <span class='ocr_line' id='line_1_46' title="bbox 260 3527 1059 3596; baseline -0.003 -14"><span class='ocrx_word' id='word_1_356' title='bbox 260 3529 375 3584; x_wconf 86' lang='lat' dir='ltr'>aedificia</span> <span class='ocrx_word' id='word_1_357' title='bbox 397 3527 472 3580; x_wconf 91' lang='lat' dir='ltr'>fiunt.</span> <span class='ocrx_word' id='word_1_358' title='bbox 508 3527 612 3594; x_wconf 88' lang='lat' dir='ltr'>ergo-si</span> <span class='ocrx_word' id='word_1_359' title='bbox 635 3529 723 3596; x_wconf 87' lang='lat' dir='ltr'>aliqua</span> <span class='ocrx_word' id='word_1_360' title='bbox 740 3541 773 3580; x_wconf 92' lang='lat' dir='ltr'>ex</span> <span class='ocrx_word' id='word_1_361' title='bbox 791 3543 874 3582; x_wconf 89' lang='lat' dir='ltr'>causa</span> <span class='ocrx_word' id='word_1_362' title='bbox 891 3527 1007 3582; x_wconf 90' lang='lat' dir='ltr'>dirutum</span> <span class='ocrx_word' id='word_1_363' title='bbox 1025 3529 1059 3582; x_wconf 90' lang='lat' dir='ltr'>sit</span> 
     </span>
     <span class='ocr_line' id='line_1_47' title="bbox 260 3595 1058 3664; baseline -0.005 -14"><span class='ocrx_word' id='word_1_364' title='bbox 260 3595 416 3660; x_wconf 86' lang='lat' dir='ltr'>aedificium,</span> <span class='ocrx_word' id='word_1_365' title='bbox 439 3595 538 3664; x_wconf 91' lang='lat' dir='ltr'>poterit</span> <span class='ocrx_word' id='word_1_366' title='bbox 555 3595 681 3646; x_wconf 88' lang='lat' dir='ltr'>materiae</span> <span class='ocrx_word' id='word_1_367' title='bbox 698 3595 819 3650; x_wconf 89' lang='lat' dir='ltr'>dominus</span> <span class='ocrx_word' id='word_1_368' title='bbox 836 3613 908 3648; x_wconf 91' lang='lat' dir='ltr'>nunc</span> <span class='ocrx_word' id='word_1_369' title='bbox 927 3611 985 3650; x_wconf 88' lang='lat' dir='ltr'>eam</span> <span class='ocrx_word' id='word_1_370' title='bbox 1001 3595 1058 3650; x_wconf 91' lang='lat' dir='ltr'>vin-</span> 
     </span>
     <span class='ocr_line' id='line_1_48' title="bbox 262 3661 1059 3730; baseline 0 -14"><span class='ocrx_word' id='word_1_371' title='bbox 262 3669 287 3718; x_wconf 88' lang='lat' dir='ltr'>ll</span> <span class='ocrx_word' id='word_1_372' title='bbox 327 3663 415 3716; x_wconf 87' lang='lat' dir='ltr'>dicare</span> <span class='ocrx_word' id='word_1_373' title='bbox 444 3667 471 3716; x_wconf 89' lang='lat' dir='ltr'>et</span> <span class='ocrx_word' id='word_1_374' title='bbox 497 3661 530 3714; x_wconf 90' lang='lat' dir='ltr'>ad</span> <span class='ocrx_word' id='word_1_375' title='bbox 560 3661 734 3716; x_wconf 88' lang='lat' dir='ltr'>exhibendum</span> <span class='ocrx_word' id='word_1_376' title='bbox 765 3679 852 3730; x_wconf 87' lang='lat' dir='ltr'>agere.</span> <span class='ocrx_word' id='word_1_377' title='bbox 891 3663 961 3716; x_wconf 87' lang='lat' dir='ltr'>Illud</span> <span class='ocrx_word' id='word_1_378' title='bbox 986 3669 1059 3716; x_wconf 89' lang='lat' dir='ltr'>recte</span> 
     </span>
     <span class='ocr_line' id='line_1_49' title="bbox 260 3729 1058 3800; baseline 0 -16"><span class='ocrx_word' id='word_1_379' title='bbox 260 3731 399 3800; x_wconf 89' lang='lat' dir='ltr'>quaeritur,</span> <span class='ocrx_word' id='word_1_380' title='bbox 418 3745 461 3792; x_wconf 89' lang='lat' dir='ltr'>an,</span> <span class='ocrx_word' id='word_1_381' title='bbox 479 3731 502 3784; x_wconf 92' lang='lat' dir='ltr'>si</span> <span class='ocrx_word' id='word_1_382' title='bbox 518 3729 546 3782; x_wconf 91' lang='lat' dir='ltr'>id</span> <span class='ocrx_word' id='word_1_383' title='bbox 560 3729 708 3784; x_wconf 85' lang='lat' dir='ltr'>aedificium</span> <span class='ocrx_word' id='word_1_384' title='bbox 721 3731 868 3784; x_wconf 85' lang='lat' dir='ltr'>vendiderit</span> <span class='ocrx_word' id='word_1_385' title='bbox 884 3731 907 3784; x_wconf 89' lang='lat' dir='ltr'>is</span> <span class='ocrx_word' id='word_1_386' title='bbox 927 3733 972 3798; x_wconf 85' lang='lat' dir='ltr'>qui</span> <span class='ocrx_word' id='word_1_387' title='bbox 987 3729 1058 3784; x_wconf 89' lang='lat' dir='ltr'>aedi-</span> 
     </span>
     <span class='ocr_line' id='line_1_50' title="bbox 260 3799 1059 3876; baseline -0.001 -26"><span class='ocrx_word' id='word_1_388' title='bbox 260 3799 374 3852; x_wconf 87' lang='lat' dir='ltr'>ficaverit</span> <span class='ocrx_word' id='word_1_389' title='bbox 389 3805 414 3850; x_wconf 90' lang='lat' dir='ltr'>et</span> <span class='ocrx_word' id='word_1_390' title='bbox 431 3799 464 3852; x_wconf 92' lang='lat' dir='ltr'>ab</span> <span class='ocrx_word' id='word_1_391' title='bbox 482 3805 600 3866; x_wconf 91' lang='lat' dir='ltr'>emptore</span> <span class='ocrx_word' id='word_1_392' title='bbox 614 3799 693 3864; x_wconf 88' lang='lat' dir='ltr'>longo</span> <span class='ocrx_word' id='word_1_393' title='bbox 710 3805 828 3868; x_wconf 89' lang='lat' dir='ltr'>tempore</span> <span class='ocrx_word' id='word_1_394' title='bbox 842 3805 950 3876; x_wconf 85' lang='lat' dir='ltr'>captum</span> <span class='ocrx_word' id='word_1_395' title='bbox 964 3803 1059 3866; x_wconf 88' lang='lat' dir='ltr'>postea</span> 
     </span>
     <span class='ocr_line' id='line_1_51' title="bbox 260 3865 1059 3932; baseline -0.005 -12"><span class='ocrx_word' id='word_1_396' title='bbox 260 3867 372 3920; x_wconf 88' lang='lat' dir='ltr'>dirutum</span> <span class='ocrx_word' id='word_1_397' title='bbox 395 3865 440 3932; x_wconf 88' lang='lat' dir='ltr'>sit,</span> <span class='ocrx_word' id='word_1_398' title='bbox 464 3865 552 3918; x_wconf 88' lang='lat' dir='ltr'>adhuc</span> <span class='ocrx_word' id='word_1_399' title='bbox 570 3865 690 3918; x_wconf 89' lang='lat' dir='ltr'>dominus</span> <span class='ocrx_word' id='word_1_400' title='bbox 713 3865 839 3920; x_wconf 88' lang='lat' dir='ltr'>materiae</span> <span class='ocrx_word' id='word_1_401' title='bbox 856 3865 1059 3920; x_wconf 81' lang='lat' dir='ltr'>vindicationem</span> 
     </span>
     <span class='ocr_line' id='line_1_52' title="bbox 261 3929 1059 4000; baseline -0.003 -12"><span class='ocrx_word' id='word_1_402' title='bbox 261 3937 312 3988; x_wconf 89' lang='lat' dir='ltr'>eius</span> <span class='ocrx_word' id='word_1_403' title='bbox 336 3935 441 3988; x_wconf 89' lang='lat' dir='ltr'>habeat.</span> <span class='ocrx_word' id='word_1_404' title='bbox 478 3949 558 3988; x_wconf 91' lang='lat' dir='ltr'>causa</span> <span class='ocrx_word' id='word_1_405' title='bbox 587 3929 758 3988; x_wconf 90' lang='lat' dir='ltr'>dubitationis</span> <span class='ocrx_word' id='word_1_406' title='bbox 784 3941 837 4000; x_wconf 77' lang='lat' dir='ltr'>ert,</span> <span class='ocrx_word' id='word_1_407' title='bbox 868 3949 903 3986; x_wconf 91' lang='lat' dir='ltr'>an</span> <span class='ocrx_word' id='word_1_408' title='bbox 933 3949 963 3988; x_wconf 92' lang='lat' dir='ltr'>eo</span> <span class='ocrx_word' id='word_1_409' title='bbox 990 3933 1059 4000; x_wconf 90' lang='lat' dir='ltr'>ipso,</span> 
     </span>
     <span class='ocr_line' id='line_1_53' title="bbox 260 3997 1058 4068; baseline -0.003 -14"><span class='ocrx_word' id='word_1_410' title='bbox 260 4003 327 4068; x_wconf 65' lang='lat' dir='ltr'>quo4</span> <span class='ocrx_word' id='word_1_411' title='bbox 349 4001 507 4054; x_wconf 74' lang='lat' dir='ltr'>universitas</span> <span class='ocrx_word' id='word_1_412' title='bbox 530 3997 643 4054; x_wconf 88' lang='lat' dir='ltr'>aedificii</span> <span class='ocrx_word' id='word_1_413' title='bbox 663 3999 741 4066; x_wconf 89' lang='lat' dir='ltr'>longo</span> <span class='ocrx_word' id='word_1_414' title='bbox 765 4007 883 4068; x_wconf 89' lang='lat' dir='ltr'>tempore</span> <span class='ocrx_word' id='word_1_415' title='bbox 908 4007 987 4068; x_wconf 88' lang='lat' dir='ltr'>capta</span> <span class='ocrx_word' id='word_1_416' title='bbox 1009 4005 1058 4064; x_wconf 89' lang='lat' dir='ltr'>est,</span> 
     </span>
     <span class='ocr_line' id='line_1_54' title="bbox 260 4069 1059 4136; baseline 0 -16"><span class='ocrx_word' id='word_1_417' title='bbox 260 4069 374 4136; x_wconf 85' lang='lat' dir='ltr'>singulae</span> <span class='ocrx_word' id='word_1_418' title='bbox 398 4083 504 4136; x_wconf 84' lang='lat' dir='ltr'>quoque</span> <span class='ocrx_word' id='word_1_419' title='bbox 525 4083 582 4132; x_wconf 90' lang='lat' dir='ltr'>res,</span> <span class='ocrx_word' id='word_1_420' title='bbox 605 4081 639 4120; x_wconf 86' lang='lat' dir='ltr'>ex</span> <span class='ocrx_word' id='word_1_421' title='bbox 662 4069 756 4134; x_wconf 85' lang='lat' dir='ltr'>quibus</span> <span class='ocrx_word' id='word_1_422' title='bbox 782 4069 935 4134; x_wconf 85' lang='lat' dir='ltr'>constabat,</span> <span class='ocrx_word' id='word_1_423' title='bbox 964 4075 1059 4134; x_wconf 88' lang='lat' dir='ltr'>captae</span> 
     </span>
     <span class='ocr_line' id='line_1_55' title="bbox 263 4135 1059 4204; baseline 0.003 -18"><span class='ocrx_word' id='word_1_424' title='bbox 263 4141 289 4188; x_wconf 81' lang='lat'>12</span> <span class='ocrx_word' id='word_1_425' title='bbox 324 4141 422 4190; x_wconf 85' lang='lat' dir='ltr'>essent:</span> <span class='ocrx_word' id='word_1_426' title='bbox 441 4135 512 4204; x_wconf 89' lang='lat' dir='ltr'>quod</span> <span class='ocrx_word' id='word_1_427' title='bbox 529 4151 582 4188; x_wconf 90' lang='lat' dir='ltr'>non</span> <span class='ocrx_word' id='word_1_428' title='bbox 599 4135 707 4202; x_wconf 86' lang='lat' dir='ltr'>placuit.</span> <span class='ocrx_word' id='word_1_429' title='bbox 734 4135 777 4188; x_wconf 79' lang='lat' dir='ltr'>Ex</span> <span class='ocrx_word' id='word_1_430' title='bbox 795 4135 899 4192; x_wconf 81' lang='lat' dir='ltr'>diverso</span> <span class='ocrx_word' id='word_1_431' title='bbox 917 4135 940 4190; x_wconf 92' lang='lat' dir='ltr'>si</span> <span class='ocrx_word' id='word_1_432' title='bbox 958 4135 1016 4204; x_wconf 90' lang='lat' dir='ltr'>quis</span> <span class='ocrx_word' id='word_1_433' title='bbox 1031 4135 1059 4188; x_wconf 87' lang='lat' dir='ltr'>in</span> 
     </span>
     <span class='ocr_line' id='line_1_56' title="bbox 260 4201 1058 4270; baseline -0.003 -12"><span class='ocrx_word' id='word_1_434' title='bbox 260 4205 340 4258; x_wconf 82' lang='lat' dir='ltr'>abeno</span> <span class='ocrx_word' id='word_1_435' title='bbox 362 4205 418 4258; x_wconf 86' lang='lat' dir='ltr'>solo</span> <span class='ocrx_word' id='word_1_436' title='bbox 437 4219 486 4258; x_wconf 89' lang='lat' dir='ltr'>sua</span> <span class='ocrx_word' id='word_1_437' title='bbox 503 4201 614 4256; x_wconf 89' lang='lat' dir='ltr'>materia</span> <span class='ocrx_word' id='word_1_438' title='bbox 636 4201 826 4270; x_wconf 79' lang='lat' dir='ltr'>aedificaverit,</span> <span class='ocrx_word' id='word_1_439' title='bbox 850 4203 921 4258; x_wconf 89' lang='lat' dir='ltr'>illins</span> <span class='ocrx_word' id='word_1_440' title='bbox 938 4203 969 4256; x_wconf 90' lang='lat' dir='ltr'>fit</span> <span class='ocrx_word' id='word_1_441' title='bbox 986 4201 1058 4258; x_wconf 86' lang='lat' dir='ltr'>aedi-</span> 
     </span>
     <span class='ocr_line' id='line_1_57' title="bbox 260 4269 1059 4336; baseline 0 -12"><span class='ocrx_word' id='word_1_442' title='bbox 260 4269 357 4336; x_wconf 88' lang='lat' dir='ltr'>ficium,</span> <span class='ocrx_word' id='word_1_443' title='bbox 377 4271 452 4324; x_wconf 90' lang='lat' dir='ltr'>cuius</span> <span class='ocrx_word' id='word_1_444' title='bbox 470 4277 496 4324; x_wconf 93' lang='lat' dir='ltr'>et</span> <span class='ocrx_word' id='word_1_445' title='bbox 513 4271 598 4324; x_wconf 90' lang='lat' dir='ltr'>solum</span> <span class='ocrx_word' id='word_1_446' title='bbox 616 4277 656 4324; x_wconf 89' lang='lat' dir='ltr'>est</span> <span class='ocrx_word' id='word_1_447' title='bbox 674 4279 711 4336; x_wconf 91' lang='lat' dir='ltr'>et,</span> <span class='ocrx_word' id='word_1_448' title='bbox 734 4271 756 4324; x_wconf 91' lang='lat' dir='ltr'>si</span> <span class='ocrx_word' id='word_1_449' title='bbox 773 4273 824 4326; x_wconf 89' lang='lat' dir='ltr'>scit</span> <span class='ocrx_word' id='word_1_450' title='bbox 841 4273 957 4324; x_wconf 89' lang='lat' dir='ltr'>alienum</span> <span class='ocrx_word' id='word_1_451' title='bbox 969 4272 1059 4326; x_wconf 73' lang='lat' dir='ltr'>,solum</span> 
     </span>
     <span class='ocr_line' id='line_1_58' title="bbox 261 4339 1059 4408; baseline 0.003 -18"><span class='ocrx_word' id='word_1_452' title='bbox 261 4353 328 4404; x_wconf 90' lang='lat' dir='ltr'>esse,</span> <span class='ocrx_word' id='word_1_453' title='bbox 352 4355 402 4392; x_wconf 88' lang='lat' dir='ltr'>sua</span> <span class='ocrx_word' id='word_1_454' title='bbox 418 4339 554 4392; x_wconf 88' lang='lat' dir='ltr'>voluntate</span> <span class='ocrx_word' id='word_1_455' title='bbox 577 4339 709 4392; x_wconf 89' lang='lat' dir='ltr'>amississe</span> <span class='ocrx_word' id='word_1_456' title='bbox 726 4339 915 4408; x_wconf 88' lang='lat' dir='ltr'>proprietatem</span> <span class='ocrx_word' id='word_1_457' title='bbox 932 4339 1059 4392; x_wconf 89' lang='lat' dir='ltr'>materiae</span> 
     </span>
     <span class='ocr_line' id='line_1_59' title="bbox 260 4405 1058 4474; baseline 0.003 -16"><span class='ocrx_word' id='word_1_458' title='bbox 260 4405 425 4474; x_wconf 89' lang='lat' dir='ltr'>intellegitur:</span> <span class='ocrx_word' id='word_1_459' title='bbox 458 4407 547 4474; x_wconf 85' lang='lat' dir='ltr'>itaque</span> <span class='ocrx_word' id='word_1_460' title='bbox 580 4421 663 4474; x_wconf 83' lang='lat' dir='ltr'>neque</span> <span class='ocrx_word' id='word_1_461' title='bbox 693 4405 777 4462; x_wconf 89' lang='lat' dir='ltr'>diruto</span> <span class='ocrx_word' id='word_1_462' title='bbox 805 4407 910 4474; x_wconf 87' lang='lat' dir='ltr'>quidem</span> <span class='ocrx_word' id='word_1_463' title='bbox 938 4405 1058 4460; x_wconf 88' lang='lat' dir='ltr'>aedificio</span> 
     </span>
     <span class='ocr_line' id='line_1_60' title="bbox 261 4473 1057 4540; baseline 0.005 -16"><span class='ocrx_word' id='word_1_464' title='bbox 261 4473 396 4528; x_wconf 87' lang='lat' dir='ltr'>vindicatio</span> <span class='ocrx_word' id='word_1_465' title='bbox 415 4473 470 4528; x_wconf 90' lang='lat' dir='ltr'>eius</span> <span class='ocrx_word' id='word_1_466' title='bbox 488 4473 613 4528; x_wconf 73' lang='lat' dir='ltr'>mamriae</span> <span class='ocrx_word' id='word_1_467' title='bbox 637 4473 769 4540; x_wconf 89' lang='lat' dir='ltr'>competit.</span> <span class='ocrx_word' id='word_1_468' title='bbox 806 4481 879 4528; x_wconf 89' lang='lat' dir='ltr'>certe</span> <span class='ocrx_word' id='word_1_469' title='bbox 896 4473 920 4528; x_wconf 90' lang='lat' dir='ltr'>si</span> <span class='ocrx_word' id='word_1_470' title='bbox 937 4473 1057 4530; x_wconf 88' lang='lat' dir='ltr'>dominns</span> 
     </span>
     <span class='ocr_line' id='line_1_61' title="bbox 260 4541 1059 4612; baseline 0.003 -20"><span class='ocrx_word' id='word_1_471' title='bbox 260 4541 306 4594; x_wconf 89' lang='lat' dir='ltr'>soli</span> <span class='ocrx_word' id='word_1_472' title='bbox 326 4549 401 4610; x_wconf 90' lang='lat' dir='ltr'>petat</span> <span class='ocrx_word' id='word_1_473' title='bbox 416 4541 565 4594; x_wconf 89' lang='lat' dir='ltr'>aedificium</span> <span class='ocrx_word' id='word_1_474' title='bbox 584 4557 635 4594; x_wconf 89' lang='lat' dir='ltr'>nec</span> <span class='ocrx_word' id='word_1_475' title='bbox 656 4541 741 4594; x_wconf 90' lang='lat' dir='ltr'>solvat</span> <span class='ocrx_word' id='word_1_476' title='bbox 757 4543 870 4612; x_wconf 90' lang='lat' dir='ltr'>pretium</span> <span class='ocrx_word' id='word_1_477' title='bbox 887 4543 1014 4596; x_wconf 88' lang='lat' dir='ltr'>materiae</span> <span class='ocrx_word' id='word_1_478' title='bbox 1032 4549 1059 4596; x_wconf 93' lang='lat' dir='ltr'>et</span> 
     </span>
     <span class='ocr_line' id='line_1_62' title="bbox 260 4609 1058 4678; baseline 0.005 -18"><span class='ocrx_word' id='word_1_479' title='bbox 260 4609 390 4662; x_wconf 83' lang='lat' dir='ltr'>mercedes</span> <span class='ocrx_word' id='word_1_480' title='bbox 422 4609 572 4672; x_wconf 86' lang='lat' dir='ltr'>fabrorum,</span> <span class='ocrx_word' id='word_1_481' title='bbox 599 4609 696 4678; x_wconf 90' lang='lat' dir='ltr'>poterit</span> <span class='ocrx_word' id='word_1_482' title='bbox 725 4623 773 4676; x_wconf 88' lang='lat' dir='ltr'>per</span> <span class='ocrx_word' id='word_1_483' title='bbox 795 4609 980 4678; x_wconf 88' lang='lat' dir='ltr'>exceptionem</span> <span class='ocrx_word' id='word_1_484' title='bbox 1004 4609 1058 4664; x_wconf 89' lang='lat' dir='ltr'>doli</span> 
     </span>
     <span class='ocr_line' id='line_1_63' title="bbox 260 4675 1058 4746; baseline 0.008 -20"><span class='ocrx_word' id='word_1_485' title='bbox 260 4675 319 4730; x_wconf 85' lang='lat' dir='ltr'>mali</span> <span class='ocrx_word' id='word_1_486' title='bbox 334 4675 439 4744; x_wconf 85' lang='lat' dir='ltr'>repelli,</span> <span class='ocrx_word' id='word_1_487' title='bbox 464 4675 555 4744; x_wconf 87' lang='lat' dir='ltr'>utique</span> <span class='ocrx_word' id='word_1_488' title='bbox 574 4675 597 4730; x_wconf 89' lang='lat' dir='ltr'>si</span> <span class='ocrx_word' id='word_1_489' title='bbox 613 4677 699 4730; x_wconf 90' lang='lat' dir='ltr'>nescit</span> <span class='ocrx_word' id='word_1_490' title='bbox 715 4679 760 4746; x_wconf 85' lang='lat' dir='ltr'>qui</span> <span class='ocrx_word' id='word_1_491' title='bbox 777 4677 927 4732; x_wconf 89' lang='lat' dir='ltr'>aedificavit</span> <span class='ocrx_word' id='word_1_492' title='bbox 943 4677 1058 4732; x_wconf 88' lang='lat' dir='ltr'>alienum</span> 
     </span>
     <span class='ocr_line' id='line_1_64' title="bbox 260 4743 1056 4811; baseline 0.005 -17"><span class='ocrx_word' id='word_1_493' title='bbox 260 4757 315 4798; x_wconf 88' lang='lat' dir='ltr'>esse</span> <span class='ocrx_word' id='word_1_494' title='bbox 332 4745 417 4798; x_wconf 89' lang='lat' dir='ltr'>solum</span> <span class='ocrx_word' id='word_1_495' title='bbox 434 4751 461 4798; x_wconf 90' lang='lat' dir='ltr'>et</span> <span class='ocrx_word' id='word_1_496' title='bbox 476 4749 611 4811; x_wconf 88' lang='lat' dir='ltr'>tamquam</span> <span class='ocrx_word' id='word_1_497' title='bbox 629 4743 656 4796; x_wconf 89' lang='lat' dir='ltr'>in</span> <span class='ocrx_word' id='word_1_498' title='bbox 674 4759 721 4798; x_wconf 91' lang='lat' dir='ltr'>suo</span> <span class='ocrx_word' id='word_1_499' title='bbox 740 4745 810 4798; x_wconf 89' lang='lat' dir='ltr'>bona</span> <span class='ocrx_word' id='word_1_500' title='bbox 827 4747 881 4800; x_wconf 91' lang='lat' dir='ltr'>fide</span> <span class='ocrx_word' id='word_1_501' title='bbox 896 4745 1056 4800; x_wconf 84' lang='lat' dir='ltr'>aedificavit:</span> 
     </span>
     <span class='ocr_line' id='line_1_65' title="bbox 260 4811 1057 4930; baseline 0.006 -67"><span class='ocrx_word' id='word_1_502' title='bbox 260 4825 318 4864; x_wconf 87' lang='lat' dir='ltr'>nam</span> <span class='ocrx_word' id='word_1_503' title='bbox 335 4813 358 4864; x_wconf 89' lang='lat' dir='ltr'>si</span> <span class='ocrx_word' id='word_1_504' title='bbox 376 4813 432 4878; x_wconf 89' lang='lat' dir='ltr'>scit,</span> <span class='ocrx_word' id='word_1_505' title='bbox 452 4813 531 4880; x_wconf 89' lang='lat' dir='ltr'>culpa</span> <span class='ocrx_word' id='word_1_506' title='bbox 548 4811 572 4864; x_wconf 91' lang='lat' dir='ltr'>ei</span> <span class='ocrx_word' id='word_1_507' title='bbox 584 4811 654 4866; x_wconf 90' lang='lat' dir='ltr'>obici</span> <span class='ocrx_word' id='word_1_508' title='bbox 660 4817 765 4930; x_wconf 56' lang='lat' dir='ltr'>cpotest,</span> <span class='ocrx_word' id='word_1_509' title='bbox 784 4813 856 4882; x_wconf 88' lang='lat' dir='ltr'>quod</span> <span class='ocrx_word' id='word_1_510' title='bbox 872 4819 971 4868; x_wconf 88' lang='lat' dir='ltr'>temere</span> <span class='ocrx_word' id='word_1_511' title='bbox 986 4813 1057 4868; x_wconf 89' lang='lat' dir='ltr'>aedi·</span> 
     </span>
     <span class='ocr_line' id='line_1_66' title="bbox 263 4879 1057 4948; baseline 0.009 -20"><span class='ocrx_word' id='word_1_512' title='bbox 263 4881 289 4930; x_wconf 83' lang='lat'>13</span> <span class='ocrx_word' id='word_1_513' title='bbox 323 4879 412 4934; x_wconf 80' lang='lat' dir='ltr'>ficarit</span> <span class='ocrx_word' id='word_1_514' title='bbox 428 4881 456 4934; x_wconf 89' lang='lat' dir='ltr'>in</span> <span class='ocrx_word' id='word_1_515' title='bbox 473 4895 504 4934; x_wconf 93' lang='lat' dir='ltr'>eo</span> <span class='ocrx_word' id='word_1_516' title='bbox 523 4879 587 4942; x_wconf 89' lang='lat' dir='ltr'>solo,</span> <span class='ocrx_word' id='word_1_517' title='bbox 606 4895 657 4946; x_wconf 91' lang='lat' dir='ltr'>quo</span> <span class='ocrx_word' id='word_1_518' title='bbox 695 4879 856 4948; x_wconf 86' lang='lat' dir='ltr'>&#39;tellegeret</span> <span class='ocrx_word' id='word_1_519' title='bbox 873 4881 996 4936; x_wconf 89' lang='lat' dir='ltr'>alienum.</span> <span class='ocrx_word' id='word_1_520' title='bbox 1030 4881 1057 4936; x_wconf 81' lang='lat' dir='ltr'>Si</span> 
     </span>
     <span class='ocr_line' id='line_1_67' title="bbox 260 4945 1057 5016; baseline 0.008 -20"><span class='ocrx_word' id='word_1_521' title='bbox 260 4945 368 5000; x_wconf 79' lang='lat' dir='ltr'>alenam</span> <span class='ocrx_word' id='word_1_522' title='bbox 386 4949 504 5016; x_wconf 90' lang='lat' dir='ltr'>plantam</span> <span class='ocrx_word' id='word_1_523' title='bbox 520 4949 547 5002; x_wconf 91' lang='lat' dir='ltr'>in</span> <span class='ocrx_word' id='word_1_524' title='bbox 564 4962 622 5002; x_wconf 91' lang='lat' dir='ltr'>meo</span> <span class='ocrx_word' id='word_1_525' title='bbox 641 4947 696 5002; x_wconf 89' lang='lat' dir='ltr'>solo</span> <span class='ocrx_word' id='word_1_526' title='bbox 714 4963 843 5014; x_wconf 88' lang='lat' dir='ltr'>posuero,</span> <span class='ocrx_word' id='word_1_527' title='bbox 861 4963 921 5002; x_wconf 89' lang='lat' dir='ltr'>mea</span> <span class='ocrx_word' id='word_1_528' title='bbox 938 4951 1001 5004; x_wconf 87' lang='lat' dir='ltr'>erit:</span> <span class='ocrx_word' id='word_1_529' title='bbox 1024 4965 1057 5002; x_wconf 85' lang='lat' dir='ltr'>ex</span> 
     </span>
     <span class='ocr_line' id='line_1_68' title="bbox 260 5011 1056 5086; baseline 0.006 -19"><span class='ocrx_word' id='word_1_530' title='bbox 260 5011 359 5086; x_wconf 75' lang='lat' dir='ltr'>diverso</span> <span class='ocrx_word' id='word_1_531' title='bbox 388 5017 411 5068; x_wconf 89' lang='lat' dir='ltr'>si</span> <span class='ocrx_word' id='word_1_532' title='bbox 437 5031 521 5070; x_wconf 89' lang='lat' dir='ltr'>meam</span> <span class='ocrx_word' id='word_1_533' title='bbox 545 5017 663 5084; x_wconf 89' lang='lat' dir='ltr'>plantam</span> <span class='ocrx_word' id='word_1_534' title='bbox 688 5015 717 5068; x_wconf 93' lang='lat' dir='ltr'>in</span> <span class='ocrx_word' id='word_1_535' title='bbox 742 5017 828 5068; x_wconf 90' lang='lat' dir='ltr'>alieno</span> <span class='ocrx_word' id='word_1_536' title='bbox 853 5017 909 5070; x_wconf 91' lang='lat' dir='ltr'>solo</span> <span class='ocrx_word' id='word_1_537' title='bbox 934 5033 1056 5084; x_wconf 89' lang='lat' dir='ltr'>posuero,</span> 
     </span>
     <span class='ocr_line' id='line_1_69' title="bbox 260 5079 1056 5154; baseline 0.005 -22"><span class='ocrx_word' id='word_1_538' title='bbox 260 5079 326 5134; x_wconf 82' lang='lat' dir='ltr'>ultus</span> <span class='ocrx_word' id='word_1_539' title='bbox 344 5083 405 5136; x_wconf 88' lang='lat' dir='ltr'>erit:</span> <span class='ocrx_word' id='word_1_540' title='bbox 429 5083 545 5138; x_wconf 76' lang='lat' dir='ltr'>simodo</span> <span class='ocrx_word' id='word_1_541' title='bbox 563 5089 675 5154; x_wconf 71' lang='lat' dir='ltr'>unoque</span> <span class='ocrx_word' id='word_1_542' title='bbox 694 5099 758 5136; x_wconf 90' lang='lat' dir='ltr'>casu</span> <span class='ocrx_word' id='word_1_543' title='bbox 774 5083 877 5138; x_wconf 86' lang='lat' dir='ltr'>radices</span> <span class='ocrx_word' id='word_1_544' title='bbox 895 5085 990 5152; x_wconf 87' lang='lat' dir='ltr'>egerit:</span> <span class='ocrx_word' id='word_1_545' title='bbox 1009 5099 1056 5136; x_wconf 90' lang='lat' dir='ltr'>an-</span> 
     </span>
     <span class='ocr_line' id='line_1_70' title="bbox 260 5149 1056 5220; baseline 0.01 -22"><span class='ocrx_word' id='word_1_546' title='bbox 260 5153 362 5216; x_wconf 88' lang='lat' dir='ltr'>tequam</span> <span class='ocrx_word' id='word_1_547' title='bbox 380 5149 450 5204; x_wconf 90' lang='lat' dir='ltr'>enim</span> <span class='ocrx_word' id='word_1_548' title='bbox 470 5149 574 5206; x_wconf 90' lang='lat' dir='ltr'>radices</span> <span class='ocrx_word' id='word_1_549' title='bbox 593 5157 694 5218; x_wconf 86' lang='lat' dir='ltr'>agerat,</span> <span class='ocrx_word' id='word_1_550' title='bbox 717 5151 788 5206; x_wconf 90' lang='lat' dir='ltr'>illius</span> <span class='ocrx_word' id='word_1_551' title='bbox 805 5159 957 5220; x_wconf 87' lang='lat' dir='ltr'>permanet,</span> <span class='ocrx_word' id='word_1_552' title='bbox 981 5153 1056 5206; x_wconf 85' lang='lat' dir='ltr'>cuins</span> 
     </span>
     <span class='ocr_line' id='line_1_71' title="bbox 261 5215 1057 5290; baseline 0.009 -26"><span class='ocrx_word' id='word_1_553' title='bbox 261 5221 285 5290; x_wconf 79' lang='lat' dir='ltr'>et</span> <span class='ocrx_word' id='word_1_554' title='bbox 300 5215 359 5270; x_wconf 86' lang='lat' dir='ltr'>fuit.</span> <span class='ocrx_word' id='word_1_555' title='bbox 395 5219 435 5272; x_wconf 90' lang='lat' dir='ltr'>his</span> <span class='ocrx_word' id='word_1_556' title='bbox 454 5219 610 5272; x_wconf 78' lang='lat' dir='ltr'>conveniens</span> <span class='ocrx_word' id='word_1_557' title='bbox 629 5227 677 5284; x_wconf 90' lang='lat' dir='ltr'>est,</span> <span class='ocrx_word' id='word_1_558' title='bbox 695 5219 778 5288; x_wconf 90' lang='lat' dir='ltr'>quod,</span> <span class='ocrx_word' id='word_1_559' title='bbox 797 5221 820 5273; x_wconf 89' lang='lat' dir='ltr'>si</span> <span class='ocrx_word' id='word_1_560' title='bbox 837 5221 918 5274; x_wconf 87' lang='lat' dir='ltr'>vicini</span> <span class='ocrx_word' id='word_1_561' title='bbox 935 5221 1057 5274; x_wconf 89' lang='lat' dir='ltr'>arborem</span> 
     </span>
     <span class='ocr_line' id='line_1_72' title="bbox 260 5287 1056 5354; baseline 0.009 -19"><span class='ocrx_word' id='word_1_562' title='bbox 260 5287 294 5334; x_wconf 79' lang='lat' dir='ltr'>tta</span> <span class='ocrx_word' id='word_1_563' title='bbox 321 5291 392 5338; x_wconf 89' lang='lat' dir='ltr'>terra</span> <span class='ocrx_word' id='word_1_564' title='bbox 419 5287 573 5354; x_wconf 90' lang='lat' dir='ltr'>presserim,</span> <span class='ocrx_word' id='word_1_565' title='bbox 601 5293 632 5338; x_wconf 91' lang='lat' dir='ltr'>ut</span> <span class='ocrx_word' id='word_1_566' title='bbox 653 5287 682 5340; x_wconf 90' lang='lat' dir='ltr'>in</span> <span class='ocrx_word' id='word_1_567' title='bbox 704 5301 790 5344; x_wconf 88' lang='lat' dir='ltr'>meum</span> <span class='ocrx_word' id='word_1_568' title='bbox 813 5287 926 5344; x_wconf 78' lang='lat' dir='ltr'>fundum</span> <span class='ocrx_word' id='word_1_569' title='bbox 953 5287 1056 5342; x_wconf 78' lang='lat' dir='ltr'>radices</span> 
     </span>
    </p>
   </div>
   <div class='ocr_carea' id='block_1_3' title="bbox 261 5453 1057 5860">
    <p class='ocr_par' dir='ltr' id='par_1_3' title="bbox 261 5453 1057 5860">
     <span class='ocr_line' id='line_1_73' title="bbox 261 5453 1057 5524; baseline 0.008 -20"><span class='ocrx_word' id='word_1_570' title='bbox 261 5453 288 5514; x_wconf 79' lang='grc'>(1)</span> <span class='ocrx_word' id='word_1_571' title='bbox 305 5457 466 5508; x_wconf 78' lang='lat' dir='ltr'>tucinaecld.</span> <span class='ocrx_word' id='word_1_572' title='bbox 536 5457 569 5520; x_wconf 76' lang='lat' dir='ltr'>(t)</span> <span class='ocrx_word' id='word_1_573' title='bbox 588 5459 686 5508; x_wconf 83' lang='lat' dir='ltr'>essetF</span> <span class='ocrx_word' id='word_1_574' title='bbox 744 5461 775 5522; x_wconf 82' lang='grc'>(3)</span> <span class='ocrx_word' id='word_1_575' title='bbox 794 5459 875 5510; x_wconf 71' lang='lat' dir='ltr'>eruet.</span> <span class='ocrx_word' id='word_1_576' title='bbox 941 5461 972 5524; x_wconf 81' lang='lat' dir='ltr'>lt)</span> <span class='ocrx_word' id='word_1_577' title='bbox 990 5459 1057 5524; x_wconf 85' lang='lat' dir='ltr'>quod</span> 
     </span>
     <span class='ocr_line' id='line_1_74' title="bbox 261 5523 1056 5590; baseline 0.011 -20"><span class='ocrx_word' id='word_1_578' title='bbox 261 5539 303 5570; x_wconf 89' lang='lat' dir='ltr'>scr.</span> <span class='ocrx_word' id='word_1_579' title='bbox 358 5527 390 5588; x_wconf 82' lang='grc'>(5)</span> <span class='ocrx_word' id='word_1_580' title='bbox 407 5523 435 5572; x_wconf 89' lang='lat' dir='ltr'>in</span> <span class='ocrx_word' id='word_1_581' title='bbox 444 5527 487 5576; x_wconf 85' lang='lat' dir='ltr'>ius.</span> <span class='ocrx_word' id='word_1_582' title='bbox 499 5523 541 5576; x_wconf 53' lang='grc' dir='ltr'>ΕΞ</span> <span class='ocrx_word' id='word_1_583' title='bbox 599 5527 633 5588; x_wconf 81' lang='lat' dir='ltr'>(s)</span> <span class='ocrx_word' id='word_1_584' title='bbox 651 5525 683 5590; x_wconf 82' lang='lat' dir='ltr'>et]</span> <span class='ocrx_word' id='word_1_585' title='bbox 693 5539 737 5574; x_wconf 91' lang='lat' dir='ltr'>nec</span> <span class='ocrx_word' id='word_1_586' title='bbox 746 5545 792 5576; x_wconf 82' lang='lat' dir='ltr'>scr.</span> <span class='ocrx_word' id='word_1_587' title='bbox 803 5527 921 5588; x_wconf 80' lang='lat' dir='ltr'>(similiter</span> <span class='ocrx_word' id='word_1_588' title='bbox 933 5527 1056 5586; x_wconf 69' lang='lat' dir='ltr'>cusanus)</span> 
     </span>
     <span class='ocr_line' id='line_1_75' title="bbox 261 5591 1056 5658; baseline 0.008 -20"><span class='ocrx_word' id='word_1_589' title='bbox 261 5591 291 5648; x_wconf 76' lang='lat' dir='ltr'>(l)</span> <span class='ocrx_word' id='word_1_590' title='bbox 310 5593 341 5656; x_wconf 89' lang='lat' dir='ltr'>cf.</span> <span class='ocrx_word' id='word_1_591' title='bbox 350 5593 410 5642; x_wconf 86' lang='lat' dir='ltr'>Inst.</span> <span class='ocrx_word' id='word_1_592' title='bbox 420 5593 444 5656; x_wconf 79' lang='lat'>2,</span> <span class='ocrx_word' id='word_1_593' title='bbox 454 5605 472 5656; x_wconf 90' lang='lat' dir='ltr'>l,</span> <span class='ocrx_word' id='word_1_594' title='bbox 481 5601 561 5644; x_wconf 56' lang='lat' dir='ltr'>sante</span> <span class='ocrx_word' id='word_1_595' title='bbox 628 5599 660 5656; x_wconf 87' lang='grc'>(8)</span> <span class='ocrx_word' id='word_1_596' title='bbox 679 5593 731 5644; x_wconf 77' lang='lat' dir='ltr'>sine</span> <span class='ocrx_word' id='word_1_597' title='bbox 740 5593 766 5644; x_wconf 76' lang='lat' dir='ltr'><em>F</em></span> <span class='ocrx_word' id='word_1_598' title='bbox 820 5595 852 5658; x_wconf 85' lang='grc'>(9)</span> <span class='ocrx_word' id='word_1_599' title='bbox 869 5593 1056 5656; x_wconf 79' lang='lat' dir='ltr'>possideatedd.</span> 
     </span>
     <span class='ocr_line' id='line_1_76' title="bbox 262 5655 1055 5726; baseline 0.004 -19"><span class='ocrx_word' id='word_1_600' title='bbox 262 5655 303 5718; x_wconf 81' lang='grc'>(10)</span> <span class='ocrx_word' id='word_1_601' title='bbox 323 5661 451 5726; x_wconf 78' lang='lat' dir='ltr'>requiritur</span> <span class='ocrx_word' id='word_1_602' title='bbox 469 5659 513 5722; x_wconf 87' lang='lat' dir='ltr'>qni</span> <span class='ocrx_word' id='word_1_603' title='bbox 528 5659 639 5722; x_wconf 83' lang='lat' dir='ltr'>pinxerit</span> <span class='ocrx_word' id='word_1_604' title='bbox 656 5661 700 5722; x_wconf 78' lang='lat' dir='ltr'>(sic</span> <span class='ocrx_word' id='word_1_605' title='bbox 717 5659 746 5716; x_wconf 82' lang='lat' dir='ltr'>Sl</span> <span class='ocrx_word' id='word_1_606' title='bbox 855 5661 896 5722; x_wconf 80' lang='lat'><strong>(11)</strong></span> <span class='ocrx_word' id='word_1_607' title='bbox 914 5659 979 5710; x_wconf 86' lang='lat' dir='ltr'>alins</span> <span class='ocrx_word' id='word_1_608' title='bbox 995 5665 1055 5712; x_wconf 82' lang='lat' dir='ltr'>Insa</span> 
     </span>
     <span class='ocr_line' id='line_1_77' title="bbox 262 5723 1056 5790; baseline 0 -14"><span class='ocrx_word' id='word_1_609' title='bbox 262 5723 303 5786; x_wconf 80' lang='lat' dir='ltr'>(tt)</span> <span class='ocrx_word' id='word_1_610' title='bbox 323 5727 387 5776; x_wconf 88' lang='lat' dir='ltr'>euim</span> <span class='ocrx_word' id='word_1_611' title='bbox 397 5727 440 5778; x_wconf 83' lang='lat' dir='ltr'>del.</span> <span class='ocrx_word' id='word_1_612' title='bbox 451 5727 511 5778; x_wconf 79' lang='lat' dir='ltr'>Iasi.</span> <span class='ocrx_word' id='word_1_613' title='bbox 579 5727 621 5790; x_wconf 83' lang='lat'><strong>(13)</strong></span> <span class='ocrx_word' id='word_1_614' title='bbox 641 5729 696 5786; x_wconf 77' lang='lat' dir='ltr'>Qua</span> <span class='ocrx_word' id='word_1_615' title='bbox 704 5729 799 5780; x_wconf 87' lang='lat' dir='ltr'>ratione</span> <span class='ocrx_word' id='word_1_616' title='bbox 808 5727 890 5778; x_wconf 83' lang='lat' dir='ltr'>verius</span> <span class='ocrx_word' id='word_1_617' title='bbox 900 5743 948 5778; x_wconf 88' lang='lat' dir='ltr'>esse</span> <span class='ocrx_word' id='word_1_618' title='bbox 958 5729 1056 5778; x_wconf 88' lang='lat' dir='ltr'>videtur</span> 
     </span>
     <span class='ocr_line' id='line_1_78' title="bbox 262 5793 1055 5860; baseline 0.003 -20"><span class='ocrx_word' id='word_1_619' title='bbox 262 5795 313 5842; x_wconf 87' lang='lat' dir='ltr'>etsi</span> <span class='ocrx_word' id='word_1_620' title='bbox 328 5811 378 5846; x_wconf 88' lang='lat' dir='ltr'>rem</span> <span class='ocrx_word' id='word_1_621' title='bbox 392 5811 435 5860; x_wconf 90' lang='lat' dir='ltr'>pro</span> <span class='ocrx_word' id='word_1_622' title='bbox 451 5793 568 5846; x_wconf 83' lang='lat' dir='ltr'>derelicto</span> <span class='ocrx_word' id='word_1_623' title='bbox 578 5809 592 5844; x_wconf 86' lang='lat' dir='ltr'>a</span> <span class='ocrx_word' id='word_1_624' title='bbox 601 5793 699 5844; x_wconf 84' lang='lat' dir='ltr'>dondno</span> <span class='ocrx_word' id='word_1_625' title='bbox 708 5795 818 5848; x_wconf 82' lang='lat' dir='ltr'>habitam</span> <span class='ocrx_word' id='word_1_626' title='bbox 827 5795 984 5860; x_wconf 88' lang='lat' dir='ltr'>occupaverit</span> <span class='ocrx_word' id='word_1_627' title='bbox 992 5797 1055 5858; x_wconf 89' lang='lat' dir='ltr'>quis,</span> 
     </span>
    </p>
   </div>
   <div class='ocr_carea' id='block_1_4' title="bbox 1046 355 1108 428">
    <p class='ocr_par' dir='ltr' id='par_1_4' title="bbox 1046 355 1108 428">
     <span class='ocr_line' id='line_1_79' title="bbox 1046 355 1108 428; baseline 0 -1"><span class='ocrx_word' id='word_1_628' title='bbox 1046 355 1108 428; x_wconf 78' lang='grc'>645</span> 
     </span>
    </p>
   </div>
   <div class='ocr_carea' id='block_1_5' title="bbox 1726 351 1907 414">
    <p class='ocr_par' dir='ltr' id='par_1_5' title="bbox 1726 351 1907 414">
     <span class='ocr_line' id='line_1_80' title="bbox 1726 351 1907 414; baseline -0.011 0"><span class='ocrx_word' id='word_1_629' title='bbox 1726 351 1868 414; x_wconf 83' lang='lat' dir='ltr'>XXXXl</span> <span class='ocrx_word' id='word_1_630' title='bbox 1896 353 1907 412; x_wconf 88' lang='lat' dir='ltr'>l</span> 
     </span>
    </p>
   </div>
   <div class='ocr_carea' id='block_1_6' title="bbox 1105 533 1911 5360">
    <p class='ocr_par' dir='ltr' id='par_1_6' title="bbox 1106 533 1911 866">
     <span class='ocr_line' id='line_1_81' title="bbox 1106 533 1908 606; baseline -0.007 -14"><span class='ocrx_word' id='word_1_631' title='bbox 1106 541 1196 606; x_wconf 86' lang='lat' dir='ltr'>egerit,</span> <span class='ocrx_word' id='word_1_632' title='bbox 1214 557 1301 592; x_wconf 80' lang='lat' dir='ltr'>meam</span> <span class='ocrx_word' id='word_1_633' title='bbox 1315 541 1387 596; x_wconf 89' lang='lat' dir='ltr'>effici</span> <span class='ocrx_word' id='word_1_634' title='bbox 1400 541 1534 596; x_wconf 90' lang='lat' dir='ltr'>arborem:</span> <span class='ocrx_word' id='word_1_635' title='bbox 1552 537 1680 592; x_wconf 87' lang='lat' dir='ltr'>rationem</span> <span class='ocrx_word' id='word_1_636' title='bbox 1695 533 1764 588; x_wconf 87' lang='lat' dir='ltr'>enirn</span> <span class='ocrx_word' id='word_1_637' title='bbox 1781 549 1836 588; x_wconf 91' lang='lat' dir='ltr'>non</span> <span class='ocrx_word' id='word_1_638' title='bbox 1850 551 1908 604; x_wconf 87' lang='lat' dir='ltr'>per-</span> 
     </span>
     <span class='ocr_line' id='line_1_82' title="bbox 1106 603 1910 676; baseline -0.005 -18"><span class='ocrx_word' id='word_1_639' title='bbox 1106 607 1224 672; x_wconf 87' lang='lat' dir='ltr'>mittere,</span> <span class='ocrx_word' id='word_1_640' title='bbox 1247 613 1278 658; x_wconf 92' lang='lat' dir='ltr'>ut</span> <span class='ocrx_word' id='word_1_641' title='bbox 1295 607 1404 664; x_wconf 87' lang='lat' dir='ltr'>ulterius</span> <span class='ocrx_word' id='word_1_642' title='bbox 1423 611 1502 664; x_wconf 87' lang='lat' dir='ltr'>arbor</span> <span class='ocrx_word' id='word_1_643' title='bbox 1517 607 1699 676; x_wconf 80' lang='lat' dir='ltr'>intellegatur,</span> <span class='ocrx_word' id='word_1_644' title='bbox 1723 619 1801 670; x_wconf 84' lang='lat' dir='ltr'>quam</span> <span class='ocrx_word' id='word_1_645' title='bbox 1820 603 1910 656; x_wconf 68' lang='lat' dir='ltr'>cuium</span> 
     </span>
     <span class='ocr_line' id='line_1_83' title="bbox 1107 669 1911 746; baseline -0.005 -18"><span class='ocrx_word' id='word_1_646' title='bbox 1107 673 1189 728; x_wconf 86' lang='lat' dir='ltr'>fundo</span> <span class='ocrx_word' id='word_1_647' title='bbox 1206 675 1311 730; x_wconf 90' lang='lat' dir='ltr'>radices</span> <span class='ocrx_word' id='word_1_648' title='bbox 1328 677 1432 742; x_wconf 86' lang='lat' dir='ltr'>egisset.</span> <span class='ocrx_word' id='word_1_649' title='bbox 1459 683 1486 730; x_wconf 89' lang='lat' dir='ltr'>et</span> <span class='ocrx_word' id='word_1_650' title='bbox 1500 677 1560 732; x_wconf 89' lang='lat' dir='ltr'>ideo</span> <span class='ocrx_word' id='word_1_651' title='bbox 1574 689 1658 746; x_wconf 87' lang='lat' dir='ltr'>prope</span> <span class='ocrx_word' id='word_1_652' title='bbox 1673 669 1815 728; x_wconf 87' lang='lat' dir='ltr'>confinium</span> <span class='ocrx_word' id='word_1_653' title='bbox 1830 671 1911 724; x_wconf 89' lang='lat' dir='ltr'>arbor</span> 
     </span>
     <span class='ocr_line' id='line_1_84' title="bbox 1106 739 1910 814; baseline -0.009 -16"><span class='ocrx_word' id='word_1_654' title='bbox 1106 743 1207 814; x_wconf 88' lang='lat' dir='ltr'>posita,</span> <span class='ocrx_word' id='word_1_655' title='bbox 1231 743 1255 798; x_wconf 93' lang='lat' dir='ltr'>si</span> <span class='ocrx_word' id='word_1_656' title='bbox 1272 741 1353 796; x_wconf 89' lang='lat' dir='ltr'>etiam</span> <span class='ocrx_word' id='word_1_657' title='bbox 1375 743 1403 796; x_wconf 91' lang='lat' dir='ltr'>in</span> <span class='ocrx_word' id='word_1_658' title='bbox 1424 745 1537 798; x_wconf 81' lang='lat' dir='ltr'>ricinum</span> <span class='ocrx_word' id='word_1_659' title='bbox 1559 745 1671 800; x_wconf 89' lang='lat' dir='ltr'>fundum</span> <span class='ocrx_word' id='word_1_660' title='bbox 1694 739 1796 796; x_wconf 85' lang='lat' dir='ltr'>radices</span> <span class='ocrx_word' id='word_1_661' title='bbox 1820 739 1910 808; x_wconf 89' lang='lat' dir='ltr'>egerit,</span> 
     </span>
     <span class='ocr_line' id='line_1_85' title="bbox 1107 811 1488 866; baseline -0.016 0"><span class='ocrx_word' id='word_1_662' title='bbox 1107 811 1253 866; x_wconf 89' lang='lat' dir='ltr'>communis</span> <span class='ocrx_word' id='word_1_663' title='bbox 1271 815 1314 866; x_wconf 91' lang='lat' dir='ltr'>est</span> <span class='ocrx_word' id='word_1_664' title='bbox 1487 839 1488 842; x_wconf 60' lang='lat'><em>=</em></span> 
     </span>
    </p>

    <p class='ocr_par' dir='ltr' id='par_1_7' title="bbox 1105 875 1911 5276">
     <span class='ocr_line' id='line_1_86' title="bbox 1141 875 1909 950; baseline -0.01 -12"><span class='ocrx_word' id='word_1_665' title='bbox 1141 875 1350 938; x_wconf 75' lang='lat' dir='ltr'>8Mnaorancs</span> <span class='ocrx_word' id='word_1_666' title='bbox 1360 877 1428 934; x_wconf 83' lang='lat' dir='ltr'>libro</span> <span class='ocrx_word' id='word_1_667' title='bbox 1438 881 1515 934; x_wconf 81' lang='lat' dir='ltr'>tertio</span> <span class='ocrx_word' id='word_1_668' title='bbox 1525 881 1719 938; x_wconf 80' lang='lat' dir='ltr'>institutionum</span> <span class='ocrx_word' id='word_1_669' title='bbox 1745 877 1909 950; x_wconf 88' lang='lat' dir='ltr'>proregionc</span> 
     </span>
     <span class='ocr_line' id='line_1_87' title="bbox 1108 945 1910 1016; baseline -0.001 -16"><span class='ocrx_word' id='word_1_670' title='bbox 1108 955 1118 1000; x_wconf 85' lang='lat'>1</span> <span class='ocrx_word' id='word_1_671' title='bbox 1157 947 1286 1016; x_wconf 87' lang='lat' dir='ltr'>cuiusque</span> <span class='ocrx_word' id='word_1_672' title='bbox 1311 945 1423 1016; x_wconf 89' lang='lat' dir='ltr'>praedii.</span> <span class='ocrx_word' id='word_1_673' title='bbox 1459 945 1512 1000; x_wconf 83' lang='lat' dir='ltr'>Sed</span> <span class='ocrx_word' id='word_1_674' title='bbox 1540 955 1566 1002; x_wconf 93' lang='lat' dir='ltr'>et</span> <span class='ocrx_word' id='word_1_675' title='bbox 1595 951 1617 1004; x_wconf 90' lang='lat' dir='ltr'>si</span> <span class='ocrx_word' id='word_1_676' title='bbox 1644 951 1672 1006; x_wconf 91' lang='lat' dir='ltr'>in</span> <span class='ocrx_word' id='word_1_677' title='bbox 1701 949 1814 1006; x_wconf 88' lang='lat' dir='ltr'>confinio</span> <span class='ocrx_word' id='word_1_678' title='bbox 1842 947 1869 1000; x_wconf 94' lang='lat' dir='ltr'>la</span> <span class='ocrx_word' id='word_1_679' title='bbox 1889 947 1910 1000; x_wconf 90' lang='lat' dir='ltr'>is</span> 
     </span>
     <span class='ocr_line' id='line_1_88' title="bbox 1106 1015 1910 1088; baseline -0.005 -16"><span class='ocrx_word' id='word_1_680' title='bbox 1106 1021 1233 1072; x_wconf 88' lang='lat' dir='ltr'>nascatur</span> <span class='ocrx_word' id='word_1_681' title='bbox 1254 1019 1299 1072; x_wconf 66' lang='lat' dir='ltr'>et⁶</span> <span class='ocrx_word' id='word_1_682' title='bbox 1320 1021 1385 1070; x_wconf 90' lang='lat' dir='ltr'>sunt</span> <span class='ocrx_word' id='word_1_683' title='bbox 1409 1029 1457 1084; x_wconf 89' lang='lat' dir='ltr'>pro</span> <span class='ocrx_word' id='word_1_684' title='bbox 1486 1015 1598 1072; x_wconf 88' lang='lat' dir='ltr'>indiviso</span> <span class='ocrx_word' id='word_1_685' title='bbox 1622 1021 1772 1076; x_wconf 88' lang='lat' dir='ltr'>communia</span> <span class='ocrx_word' id='word_1_686' title='bbox 1793 1033 1857 1088; x_wconf 88' lang='lat' dir='ltr'>prae</span> <span class='ocrx_word' id='word_1_687' title='bbox 1877 1015 1910 1082; x_wconf 89' lang='lat' dir='ltr'>ia,</span> 
     </span>
     <span class='ocr_line' id='line_1_89' title="bbox 1106 1081 1911 1164; baseline 0 -26"><span class='ocrx_word' id='word_1_688' title='bbox 1106 1091 1170 1140; x_wconf 92' lang='lat' dir='ltr'>tunc</span> <span class='ocrx_word' id='word_1_689' title='bbox 1201 1085 1251 1138; x_wconf 89' lang='lat' dir='ltr'>erit</span> <span class='ocrx_word' id='word_1_690' title='bbox 1278 1083 1347 1164; x_wconf 80' lang='lat' dir='ltr'>lapis</span> <span class='ocrx_word' id='word_1_691' title='bbox 1377 1099 1425 1154; x_wconf 92' lang='lat' dir='ltr'>pro</span> <span class='ocrx_word' id='word_1_692' title='bbox 1455 1081 1566 1138; x_wconf 84' lang='lat' dir='ltr'>indiviso</span> <span class='ocrx_word' id='word_1_693' title='bbox 1601 1091 1758 1156; x_wconf 89' lang='lat' dir='ltr'>communis,</span> <span class='ocrx_word' id='word_1_694' title='bbox 1791 1087 1814 1144; x_wconf 90' lang='lat' dir='ltr'>si</span> <span class='ocrx_word' id='word_1_695' title='bbox 1840 1093 1911 1140; x_wconf 88' lang='lat' dir='ltr'>terra</span> 
     </span>
     <span class='ocr_line' id='line_1_90' title="bbox 1107 1159 1911 1280; baseline 0.002 -6"><span class='ocrx_word' id='word_1_696' title='bbox 1107 1159 1367 1280; x_wconf 42' lang='lat' dir='ltr'>exgaeplffliosdtlibro</span> <span class='ocrx_word' id='word_1_697' title='bbox 1379 1219 1496 1276; x_wconf 80' lang='lat' dir='ltr'>secundo</span> <span class='ocrx_word' id='word_1_698' title='bbox 1512 1235 1603 1272; x_wconf 84' lang='lat' dir='ltr'>rerum</span> <span class='ocrx_word' id='word_1_699' title='bbox 1616 1225 1821 1278; x_wconf 77' lang='lat' dir='ltr'>cottidianarum</span> <span class='ocrx_word' id='word_1_700' title='bbox 1838 1225 1911 1278; x_wconf 73' lang='lat' dir='ltr'>rr&#39;uc8</span> 
     </span>
     <span class='ocr_line' id='line_1_91' title="bbox 1106 1289 1911 1360; baseline -0.001 -14"><span class='ocrx_word' id='word_1_701' title='bbox 1106 1307 1249 1346; x_wconf 72' lang='lat' dir='ltr'>citreorum</span> <span class='ocrx_word' id='word_1_702' title='bbox 1284 1291 1344 1358; x_wconf 75' lang='lat' dir='ltr'>Qua</span> <span class='ocrx_word' id='word_1_703' title='bbox 1367 1289 1472 1344; x_wconf 91' lang='lat' dir='ltr'>ratione</span> <span class='ocrx_word' id='word_1_704' title='bbox 1500 1293 1589 1342; x_wconf 89' lang='lat' dir='ltr'>autern</span> <span class='ocrx_word' id='word_1_705' title='bbox 1613 1289 1721 1358; x_wconf 87' lang='lat' dir='ltr'>plantae</span> <span class='ocrx_word' id='word_1_706' title='bbox 1748 1309 1817 1360; x_wconf 84' lang='lat' dir='ltr'>quae</span> <span class='ocrx_word' id='word_1_707' title='bbox 1839 1299 1911 1348; x_wconf 87' lang='lat' dir='ltr'>terra</span> 
     </span>
     <span class='ocr_line' id='line_1_92' title="bbox 1108 1357 1910 1430; baseline 0.002 -16"><span class='ocrx_word' id='word_1_708' title='bbox 1108 1359 1261 1414; x_wconf 89' lang='lat' dir='ltr'>coalescunt</span> <span class='ocrx_word' id='word_1_709' title='bbox 1278 1359 1335 1414; x_wconf 87' lang='lat' dir='ltr'>solo</span> <span class='ocrx_word' id='word_1_710' title='bbox 1346 1357 1450 1426; x_wconf 88' lang='lat' dir='ltr'>cedunt,</span> <span class='ocrx_word' id='word_1_711' title='bbox 1469 1357 1560 1414; x_wconf 88' lang='lat' dir='ltr'>eadem</span> <span class='ocrx_word' id='word_1_712' title='bbox 1577 1357 1679 1414; x_wconf 82' lang='lat' dir='ltr'>radone</span> <span class='ocrx_word' id='word_1_713' title='bbox 1696 1361 1828 1416; x_wconf 86' lang='lat' dir='ltr'>frumenta</span> <span class='ocrx_word' id='word_1_714' title='bbox 1846 1379 1910 1430; x_wconf 89' lang='lat' dir='ltr'>quo-</span> 
     </span>
     <span class='ocr_line' id='line_1_93' title="bbox 1108 1425 1909 1498; baseline 0.005 -16"><span class='ocrx_word' id='word_1_715' title='bbox 1108 1445 1158 1498; x_wconf 88' lang='lat' dir='ltr'>que</span> <span class='ocrx_word' id='word_1_716' title='bbox 1176 1443 1245 1498; x_wconf 87' lang='lat' dir='ltr'>quae</span> <span class='ocrx_word' id='word_1_717' title='bbox 1266 1435 1326 1480; x_wconf 89' lang='lat' dir='ltr'>sata</span> <span class='ocrx_word' id='word_1_718' title='bbox 1343 1433 1405 1482; x_wconf 89' lang='lat' dir='ltr'>sunt</span> <span class='ocrx_word' id='word_1_719' title='bbox 1423 1427 1479 1482; x_wconf 93' lang='lat' dir='ltr'>solo</span> <span class='ocrx_word' id='word_1_720' title='bbox 1498 1427 1591 1482; x_wconf 89' lang='lat' dir='ltr'>cedere</span> <span class='ocrx_word' id='word_1_721' title='bbox 1607 1425 1803 1496; x_wconf 86' lang='lat' dir='ltr'>intelleguntur.</span> <span class='ocrx_word' id='word_1_722' title='bbox 1840 1437 1909 1486; x_wconf 93' lang='lat' dir='ltr'>cete·</span> 
     </span>
     <span class='ocr_line' id='line_1_94' title="bbox 1105 1495 1908 1566; baseline 0.002 -14"><span class='ocrx_word' id='word_1_723' title='bbox 1105 1513 1164 1552; x_wconf 90' lang='lat' dir='ltr'>rum</span> <span class='ocrx_word' id='word_1_724' title='bbox 1182 1495 1252 1552; x_wconf 89' lang='lat' dir='ltr'>sicut</span> <span class='ocrx_word' id='word_1_725' title='bbox 1268 1495 1299 1564; x_wconf 90' lang='lat' dir='ltr'>is,</span> <span class='ocrx_word' id='word_1_726' title='bbox 1317 1495 1365 1566; x_wconf 85' lang='lat' dir='ltr'>qui</span> <span class='ocrx_word' id='word_1_727' title='bbox 1380 1495 1408 1552; x_wconf 91' lang='lat' dir='ltr'>in</span> <span class='ocrx_word' id='word_1_728' title='bbox 1427 1495 1513 1552; x_wconf 80' lang='lat' dir='ltr'>abeno</span> <span class='ocrx_word' id='word_1_729' title='bbox 1531 1495 1587 1552; x_wconf 90' lang='lat' dir='ltr'>solo</span> <span class='ocrx_word' id='word_1_730' title='bbox 1606 1495 1767 1564; x_wconf 85' lang='lat' dir='ltr'>aedificarit,</span> <span class='ocrx_word' id='word_1_731' title='bbox 1786 1499 1808 1552; x_wconf 89' lang='lat' dir='ltr'>si</span> <span class='ocrx_word' id='word_1_732' title='bbox 1826 1501 1859 1552; x_wconf 92' lang='lat' dir='ltr'>ab</span> <span class='ocrx_word' id='word_1_733' title='bbox 1879 1517 1908 1554; x_wconf 90' lang='lat' dir='ltr'>eo</span> 
     </span>
     <span class='ocr_line' id='line_1_95' title="bbox 1106 1563 1911 1636; baseline 0 -16"><span class='ocrx_word' id='word_1_734' title='bbox 1106 1565 1227 1620; x_wconf 88' lang='lat' dir='ltr'>dominus</span> <span class='ocrx_word' id='word_1_735' title='bbox 1251 1565 1302 1618; x_wconf 91' lang='lat' dir='ltr'>soli</span> <span class='ocrx_word' id='word_1_736' title='bbox 1328 1571 1404 1634; x_wconf 90' lang='lat' dir='ltr'>petat</span> <span class='ocrx_word' id='word_1_737' title='bbox 1431 1565 1593 1628; x_wconf 88' lang='lat' dir='ltr'>aedificium,</span> <span class='ocrx_word' id='word_1_738' title='bbox 1622 1563 1727 1618; x_wconf 84' lang='lat' dir='ltr'>defendi</span> <span class='ocrx_word' id='word_1_739' title='bbox 1751 1571 1839 1632; x_wconf 89' lang='lat' dir='ltr'>potest</span> <span class='ocrx_word' id='word_1_740' title='bbox 1862 1583 1911 1636; x_wconf 89' lang='lat' dir='ltr'>per</span> 
     </span>
     <span class='ocr_line' id='line_1_96' title="bbox 1106 1631 1909 1704; baseline 0 -16"><span class='ocrx_word' id='word_1_741' title='bbox 1106 1633 1289 1704; x_wconf 86' lang='lat' dir='ltr'>exceptionem</span> <span class='ocrx_word' id='word_1_742' title='bbox 1305 1633 1359 1688; x_wconf 91' lang='lat' dir='ltr'>doli</span> <span class='ocrx_word' id='word_1_743' title='bbox 1372 1633 1447 1698; x_wconf 88' lang='lat' dir='ltr'>mali,</span> <span class='ocrx_word' id='word_1_744' title='bbox 1462 1633 1500 1686; x_wconf 90' lang='lat' dir='ltr'>ita</span> <span class='ocrx_word' id='word_1_745' title='bbox 1512 1631 1629 1686; x_wconf 88' lang='lat' dir='ltr'>eiusdem</span> <span class='ocrx_word' id='word_1_746' title='bbox 1639 1633 1800 1702; x_wconf 86' lang='lat' dir='ltr'>exceptionis</span> <span class='ocrx_word' id='word_1_747' title='bbox 1811 1637 1909 1688; x_wconf 86' lang='lat' dir='ltr'>auxilio</span> 
     </span>
     <span class='ocr_line' id='line_1_97' title="bbox 1106 1699 1909 1770; baseline 0.002 -16"><span class='ocrx_word' id='word_1_748' title='bbox 1106 1707 1179 1756; x_wconf 87' lang='lat' dir='ltr'>tutus</span> <span class='ocrx_word' id='word_1_749' title='bbox 1201 1717 1260 1756; x_wconf 90' lang='lat' dir='ltr'>esse</span> <span class='ocrx_word' id='word_1_750' title='bbox 1283 1701 1395 1770; x_wconf 90' lang='lat' dir='ltr'>poterit,</span> <span class='ocrx_word' id='word_1_751' title='bbox 1420 1701 1512 1768; x_wconf 88' lang='lat' dir='ltr'>quiin</span> <span class='ocrx_word' id='word_1_752' title='bbox 1532 1703 1644 1756; x_wconf 88' lang='lat' dir='ltr'>alienum</span> <span class='ocrx_word' id='word_1_753' title='bbox 1667 1699 1779 1754; x_wconf 88' lang='lat' dir='ltr'>fundum</span> <span class='ocrx_word' id='word_1_754' title='bbox 1796 1717 1846 1754; x_wconf 90' lang='lat' dir='ltr'>sua</span> <span class='ocrx_word' id='word_1_755' title='bbox 1862 1703 1909 1756; x_wconf 91' lang='lat' dir='ltr'>im·</span> 
     </span>
     <span class='ocr_line' id='line_1_98' title="bbox 1108 1769 1910 1840; baseline 0 -18"><span class='ocrx_word' id='word_1_756' title='bbox 1108 1779 1119 1822; x_wconf 87' lang='lat'>1</span> <span class='ocrx_word' id='word_1_757' title='bbox 1155 1785 1240 1840; x_wconf 90' lang='lat' dir='ltr'>pensa</span> <span class='ocrx_word' id='word_1_758' title='bbox 1256 1769 1382 1824; x_wconf 90' lang='lat' dir='ltr'>consevit.</span> <span class='ocrx_word' id='word_1_759' title='bbox 1409 1769 1528 1824; x_wconf 87' lang='lat' dir='ltr'>Litterae</span> <span class='ocrx_word' id='word_1_760' title='bbox 1541 1783 1645 1838; x_wconf 86' lang='lat' dir='ltr'>qnoque</span> <span class='ocrx_word' id='word_1_761' title='bbox 1660 1769 1722 1822; x_wconf 89' lang='lat' dir='ltr'>licet</span> <span class='ocrx_word' id='word_1_762' title='bbox 1737 1783 1833 1822; x_wconf 90' lang='lat' dir='ltr'>aureae</span> <span class='ocrx_word' id='word_1_763' title='bbox 1850 1771 1910 1834; x_wconf 89' lang='lat' dir='ltr'>sint,</span> 
     </span>
     <span class='ocr_line' id='line_1_99' title="bbox 1105 1835 1911 1906; baseline -0.002 -14"><span class='ocrx_word' id='word_1_764' title='bbox 1105 1837 1214 1906; x_wconf 88' lang='lat' dir='ltr'>perinde</span> <span class='ocrx_word' id='word_1_765' title='bbox 1232 1837 1332 1892; x_wconf 88' lang='lat' dir='ltr'>chartis</span> <span class='ocrx_word' id='word_1_766' title='bbox 1350 1837 1560 1906; x_wconf 87' lang='lat' dir='ltr'>membranisque</span> <span class='ocrx_word' id='word_1_767' title='bbox 1576 1835 1682 1900; x_wconf 88' lang='lat' dir='ltr'>cedunt,</span> <span class='ocrx_word' id='word_1_768' title='bbox 1701 1853 1732 1890; x_wconf 92' lang='lat' dir='ltr'>ac</span> <span class='ocrx_word' id='word_1_769' title='bbox 1751 1837 1807 1890; x_wconf 92' lang='lat' dir='ltr'>solo</span> <span class='ocrx_word' id='word_1_770' title='bbox 1818 1837 1911 1890; x_wconf 91' lang='lat' dir='ltr'>cedere</span> 
     </span>
     <span class='ocr_line' id='line_1_100' title="bbox 1106 1903 1911 1974; baseline -0.002 -14"><span class='ocrx_word' id='word_1_771' title='bbox 1106 1907 1193 1960; x_wconf 90' lang='lat' dir='ltr'>solent</span> <span class='ocrx_word' id='word_1_772' title='bbox 1215 1921 1248 1960; x_wconf 88' lang='lat' dir='ltr'>ea</span> <span class='ocrx_word' id='word_1_773' title='bbox 1271 1921 1340 1974; x_wconf 84' lang='lat' dir='ltr'>quae</span> <span class='ocrx_word' id='word_1_774' title='bbox 1364 1903 1538 1960; x_wconf 88' lang='lat' dir='ltr'>aedificantur</span> <span class='ocrx_word' id='word_1_775' title='bbox 1565 1911 1765 1960; x_wconf 74' lang='lat' dir='ltr'>consuuntur.</span> <span class='ocrx_word' id='word_1_776' title='bbox 1799 1903 1911 1972; x_wconf 88' lang='lat' dir='ltr'>ideoque</span> 
     </span>
     <span class='ocr_line' id='line_1_101' title="bbox 1107 1971 1911 2028; baseline -0.002 -2"><span class='ocrx_word' id='word_1_777' title='bbox 1107 1975 1129 2026; x_wconf 89' lang='lat' dir='ltr'>si</span> <span class='ocrx_word' id='word_1_778' title='bbox 1145 1975 1175 2026; x_wconf 91' lang='lat' dir='ltr'>in</span> <span class='ocrx_word' id='word_1_779' title='bbox 1193 1975 1292 2028; x_wconf 87' lang='lat' dir='ltr'>chartis</span> <span class='ocrx_word' id='word_1_780' title='bbox 1309 1975 1499 2028; x_wconf 88' lang='lat' dir='ltr'>membranisve</span> <span class='ocrx_word' id='word_1_781' title='bbox 1520 1975 1574 2028; x_wconf 91' lang='lat' dir='ltr'>tuis</span> <span class='ocrx_word' id='word_1_782' title='bbox 1592 1989 1698 2028; x_wconf 89' lang='lat' dir='ltr'>carmen</span> <span class='ocrx_word' id='word_1_783' title='bbox 1715 1975 1756 2026; x_wconf 92' lang='lat' dir='ltr'>vel</span> <span class='ocrx_word' id='word_1_784' title='bbox 1773 1971 1911 2026; x_wconf 85' lang='lat' dir='ltr'>historiam</span> 
     </span>
     <span class='ocr_line' id='line_1_102' title="bbox 1106 2039 1911 2110; baseline -0.002 -16"><span class='ocrx_word' id='word_1_785' title='bbox 1106 2041 1311 2096; x_wconf 72' lang='lat' dir='ltr'>tolerationem</span> <span class='ocrx_word' id='word_1_786' title='bbox 1329 2043 1468 2110; x_wconf 90' lang='lat' dir='ltr'>scripsero,</span> <span class='ocrx_word' id='word_1_787' title='bbox 1486 2041 1565 2096; x_wconf 90' lang='lat' dir='ltr'>huius</span> <span class='ocrx_word' id='word_1_788' title='bbox 1584 2041 1701 2110; x_wconf 84' lang='lat' dir='ltr'>corporis</span> <span class='ocrx_word' id='word_1_789' title='bbox 1718 2059 1772 2096; x_wconf 90' lang='lat' dir='ltr'>non</span> <span class='ocrx_word' id='word_1_790' title='bbox 1790 2055 1845 2108; x_wconf 85' lang='lat' dir='ltr'>ego,</span> <span class='ocrx_word' id='word_1_791' title='bbox 1864 2039 1911 2092; x_wconf 88' lang='lat' dir='ltr'>sed</span> 
     </span>
     <span class='ocr_line' id='line_1_103' title="bbox 1106 2107 1909 2176; baseline -0.001 -15"><span class='ocrx_word' id='word_1_792' title='bbox 1106 2115 1136 2162; x_wconf 89' lang='lat' dir='ltr'>tu</span> <span class='ocrx_word' id='word_1_793' title='bbox 1159 2107 1281 2162; x_wconf 89' lang='lat' dir='ltr'>dominus</span> <span class='ocrx_word' id='word_1_794' title='bbox 1307 2125 1365 2164; x_wconf 90' lang='lat' dir='ltr'>esse</span> <span class='ocrx_word' id='word_1_795' title='bbox 1393 2109 1560 2176; x_wconf 89' lang='lat' dir='ltr'>intellegeris.</span> <span class='ocrx_word' id='word_1_796' title='bbox 1595 2109 1643 2164; x_wconf 90' lang='lat' dir='ltr'>sed</span> <span class='ocrx_word' id='word_1_797' title='bbox 1671 2109 1695 2164; x_wconf 91' lang='lat' dir='ltr'>si</span> <span class='ocrx_word' id='word_1_798' title='bbox 1720 2125 1737 2162; x_wconf 89' lang='lat' dir='ltr'>a</span> <span class='ocrx_word' id='word_1_799' title='bbox 1763 2123 1804 2162; x_wconf 90' lang='lat' dir='ltr'>ms</span> <span class='ocrx_word' id='word_1_800' title='bbox 1833 2113 1909 2176; x_wconf 89' lang='lat' dir='ltr'>petas</span> 
     </span>
     <span class='ocr_line' id='line_1_104' title="bbox 1106 2175 1909 2244; baseline -0.002 -14"><span class='ocrx_word' id='word_1_801' title='bbox 1106 2183 1167 2230; x_wconf 89' lang='lat' dir='ltr'>tuos</span> <span class='ocrx_word' id='word_1_802' title='bbox 1189 2175 1272 2230; x_wconf 89' lang='lat' dir='ltr'>libros</span> <span class='ocrx_word' id='word_1_803' title='bbox 1293 2181 1386 2230; x_wconf 86' lang='lat' dir='ltr'>tuosve</span> <span class='ocrx_word' id='word_1_804' title='bbox 1408 2179 1574 2230; x_wconf 87' lang='lat' dir='ltr'>membranas</span> <span class='ocrx_word' id='word_1_805' title='bbox 1597 2191 1646 2230; x_wconf 91' lang='lat' dir='ltr'>nec</span> <span class='ocrx_word' id='word_1_806' title='bbox 1669 2177 1802 2244; x_wconf 88' lang='lat' dir='ltr'>impensas</span> <span class='ocrx_word' id='word_1_807' title='bbox 1826 2175 1909 2244; x_wconf 88' lang='lat' dir='ltr'>scrip·</span> 
     </span>
     <span class='ocr_line' id='line_1_105' title="bbox 1106 2245 1910 2324; baseline 0 -28"><span class='ocrx_word' id='word_1_808' title='bbox 1106 2251 1185 2296; x_wconf 88' lang='lat' dir='ltr'>turae</span> <span class='ocrx_word' id='word_1_809' title='bbox 1202 2245 1303 2298; x_wconf 87' lang='lat' dir='ltr'>solvere</span> <span class='ocrx_word' id='word_1_810' title='bbox 1320 2245 1398 2310; x_wconf 79' lang='lat' dir='ltr'>velia,</span> <span class='ocrx_word' id='word_1_811' title='bbox 1422 2251 1515 2324; x_wconf 87' lang='lat' dir='ltr'>potero</span> <span class='ocrx_word' id='word_1_812' title='bbox 1533 2259 1575 2298; x_wconf 89' lang='lat' dir='ltr'>me</span> <span class='ocrx_word' id='word_1_813' title='bbox 1592 2245 1733 2298; x_wconf 83' lang='lat' dir='ltr'>defendere</span> <span class='ocrx_word' id='word_1_814' title='bbox 1749 2259 1797 2312; x_wconf 91' lang='lat' dir='ltr'>per</span> <span class='ocrx_word' id='word_1_815' title='bbox 1814 2257 1910 2310; x_wconf 82' lang='lat' dir='ltr'>excep-</span> 
     </span>
     <span class='ocr_line' id='line_1_106' title="bbox 1106 2311 1910 2380; baseline -0.002 -16"><span class='ocrx_word' id='word_1_816' title='bbox 1106 2311 1206 2366; x_wconf 87' lang='lat' dir='ltr'>tionem</span> <span class='ocrx_word' id='word_1_817' title='bbox 1223 2311 1277 2366; x_wconf 88' lang='lat' dir='ltr'>dofi</span> <span class='ocrx_word' id='word_1_818' title='bbox 1294 2311 1363 2376; x_wconf 88' lang='lat' dir='ltr'>mali,</span> <span class='ocrx_word' id='word_1_819' title='bbox 1391 2317 1482 2380; x_wconf 88' lang='lat' dir='ltr'>utrque</span> <span class='ocrx_word' id='word_1_820' title='bbox 1501 2311 1524 2366; x_wconf 89' lang='lat' dir='ltr'>si</span> <span class='ocrx_word' id='word_1_821' title='bbox 1540 2313 1611 2368; x_wconf 89' lang='lat' dir='ltr'>bona</span> <span class='ocrx_word' id='word_1_822' title='bbox 1627 2311 1680 2368; x_wconf 87' lang='lat' dir='ltr'>fide</span> <span class='ocrx_word' id='word_1_823' title='bbox 1698 2329 1788 2366; x_wconf 89' lang='lat' dir='ltr'>eorum</span> <span class='ocrx_word' id='word_1_824' title='bbox 1805 2327 1910 2380; x_wconf 89' lang='lat' dir='ltr'>posses-</span> 
     </span>
     <span class='ocr_line' id='line_1_107' title="bbox 1109 2377 1911 2434; baseline -0.005 0"><span class='ocrx_word' id='word_1_825' title='bbox 1109 2383 1122 2434; x_wconf 80' lang='lat' dir='ltr'>i</span> <span class='ocrx_word' id='word_1_826' title='bbox 1158 2379 1259 2434; x_wconf 87' lang='lat' dir='ltr'>sionem</span> <span class='ocrx_word' id='word_1_827' title='bbox 1276 2385 1390 2434; x_wconf 88' lang='lat' dir='ltr'>nanctus</span> <span class='ocrx_word' id='word_1_828' title='bbox 1408 2381 1466 2434; x_wconf 90' lang='lat' dir='ltr'>sim.</span> <span class='ocrx_word' id='word_1_829' title='bbox 1493 2379 1545 2434; x_wconf 81' lang='lat' dir='ltr'>Sed</span> <span class='ocrx_word' id='word_1_830' title='bbox 1562 2395 1616 2434; x_wconf 93' lang='lat' dir='ltr'>non</span> <span class='ocrx_word' id='word_1_831' title='bbox 1632 2381 1673 2434; x_wconf 89' lang='lat' dir='ltr'>uti</span> <span class='ocrx_word' id='word_1_832' title='bbox 1688 2379 1793 2434; x_wconf 90' lang='lat' dir='ltr'>litterae</span> <span class='ocrx_word' id='word_1_833' title='bbox 1811 2377 1911 2432; x_wconf 91' lang='lat' dir='ltr'>chartis</span> 
     </span>
     <span class='ocr_line' id='line_1_108' title="bbox 1108 2447 1911 2516; baseline 0 -16"><span class='ocrx_word' id='word_1_834' title='bbox 1108 2447 1299 2502; x_wconf 85' lang='lat' dir='ltr'>membranisre</span> <span class='ocrx_word' id='word_1_835' title='bbox 1331 2449 1442 2512; x_wconf 91' lang='lat' dir='ltr'>cedunt,</span> <span class='ocrx_word' id='word_1_836' title='bbox 1474 2449 1512 2500; x_wconf 89' lang='lat' dir='ltr'>ita</span> <span class='ocrx_word' id='word_1_837' title='bbox 1543 2447 1629 2502; x_wconf 90' lang='lat' dir='ltr'>solent</span> <span class='ocrx_word' id='word_1_838' title='bbox 1658 2449 1780 2516; x_wconf 88' lang='lat' dir='ltr'>picturae</span> <span class='ocrx_word' id='word_1_839' title='bbox 1811 2447 1911 2500; x_wconf 88' lang='lat' dir='ltr'>tabulis</span> 
     </span>
     <span class='ocr_line' id='line_1_109' title="bbox 1109 2515 1911 2584; baseline -0.002 -16"><span class='ocrx_word' id='word_1_840' title='bbox 1109 2515 1216 2580; x_wconf 88' lang='lat' dir='ltr'>cedere,</span> <span class='ocrx_word' id='word_1_841' title='bbox 1248 2515 1296 2570; x_wconf 90' lang='lat' dir='ltr'>sed</span> <span class='ocrx_word' id='word_1_842' title='bbox 1328 2531 1362 2570; x_wconf 84' lang='lat' dir='ltr'>ex</span> <span class='ocrx_word' id='word_1_843' title='bbox 1391 2515 1492 2570; x_wconf 89' lang='lat' dir='ltr'>diverso</span> <span class='ocrx_word' id='word_1_844' title='bbox 1524 2515 1626 2584; x_wconf 88' lang='lat' dir='ltr'>placuit</span> <span class='ocrx_word' id='word_1_845' title='bbox 1652 2515 1759 2572; x_wconf 89' lang='lat' dir='ltr'>tabulas</span> <span class='ocrx_word' id='word_1_846' title='bbox 1790 2515 1911 2584; x_wconf 88' lang='lat' dir='ltr'>picturae</span> 
     </span>
     <span class='ocr_line' id='line_1_110' title="bbox 1109 2581 1911 2650; baseline -0.005 -14"><span class='ocrx_word' id='word_1_847' title='bbox 1109 2581 1210 2636; x_wconf 89' lang='lat' dir='ltr'>cedere.</span> <span class='ocrx_word' id='word_1_848' title='bbox 1246 2583 1337 2650; x_wconf 85' lang='lat' dir='ltr'>utique</span> <span class='ocrx_word' id='word_1_849' title='bbox 1359 2589 1449 2636; x_wconf 90' lang='lat' dir='ltr'>tamen</span> <span class='ocrx_word' id='word_1_850' title='bbox 1467 2583 1623 2638; x_wconf 89' lang='lat' dir='ltr'>conveniens</span> <span class='ocrx_word' id='word_1_851' title='bbox 1647 2589 1688 2636; x_wconf 90' lang='lat' dir='ltr'>est</span> <span class='ocrx_word' id='word_1_852' title='bbox 1711 2583 1815 2636; x_wconf 86' lang='lat' dir='ltr'>domino</span> <span class='ocrx_word' id='word_1_853' title='bbox 1832 2583 1911 2634; x_wconf 90' lang='lat' dir='ltr'>tabu-</span> 
     </span>
     <span class='ocr_line' id='line_1_111' title="bbox 1107 2649 1910 2718; baseline -0.002 -16"><span class='ocrx_word' id='word_1_854' title='bbox 1107 2651 1194 2704; x_wconf 89' lang='lat' dir='ltr'>larum</span> <span class='ocrx_word' id='word_1_855' title='bbox 1211 2649 1337 2704; x_wconf 87' lang='lat' dir='ltr'>adversus</span> <span class='ocrx_word' id='word_1_856' title='bbox 1355 2665 1414 2704; x_wconf 89' lang='lat' dir='ltr'>eum</span> <span class='ocrx_word' id='word_1_857' title='bbox 1432 2649 1476 2716; x_wconf 88' lang='lat' dir='ltr'>qui</span> <span class='ocrx_word' id='word_1_858' title='bbox 1492 2651 1621 2718; x_wconf 87' lang='lat' dir='ltr'>pinxerit,</span> <span class='ocrx_word' id='word_1_859' title='bbox 1646 2651 1668 2704; x_wconf 77' lang='lat' dir='ltr'>ri</span> <span class='ocrx_word' id='word_1_860' title='bbox 1685 2651 1709 2704; x_wconf 91' lang='lat' dir='ltr'>is</span> <span class='ocrx_word' id='word_1_861' title='bbox 1725 2649 1831 2704; x_wconf 91' lang='lat' dir='ltr'>tabulas</span> <span class='ocrx_word' id='word_1_862' title='bbox 1849 2665 1910 2716; x_wconf 76' lang='lat' dir='ltr'>pos-</span> 
     </span>
     <span class='ocr_line' id='line_1_112' title="bbox 1107 2717 1911 2784; baseline -0.005 -14"><span class='ocrx_word' id='word_1_863' title='bbox 1107 2717 1236 2782; x_wconf 80' lang='lat' dir='ltr'>sidebat⁹,</span> <span class='ocrx_word' id='word_1_864' title='bbox 1265 2717 1356 2770; x_wconf 89' lang='lat' dir='ltr'>utilem</span> <span class='ocrx_word' id='word_1_865' title='bbox 1379 2717 1510 2770; x_wconf 88' lang='lat' dir='ltr'>actionem</span> <span class='ocrx_word' id='word_1_866' title='bbox 1532 2717 1602 2780; x_wconf 87' lang='lat' dir='ltr'>dari,</span> <span class='ocrx_word' id='word_1_867' title='bbox 1631 2731 1684 2784; x_wconf 86' lang='lat' dir='ltr'>qua</span> <span class='ocrx_word' id='word_1_868' title='bbox 1706 2717 1744 2770; x_wconf 91' lang='lat' dir='ltr'>ita</span> <span class='ocrx_word' id='word_1_869' title='bbox 1768 2717 1911 2770; x_wconf 79' lang='lat' dir='ltr'>efficaciter</span> 
     </span>
     <span class='ocr_line' id='line_1_113' title="bbox 1109 2783 1911 2904; baseline -0.002 -66"><span class='ocrx_word' id='word_1_870' title='bbox 1109 2785 1223 2864; x_wconf 84' lang='lat' dir='ltr'>experiri</span> <span class='ocrx_word' id='word_1_871' title='bbox 1238 2785 1344 2852; x_wconf 89' lang='lat' dir='ltr'>poterit,</span> <span class='ocrx_word' id='word_1_872' title='bbox 1363 2785 1386 2838; x_wconf 91' lang='lat' dir='ltr'>si</span> <span class='ocrx_word' id='word_1_873' title='bbox 1403 2785 1523 2904; x_wconf 45' lang='lat' dir='ltr'>picturae</span> <span class='ocrx_word' id='word_1_874' title='bbox 1539 2785 1684 2854; x_wconf 88' lang='lat' dir='ltr'>impensam</span> <span class='ocrx_word' id='word_1_875' title='bbox 1697 2785 1827 2838; x_wconf 87' lang='lat' dir='ltr'>exsolvat:</span> <span class='ocrx_word' id='word_1_876' title='bbox 1846 2783 1911 2836; x_wconf 90' lang='lat' dir='ltr'>alio-</span> 
     </span>
     <span class='ocr_line' id='line_1_114' title="bbox 1109 2851 1911 2920; baseline -0.002 -16"><span class='ocrx_word' id='word_1_877' title='bbox 1109 2869 1173 2918; x_wconf 87' lang='lat' dir='ltr'>qnm</span> <span class='ocrx_word' id='word_1_878' title='bbox 1194 2851 1302 2906; x_wconf 90' lang='lat' dir='ltr'>nocebit</span> <span class='ocrx_word' id='word_1_879' title='bbox 1322 2851 1347 2904; x_wconf 91' lang='lat' dir='ltr'>ei</span> <span class='ocrx_word' id='word_1_880' title='bbox 1371 2851 1424 2906; x_wconf 90' lang='lat' dir='ltr'>do&#39;</span> <span class='ocrx_word' id='word_1_881' title='bbox 1448 2851 1511 2904; x_wconf 89' lang='lat' dir='ltr'>mali</span> <span class='ocrx_word' id='word_1_882' title='bbox 1532 2851 1665 2918; x_wconf 86' lang='lat' dir='ltr'>exceptio:</span> <span class='ocrx_word' id='word_1_883' title='bbox 1689 2853 1779 2920; x_wconf 85' lang='lat' dir='ltr'>utique</span> <span class='ocrx_word' id='word_1_884' title='bbox 1796 2851 1820 2904; x_wconf 89' lang='lat' dir='ltr'>si</span> <span class='ocrx_word' id='word_1_885' title='bbox 1841 2851 1911 2904; x_wconf 88' lang='lat' dir='ltr'>bona</span> 
     </span>
     <span class='ocr_line' id='line_1_115' title="bbox 1107 2917 1910 2998; baseline -0.002 -28"><span class='ocrx_word' id='word_1_886' title='bbox 1107 2917 1160 2970; x_wconf 88' lang='lat' dir='ltr'>fide</span> <span class='ocrx_word' id='word_1_887' title='bbox 1178 2933 1316 2986; x_wconf 88' lang='lat' dir='ltr'>possessor</span> <span class='ocrx_word' id='word_1_888' title='bbox 1339 2917 1420 2972; x_wconf 87' lang='lat' dir='ltr'>fuerit</span> <span class='ocrx_word' id='word_1_889' title='bbox 1442 2917 1488 2998; x_wconf 83' lang='lat' dir='ltr'>qui</span> <span class='ocrx_word' id='word_1_890' title='bbox 1504 2917 1650 2980; x_wconf 70' lang='lat' dir='ltr'>solveritffl.</span> <span class='ocrx_word' id='word_1_891' title='bbox 1685 2917 1811 2972; x_wconf 81' lang='lat' dir='ltr'>adversus</span> <span class='ocrx_word' id='word_1_892' title='bbox 1829 2917 1910 2970; x_wconf 90' lang='lat' dir='ltr'>domi-</span> 
     </span>
     <span class='ocr_line' id='line_1_116' title="bbox 1108 2985 1908 3054; baseline -0.005 -14"><span class='ocrx_word' id='word_1_893' title='bbox 1108 3001 1170 3040; x_wconf 91' lang='lat' dir='ltr'>num</span> <span class='ocrx_word' id='word_1_894' title='bbox 1187 3001 1249 3038; x_wconf 85' lang='lat' dir='ltr'>vero</span> <span class='ocrx_word' id='word_1_895' title='bbox 1267 2987 1419 3040; x_wconf 87' lang='lat' dir='ltr'>tabularum</span> <span class='ocrx_word' id='word_1_896' title='bbox 1435 3001 1460 3038; x_wconf 88' lang='grc' dir='ltr'>ει</span> <span class='ocrx_word' id='word_1_897' title='bbox 1478 2985 1530 3052; x_wconf 73' lang='lat' dir='ltr'>qui·</span> <span class='ocrx_word' id='word_1_898' title='bbox 1544 2985 1659 3054; x_wconf 84' lang='lat' dir='ltr'>pinxerit</span> <span class='ocrx_word' id='word_1_899' title='bbox 1676 2993 1776 3040; x_wconf 89' lang='lat' dir='ltr'>rectam</span> <span class='ocrx_word' id='word_1_900' title='bbox 1793 2985 1908 3040; x_wconf 85' lang='lat' dir='ltr'>vindica-</span> 
     </span>
     <span class='ocr_line' id='line_1_117' title="bbox 1107 3051 1910 3122; baseline -0.002 -16"><span class='ocrx_word' id='word_1_901' title='bbox 1107 3055 1206 3106; x_wconf 86' lang='lat' dir='ltr'>tionem</span> <span class='ocrx_word' id='word_1_902' title='bbox 1223 3057 1373 3120; x_wconf 86' lang='lat' dir='ltr'>competere</span> <span class='ocrx_word' id='word_1_903' title='bbox 1392 3051 1517 3118; x_wconf 89' lang='lat' dir='ltr'>dicimus,</span> <span class='ocrx_word' id='word_1_904' title='bbox 1540 3059 1570 3106; x_wconf 92' lang='lat' dir='ltr'>nt</span> <span class='ocrx_word' id='word_1_905' title='bbox 1586 3061 1675 3106; x_wconf 89' lang='lat' dir='ltr'>tamen</span> <span class='ocrx_word' id='word_1_906' title='bbox 1698 3053 1811 3122; x_wconf 88' lang='lat' dir='ltr'>pretium</span> <span class='ocrx_word' id='word_1_907' title='bbox 1832 3055 1910 3106; x_wconf 89' lang='lat' dir='ltr'>tabu·</span> 
     </span>
     <span class='ocr_line' id='line_1_118' title="bbox 1107 3121 1909 3190; baseline 0 -18"><span class='ocrx_word' id='word_1_908' title='bbox 1107 3121 1194 3174; x_wconf 91' lang='lat' dir='ltr'>larum</span> <span class='ocrx_word' id='word_1_909' title='bbox 1211 3121 1321 3174; x_wconf 83' lang='lat' dir='ltr'>inferat:</span> <span class='ocrx_word' id='word_1_910' title='bbox 1341 3121 1458 3188; x_wconf 87' lang='lat' dir='ltr'>alioquin</span> <span class='ocrx_word' id='word_1_911' title='bbox 1474 3121 1581 3174; x_wconf 91' lang='lat' dir='ltr'>nocebit</span> <span class='ocrx_word' id='word_1_912' title='bbox 1593 3121 1617 3172; x_wconf 90' lang='lat' dir='ltr'>ei</span> <span class='ocrx_word' id='word_1_913' title='bbox 1632 3121 1686 3174; x_wconf 93' lang='lat' dir='ltr'>doli</span> <span class='ocrx_word' id='word_1_914' title='bbox 1701 3121 1765 3174; x_wconf 89' lang='lat' dir='ltr'>mali</span> <span class='ocrx_word' id='word_1_915' title='bbox 1781 3121 1909 3190; x_wconf 90' lang='lat' dir='ltr'>exceptio.</span> 
     </span>
     <span class='ocr_line' id='line_1_119' title="bbox 1109 3187 1910 3268; baseline -0.002 -28"><span class='ocrx_word' id='word_1_916' title='bbox 1109 3193 1122 3240; x_wconf 84' lang='lat'>3</span> <span class='ocrx_word' id='word_1_917' title='bbox 1157 3187 1216 3242; x_wconf 86' lang='lat' dir='ltr'>Hae</span> <span class='ocrx_word' id='word_1_918' title='bbox 1238 3203 1343 3268; x_wconf 70' lang='lat' dir='ltr'>unoque</span> <span class='ocrx_word' id='word_1_919' title='bbox 1364 3205 1422 3252; x_wconf 89' lang='lat' dir='ltr'>res,</span> <span class='ocrx_word' id='word_1_920' title='bbox 1448 3203 1516 3256; x_wconf 86' lang='lat' dir='ltr'>quae</span> <span class='ocrx_word' id='word_1_921' title='bbox 1541 3187 1684 3240; x_wconf 89' lang='lat' dir='ltr'>traditione</span> <span class='ocrx_word' id='word_1_922' title='bbox 1705 3193 1812 3242; x_wconf 88' lang='lat' dir='ltr'>nostrae</span> <span class='ocrx_word' id='word_1_923' title='bbox 1835 3189 1910 3252; x_wconf 90' lang='lat' dir='ltr'>fiunt,</span> 
     </span>
     <span class='ocr_line' id='line_1_120' title="bbox 1107 3253 1909 3322; baseline -0.002 -14"><span class='ocrx_word' id='word_1_924' title='bbox 1107 3255 1164 3310; x_wconf 89' lang='lat' dir='ltr'>iure</span> <span class='ocrx_word' id='word_1_925' title='bbox 1181 3261 1298 3322; x_wconf 87' lang='lat' dir='ltr'>gentrum</span> <span class='ocrx_word' id='word_1_926' title='bbox 1312 3255 1388 3310; x_wconf 90' lang='lat' dir='ltr'>nobis</span> <span class='ocrx_word' id='word_1_927' title='bbox 1403 3253 1592 3322; x_wconf 86' lang='lat' dir='ltr'>adquiruntur:</span> <span class='ocrx_word' id='word_1_928' title='bbox 1610 3255 1676 3308; x_wconf 90' lang='lat' dir='ltr'>nihil</span> <span class='ocrx_word' id='word_1_929' title='bbox 1694 3255 1761 3308; x_wconf 89' lang='lat' dir='ltr'>enim</span> <span class='ocrx_word' id='word_1_930' title='bbox 1778 3263 1833 3308; x_wconf 92' lang='lat' dir='ltr'>tam</span> <span class='ocrx_word' id='word_1_931' title='bbox 1847 3271 1909 3310; x_wconf 82' lang='lat' dir='ltr'>con-</span> 
     </span>
     <span class='ocr_line' id='line_1_121' title="bbox 1108 3321 1911 3388; baseline 0.002 -14"><span class='ocrx_word' id='word_1_932' title='bbox 1108 3323 1215 3376; x_wconf 88' lang='lat' dir='ltr'>veniens</span> <span class='ocrx_word' id='word_1_933' title='bbox 1227 3329 1268 3376; x_wconf 86' lang='lat' dir='ltr'>est</span> <span class='ocrx_word' id='word_1_934' title='bbox 1283 3323 1399 3374; x_wconf 90' lang='lat' dir='ltr'>naturali</span> <span class='ocrx_word' id='word_1_935' title='bbox 1409 3321 1536 3388; x_wconf 89' lang='lat' dir='ltr'>aequitati</span> <span class='ocrx_word' id='word_1_936' title='bbox 1548 3337 1627 3388; x_wconf 89' lang='lat' dir='ltr'>quam</span> <span class='ocrx_word' id='word_1_937' title='bbox 1638 3321 1800 3376; x_wconf 88' lang='lat' dir='ltr'>voluntatem</span> <span class='ocrx_word' id='word_1_938' title='bbox 1813 3321 1911 3376; x_wconf 89' lang='lat' dir='ltr'>domini</span> 
     </span>
     <span class='ocr_line' id='line_1_122' title="bbox 1107 3387 1909 3444; baseline 0 -2"><span class='ocrx_word' id='word_1_939' title='bbox 1107 3389 1219 3444; x_wconf 88' lang='lat' dir='ltr'>volentis</span> <span class='ocrx_word' id='word_1_940' title='bbox 1237 3403 1293 3442; x_wconf 88' lang='lat' dir='ltr'>rem</span> <span class='ocrx_word' id='word_1_941' title='bbox 1310 3405 1386 3442; x_wconf 90' lang='lat' dir='ltr'>snam</span> <span class='ocrx_word' id='word_1_942' title='bbox 1402 3389 1430 3442; x_wconf 90' lang='lat' dir='ltr'>in</span> <span class='ocrx_word' id='word_1_943' title='bbox 1448 3389 1529 3442; x_wconf 89' lang='lat' dir='ltr'>aliurn</span> <span class='ocrx_word' id='word_1_944' title='bbox 1545 3387 1689 3444; x_wconf 88' lang='lat' dir='ltr'>transferre</span> <span class='ocrx_word' id='word_1_945' title='bbox 1706 3395 1790 3442; x_wconf 87' lang='lat' dir='ltr'>ratam</span> <span class='ocrx_word' id='word_1_946' title='bbox 1808 3391 1909 3444; x_wconf 89' lang='lat' dir='ltr'>baberi.</span> 
     </span>
     <span class='ocr_line' id='line_1_123' title="bbox 1108 3457 1911 3526; baseline 0.005 -18"><span class='ocrx_word' id='word_1_947' title='bbox 1108 3463 1124 3508; x_wconf 88' lang='lat'>4</span> <span class='ocrx_word' id='word_1_948' title='bbox 1157 3457 1232 3510; x_wconf 86' lang='lat' dir='ltr'>Nihil</span> <span class='ocrx_word' id='word_1_949' title='bbox 1248 3463 1337 3508; x_wconf 90' lang='lat' dir='ltr'>autem</span> <span class='ocrx_word' id='word_1_950' title='bbox 1353 3457 1478 3520; x_wconf 88' lang='lat' dir='ltr'>interest,</span> <span class='ocrx_word' id='word_1_951' title='bbox 1500 3463 1587 3508; x_wconf 90' lang='lat' dir='ltr'>utrum</span> <span class='ocrx_word' id='word_1_952' title='bbox 1604 3457 1661 3524; x_wconf 90' lang='lat' dir='ltr'>ipse</span> <span class='ocrx_word' id='word_1_953' title='bbox 1679 3457 1799 3510; x_wconf 90' lang='lat' dir='ltr'>dominus</span> <span class='ocrx_word' id='word_1_954' title='bbox 1817 3473 1864 3526; x_wconf 89' lang='lat' dir='ltr'>per</span> <span class='ocrx_word' id='word_1_955' title='bbox 1883 3473 1911 3512; x_wconf 91' lang='lat' dir='ltr'>se</span> 
     </span>
     <span class='ocr_line' id='line_1_124' title="bbox 1107 3523 1911 3592; baseline 0.002 -16"><span class='ocrx_word' id='word_1_956' title='bbox 1107 3523 1198 3578; x_wconf 91' lang='lat' dir='ltr'>tradat</span> <span class='ocrx_word' id='word_1_957' title='bbox 1220 3523 1299 3576; x_wconf 91' lang='lat' dir='ltr'>alicui</span> <span class='ocrx_word' id='word_1_958' title='bbox 1322 3539 1377 3576; x_wconf 90' lang='lat' dir='ltr'>rem</span> <span class='ocrx_word' id='word_1_959' title='bbox 1400 3539 1435 3576; x_wconf 90' lang='lat' dir='ltr'>an</span> <span class='ocrx_word' id='word_1_960' title='bbox 1452 3523 1587 3576; x_wconf 90' lang='lat' dir='ltr'>voluntate</span> <span class='ocrx_word' id='word_1_961' title='bbox 1609 3523 1665 3578; x_wconf 91' lang='lat' dir='ltr'>eins</span> <span class='ocrx_word' id='word_1_962' title='bbox 1687 3523 1821 3592; x_wconf 70' lang='lat' dir='ltr'>aliquisss.</span> <span class='ocrx_word' id='word_1_963' title='bbox 1857 3541 1911 3592; x_wconf 89' lang='lat' dir='ltr'>qua</span> 
     </span>
     <span class='ocr_line' id='line_1_125' title="bbox 1108 3589 1910 3658; baseline 0 -12"><span class='ocrx_word' id='word_1_964' title='bbox 1108 3593 1218 3658; x_wconf 90' lang='lat' dir='ltr'>ratione,</span> <span class='ocrx_word' id='word_1_965' title='bbox 1237 3591 1260 3644; x_wconf 90' lang='lat' dir='ltr'>si</span> <span class='ocrx_word' id='word_1_966' title='bbox 1274 3591 1317 3646; x_wconf 91' lang='lat' dir='ltr'>cui</span> <span class='ocrx_word' id='word_1_967' title='bbox 1334 3591 1419 3646; x_wconf 88' lang='lat' dir='ltr'>libera</span> <span class='ocrx_word' id='word_1_968' title='bbox 1436 3591 1599 3658; x_wconf 89' lang='lat' dir='ltr'>negotiorum</span> <span class='ocrx_word' id='word_1_969' title='bbox 1616 3589 1806 3646; x_wconf 89' lang='lat' dir='ltr'>administratio</span> <span class='ocrx_word' id='word_1_970' title='bbox 1826 3593 1860 3646; x_wconf 89' lang='lat' dir='ltr'>ab</span> <span class='ocrx_word' id='word_1_971' title='bbox 1878 3609 1910 3646; x_wconf 92' lang='lat' dir='ltr'>co</span> 
     </span>
     <span class='ocr_line' id='line_1_126' title="bbox 1109 3657 1910 3730; baseline 0 -18"><span class='ocrx_word' id='word_1_972' title='bbox 1109 3659 1154 3728; x_wconf 87' lang='lat' dir='ltr'>qui</span> <span class='ocrx_word' id='word_1_973' title='bbox 1177 3673 1287 3726; x_wconf 88' lang='lat' dir='ltr'>peregre</span> <span class='ocrx_word' id='word_1_974' title='bbox 1312 3657 1493 3730; x_wconf 87' lang='lat' dir='ltr'>proficiscitur</span> <span class='ocrx_word' id='word_1_975' title='bbox 1517 3657 1647 3728; x_wconf 85' lang='lat' dir='ltr'>permissa</span> <span class='ocrx_word' id='word_1_976' title='bbox 1672 3657 1752 3712; x_wconf 85' lang='lat' dir='ltr'>inerit</span> <span class='ocrx_word' id='word_1_977' title='bbox 1777 3665 1805 3712; x_wconf 87' lang='lat' dir='ltr'>et</span> <span class='ocrx_word' id='word_1_978' title='bbox 1828 3661 1851 3714; x_wconf 90' lang='lat' dir='ltr'>is</span> <span class='ocrx_word' id='word_1_979' title='bbox 1878 3677 1910 3714; x_wconf 87' lang='lat' dir='ltr'>ex</span> 
     </span>
     <span class='ocr_line' id='line_1_127' title="bbox 1109 3725 1909 3796; baseline 0 -16"><span class='ocrx_word' id='word_1_980' title='bbox 1109 3727 1220 3796; x_wconf 87' lang='lat' dir='ltr'>negotiis</span> <span class='ocrx_word' id='word_1_981' title='bbox 1236 3741 1292 3778; x_wconf 91' lang='lat' dir='ltr'>rem</span> <span class='ocrx_word' id='word_1_982' title='bbox 1309 3727 1455 3780; x_wconf 91' lang='lat' dir='ltr'>vendiderit</span> <span class='ocrx_word' id='word_1_983' title='bbox 1472 3731 1498 3778; x_wconf 88' lang='lat' dir='ltr'>et</span> <span class='ocrx_word' id='word_1_984' title='bbox 1514 3725 1664 3790; x_wconf 89' lang='lat' dir='ltr'>tradiderit,</span> <span class='ocrx_word' id='word_1_985' title='bbox 1682 3725 1748 3780; x_wconf 86' lang='lat' dir='ltr'>iacit</span> <span class='ocrx_word' id='word_1_986' title='bbox 1765 3743 1822 3782; x_wconf 89' lang='lat' dir='ltr'>eam</span> <span class='ocrx_word' id='word_1_987' title='bbox 1839 3729 1909 3782; x_wconf 89' lang='lat' dir='ltr'>acci-</span> 
     </span>
     <span class='ocr_line' id='line_1_128' title="bbox 1109 3793 1908 3862; baseline 0.001 -14"><span class='ocrx_word' id='word_1_988' title='bbox 1109 3799 1122 3848; x_wconf 81' lang='lat'>5</span> <span class='ocrx_word' id='word_1_989' title='bbox 1158 3793 1263 3862; x_wconf 89' lang='lat' dir='ltr'>pientis.</span> <span class='ocrx_word' id='word_1_990' title='bbox 1294 3793 1431 3848; x_wconf 85' lang='lat' dir='ltr'>interdurn</span> <span class='ocrx_word' id='word_1_991' title='bbox 1448 3793 1528 3848; x_wconf 90' lang='lat' dir='ltr'>ctiam</span> <span class='ocrx_word' id='word_1_992' title='bbox 1545 3793 1601 3848; x_wconf 90' lang='lat' dir='ltr'>sine</span> <span class='ocrx_word' id='word_1_993' title='bbox 1618 3793 1758 3848; x_wconf 90' lang='lat' dir='ltr'>traditione</span> <span class='ocrx_word' id='word_1_994' title='bbox 1775 3793 1846 3848; x_wconf 89' lang='lat' dir='ltr'>nuda</span> <span class='ocrx_word' id='word_1_995' title='bbox 1864 3811 1908 3848; x_wconf 79' lang='lat' dir='ltr'>vo·</span> 
     </span>
     <span class='ocr_line' id='line_1_129' title="bbox 1108 3859 1910 3928; baseline 0 -12"><span class='ocrx_word' id='word_1_996' title='bbox 1108 3863 1197 3916; x_wconf 86' lang='lat' dir='ltr'>luntas</span> <span class='ocrx_word' id='word_1_997' title='bbox 1215 3861 1314 3916; x_wconf 88' lang='lat' dir='ltr'>domini</span> <span class='ocrx_word' id='word_1_998' title='bbox 1331 3859 1431 3916; x_wconf 86' lang='lat' dir='ltr'>sufficit</span> <span class='ocrx_word' id='word_1_999' title='bbox 1454 3861 1488 3916; x_wconf 87' lang='lat' dir='ltr'>ad</span> <span class='ocrx_word' id='word_1_1000' title='bbox 1511 3877 1566 3916; x_wconf 92' lang='lat' dir='ltr'>rem</span> <span class='ocrx_word' id='word_1_1001' title='bbox 1583 3861 1806 3928; x_wconf 87' lang='lat' dir='ltr'>transferendam,</span> <span class='ocrx_word' id='word_1_1002' title='bbox 1829 3863 1910 3916; x_wconf 89' lang='lat' dir='ltr'>veluti</span> 
     </span>
     <span class='ocr_line' id='line_1_130' title="bbox 1109 3929 1909 4000; baseline 0 -16"><span class='ocrx_word' id='word_1_1003' title='bbox 1109 3931 1131 3984; x_wconf 91' lang='lat' dir='ltr'>si</span> <span class='ocrx_word' id='word_1_1004' title='bbox 1154 3945 1222 3994; x_wconf 88' lang='lat' dir='ltr'>rem,</span> <span class='ocrx_word' id='word_1_1005' title='bbox 1247 3945 1326 3996; x_wconf 87' lang='lat' dir='ltr'>qnam</span> <span class='ocrx_word' id='word_1_1006' title='bbox 1349 3929 1513 3982; x_wconf 89' lang='lat' dir='ltr'>commodavi</span> <span class='ocrx_word' id='word_1_1007' title='bbox 1535 3935 1582 3982; x_wconf 88' lang='lat' dir='ltr'>aut</span> <span class='ocrx_word' id='word_1_1008' title='bbox 1602 3931 1687 3982; x_wconf 81' lang='lat' dir='ltr'>locavi</span> <span class='ocrx_word' id='word_1_1009' title='bbox 1708 3931 1758 3986; x_wconf 90' lang='lat' dir='ltr'>tibi</span> <span class='ocrx_word' id='word_1_1010' title='bbox 1774 3937 1821 3984; x_wconf 90' lang='lat' dir='ltr'>aut</span> <span class='ocrx_word' id='word_1_1011' title='bbox 1838 3931 1909 4000; x_wconf 89' lang='lat' dir='ltr'>apud</span> 
     </span>
     <span class='ocr_line' id='line_1_131' title="bbox 1108 3997 1909 4066; baseline 0.002 -18"><span class='ocrx_word' id='word_1_1012' title='bbox 1108 4003 1134 4050; x_wconf 90' lang='lat' dir='ltr'>te</span> <span class='ocrx_word' id='word_1_1013' title='bbox 1151 3997 1275 4066; x_wconf 90' lang='lat' dir='ltr'>deposui,</span> <span class='ocrx_word' id='word_1_1014' title='bbox 1298 3997 1440 4050; x_wconf 84' lang='lat' dir='ltr'>vendidero</span> <span class='ocrx_word' id='word_1_1015' title='bbox 1458 3997 1521 4050; x_wconf 90' lang='lat' dir='ltr'>tibi:</span> <span class='ocrx_word' id='word_1_1016' title='bbox 1545 3997 1608 4050; x_wconf 90' lang='lat' dir='ltr'>licet</span> <span class='ocrx_word' id='word_1_1017' title='bbox 1630 3997 1700 4050; x_wconf 90' lang='lat' dir='ltr'>enim</span> <span class='ocrx_word' id='word_1_1018' title='bbox 1722 4013 1755 4052; x_wconf 83' lang='lat' dir='ltr'>ex</span> <span class='ocrx_word' id='word_1_1019' title='bbox 1778 4013 1809 4050; x_wconf 89' lang='lat' dir='ltr'>ea</span> <span class='ocrx_word' id='word_1_1020' title='bbox 1828 4015 1909 4052; x_wconf 87' lang='lat' dir='ltr'>causa</span> 
     </span>
     <span class='ocr_line' id='line_1_132' title="bbox 1107 4063 1910 4134; baseline 0 -16"><span class='ocrx_word' id='word_1_1021' title='bbox 1107 4065 1156 4120; x_wconf 89' lang='lat' dir='ltr'>tibi</span> <span class='ocrx_word' id='word_1_1022' title='bbox 1182 4079 1241 4118; x_wconf 91' lang='lat' dir='ltr'>eam</span> <span class='ocrx_word' id='word_1_1023' title='bbox 1263 4081 1317 4118; x_wconf 90' lang='lat' dir='ltr'>non</span> <span class='ocrx_word' id='word_1_1024' title='bbox 1344 4063 1509 4128; x_wconf 87' lang='lat' dir='ltr'>tradiderim,</span> <span class='ocrx_word' id='word_1_1025' title='bbox 1539 4079 1570 4118; x_wconf 90' lang='lat' dir='ltr'>eo</span> <span class='ocrx_word' id='word_1_1026' title='bbox 1597 4069 1699 4130; x_wconf 90' lang='lat' dir='ltr'>tamen,</span> <span class='ocrx_word' id='word_1_1027' title='bbox 1728 4065 1800 4134; x_wconf 88' lang='lat' dir='ltr'>quod</span> <span class='ocrx_word' id='word_1_1028' title='bbox 1821 4069 1910 4134; x_wconf 89' lang='lat' dir='ltr'>patior</span> 
     </span>
     <span class='ocr_line' id='line_1_133' title="bbox 1109 4131 1907 4202; baseline 0 -16"><span class='ocrx_word' id='word_1_1029' title='bbox 1109 4147 1167 4186; x_wconf 87' lang='lat' dir='ltr'>eam</span> <span class='ocrx_word' id='word_1_1030' title='bbox 1184 4147 1218 4186; x_wconf 86' lang='lat' dir='ltr'>ex</span> <span class='ocrx_word' id='word_1_1031' title='bbox 1235 4147 1318 4186; x_wconf 88' lang='lat' dir='ltr'>causa</span> <span class='ocrx_word' id='word_1_1032' title='bbox 1336 4133 1475 4202; x_wconf 90' lang='lat' dir='ltr'>emptionis</span> <span class='ocrx_word' id='word_1_1033' title='bbox 1493 4131 1566 4202; x_wconf 88' lang='lat' dir='ltr'>apud</span> <span class='ocrx_word' id='word_1_1034' title='bbox 1581 4137 1608 4186; x_wconf 87' lang='lat' dir='ltr'>te</span> <span class='ocrx_word' id='word_1_1035' title='bbox 1626 4149 1698 4198; x_wconf 88' lang='lat' dir='ltr'>esse,</span> <span class='ocrx_word' id='word_1_1036' title='bbox 1720 4141 1793 4186; x_wconf 91' lang='lat' dir='ltr'>tuam</span> <span class='ocrx_word' id='word_1_1037' title='bbox 1811 4133 1907 4188; x_wconf 90' lang='lat' dir='ltr'>efficio.</span> 
     </span>
     <span class='ocr_line' id='line_1_134' title="bbox 1109 4201 1908 4270; baseline -0.003 -16"><span class='ocrx_word' id='word_1_1038' title='bbox 1109 4207 1123 4254; x_wconf 84' lang='lat'>6</span> <span class='ocrx_word' id='word_1_1039' title='bbox 1158 4201 1227 4254; x_wconf 81' lang='lat' dir='ltr'>item</span> <span class='ocrx_word' id='word_1_1040' title='bbox 1239 4201 1263 4256; x_wconf 89' lang='lat' dir='ltr'>si</span> <span class='ocrx_word' id='word_1_1041' title='bbox 1277 4201 1336 4270; x_wconf 89' lang='lat' dir='ltr'>quis</span> <span class='ocrx_word' id='word_1_1042' title='bbox 1349 4217 1449 4256; x_wconf 90' lang='lat' dir='ltr'>merces</span> <span class='ocrx_word' id='word_1_1043' title='bbox 1466 4201 1600 4254; x_wconf 86' lang='lat' dir='ltr'>inhorreo</span> <span class='ocrx_word' id='word_1_1044' title='bbox 1612 4201 1743 4270; x_wconf 88' lang='lat' dir='ltr'>repositas</span> <span class='ocrx_word' id='word_1_1045' title='bbox 1755 4201 1908 4264; x_wconf 87' lang='lat' dir='ltr'>vendiderit,</span> 
     </span>
     <span class='ocr_line' id='line_1_135' title="bbox 1108 4267 1908 4338; baseline 0 -16"><span class='ocrx_word' id='word_1_1046' title='bbox 1108 4267 1186 4322; x_wconf 89' lang='lat' dir='ltr'>simul</span> <span class='ocrx_word' id='word_1_1047' title='bbox 1209 4273 1288 4336; x_wconf 86' lang='lat' dir='ltr'>atque</span> <span class='ocrx_word' id='word_1_1048' title='bbox 1313 4269 1398 4324; x_wconf 89' lang='lat' dir='ltr'>claves</span> <span class='ocrx_word' id='word_1_1049' title='bbox 1415 4269 1503 4324; x_wconf 90' lang='lat' dir='ltr'>horrei</span> <span class='ocrx_word' id='word_1_1050' title='bbox 1520 4267 1657 4324; x_wconf 89' lang='lat' dir='ltr'>tradiderit</span> <span class='ocrx_word' id='word_1_1051' title='bbox 1673 4269 1797 4338; x_wconf 87' lang='lat' dir='ltr'>emptori,</span> <span class='ocrx_word' id='word_1_1052' title='bbox 1821 4275 1908 4322; x_wconf 83' lang='lat' dir='ltr'>trans-</span> 
     </span>
     <span class='ocr_line' id='line_1_136' title="bbox 1109 4335 1907 4408; baseline -0.003 -18"><span class='ocrx_word' id='word_1_1053' title='bbox 1109 4341 1122 4390; x_wconf 81' lang='lat' dir='ltr'>t</span> <span class='ocrx_word' id='word_1_1054' title='bbox 1157 4335 1212 4390; x_wconf 82' lang='lat' dir='ltr'>fert</span> <span class='ocrx_word' id='word_1_1055' title='bbox 1239 4337 1427 4408; x_wconf 87' lang='lat' dir='ltr'>proprietatem</span> <span class='ocrx_word' id='word_1_1056' title='bbox 1457 4337 1582 4390; x_wconf 87' lang='lat' dir='ltr'>mercium</span> <span class='ocrx_word' id='word_1_1057' title='bbox 1604 4337 1639 4390; x_wconf 91' lang='lat' dir='ltr'>ad</span> <span class='ocrx_word' id='word_1_1058' title='bbox 1663 4343 1813 4406; x_wconf 89' lang='lat' dir='ltr'>emptorem.</span> <span class='ocrx_word' id='word_1_1059' title='bbox 1848 4335 1907 4388; x_wconf 93' lang='lat' dir='ltr'>Hoc</span> 
     </span>
     <span class='ocr_line' id='line_1_137' title="bbox 1108 4405 1908 4474; baseline -0.004 -16"><span class='ocrx_word' id='word_1_1060' title='bbox 1108 4405 1222 4472; x_wconf 86' lang='lat' dir='ltr'>amplius</span> <span class='ocrx_word' id='word_1_1061' title='bbox 1238 4405 1371 4458; x_wconf 91' lang='lat' dir='ltr'>interdum</span> <span class='ocrx_word' id='word_1_1062' title='bbox 1388 4411 1416 4458; x_wconf 90' lang='lat' dir='ltr'>et</span> <span class='ocrx_word' id='word_1_1063' title='bbox 1431 4405 1460 4456; x_wconf 93' lang='lat' dir='ltr'>in</span> <span class='ocrx_word' id='word_1_1064' title='bbox 1476 4405 1602 4458; x_wconf 89' lang='lat' dir='ltr'>incertam</span> <span class='ocrx_word' id='word_1_1065' title='bbox 1619 4421 1760 4474; x_wconf 89' lang='lat' dir='ltr'>personam</span> <span class='ocrx_word' id='word_1_1066' title='bbox 1778 4405 1908 4458; x_wconf 88' lang='lat' dir='ltr'>collocata</span> 
     </span>
     <span class='ocr_line' id='line_1_138' title="bbox 1108 4471 1907 4542; baseline -0.005 -16"><span class='ocrx_word' id='word_1_1067' title='bbox 1108 4473 1229 4526; x_wconf 88' lang='lat' dir='ltr'>voluntas</span> <span class='ocrx_word' id='word_1_1068' title='bbox 1253 4471 1353 4526; x_wconf 90' lang='lat' dir='ltr'>domini</span> <span class='ocrx_word' id='word_1_1069' title='bbox 1370 4471 1496 4526; x_wconf 86' lang='lat' dir='ltr'>transfert</span> <span class='ocrx_word' id='word_1_1070' title='bbox 1518 4473 1556 4528; x_wconf 88' lang='lat' dir='ltr'>rei</span> <span class='ocrx_word' id='word_1_1071' title='bbox 1573 4475 1774 4542; x_wconf 84' lang='lat' dir='ltr'>proprietatem:</span> <span class='ocrx_word' id='word_1_1072' title='bbox 1799 4477 1828 4522; x_wconf 92' lang='lat' dir='ltr'>ut</span> <span class='ocrx_word' id='word_1_1073' title='bbox 1844 4485 1907 4524; x_wconf 89' lang='lat' dir='ltr'>ecce</span> 
     </span>
     <span class='ocr_line' id='line_1_139' title="bbox 1108 4537 1907 4612; baseline -0.005 -18"><span class='ocrx_word' id='word_1_1074' title='bbox 1108 4543 1153 4608; x_wconf 87' lang='lat' dir='ltr'>qui</span> <span class='ocrx_word' id='word_1_1075' title='bbox 1174 4537 1284 4594; x_wconf 86' lang='lat' dir='ltr'>missilia</span> <span class='ocrx_word' id='word_1_1076' title='bbox 1304 4541 1389 4594; x_wconf 69' lang='lat' dir='ltr'>metat</span> <span class='ocrx_word' id='word_1_1077' title='bbox 1410 4541 1439 4594; x_wconf 90' lang='lat' dir='ltr'>in</span> <span class='ocrx_word' id='word_1_1078' title='bbox 1460 4541 1566 4608; x_wconf 85' lang='lat' dir='ltr'>vulgus,</span> <span class='ocrx_word' id='word_1_1079' title='bbox 1588 4543 1691 4612; x_wconf 86' lang='lat' dir='ltr'>ignorat</span> <span class='ocrx_word' id='word_1_1080' title='bbox 1712 4539 1819 4600; x_wconf 73' lang='lat' dir='ltr'>cnim12,</span> <span class='ocrx_word' id='word_1_1081' title='bbox 1844 4537 1907 4606; x_wconf 87' lang='lat' dir='ltr'>quid</span> 
     </span>
     <span class='ocr_line' id='line_1_140' title="bbox 1107 4605 1907 4686; baseline -0.003 -24"><span class='ocrx_word' id='word_1_1082' title='bbox 1107 4623 1198 4662; x_wconf 88' lang='lat' dir='ltr'>eorum</span> <span class='ocrx_word' id='word_1_1083' title='bbox 1221 4607 1332 4686; x_wconf 83' lang='lat' dir='ltr'>quisque</span> <span class='ocrx_word' id='word_1_1084' title='bbox 1354 4613 1512 4678; x_wconf 84' lang='lat' dir='ltr'>excepturus</span> <span class='ocrx_word' id='word_1_1085' title='bbox 1534 4609 1581 4674; x_wconf 89' lang='lat' dir='ltr'>sit,</span> <span class='ocrx_word' id='word_1_1086' title='bbox 1605 4617 1632 4666; x_wconf 91' lang='lat' dir='ltr'>et</span> <span class='ocrx_word' id='word_1_1087' title='bbox 1654 4615 1742 4662; x_wconf 87' lang='lat' dir='ltr'>tamen</span> <span class='ocrx_word' id='word_1_1088' title='bbox 1766 4605 1827 4672; x_wconf 85' lang='lat' dir='ltr'>qnia</span> <span class='ocrx_word' id='word_1_1089' title='bbox 1849 4607 1907 4660; x_wconf 86' lang='lat' dir='ltr'>vult</span> 
     </span>
     <span class='ocr_line' id='line_1_141' title="bbox 1108 4673 1906 4798; baseline -0.003 -68"><span class='ocrx_word' id='word_1_1090' title='bbox 1108 4675 1179 4744; x_wconf 85' lang='lat' dir='ltr'>quod</span> <span class='ocrx_word' id='word_1_1091' title='bbox 1195 4693 1305 4798; x_wconf 43' lang='lat' dir='ltr'>qmsfpue</span> <span class='ocrx_word' id='word_1_1092' title='bbox 1324 4675 1457 4744; x_wconf 88' lang='lat' dir='ltr'>exceperit</span> <span class='ocrx_word' id='word_1_1093' title='bbox 1472 4679 1530 4732; x_wconf 88' lang='lat' dir='ltr'>eius</span> <span class='ocrx_word' id='word_1_1094' title='bbox 1547 4693 1617 4744; x_wconf 90' lang='lat' dir='ltr'>esse,</span> <span class='ocrx_word' id='word_1_1095' title='bbox 1641 4675 1729 4732; x_wconf 89' lang='lat' dir='ltr'>statim</span> <span class='ocrx_word' id='word_1_1096' title='bbox 1747 4689 1806 4726; x_wconf 87' lang='lat' dir='ltr'>eum</span> <span class='ocrx_word' id='word_1_1097' title='bbox 1824 4673 1906 4728; x_wconf 90' lang='lat' dir='ltr'>domi·</span> 
     </span>
     <span class='ocr_line' id='line_1_142' title="bbox 1108 4743 1907 4810; baseline 0 -12"><span class='ocrx_word' id='word_1_1098' title='bbox 1108 4747 1122 4798; x_wconf 88' lang='lat'>8</span> <span class='ocrx_word' id='word_1_1099' title='bbox 1157 4759 1221 4798; x_wconf 89' lang='lat' dir='ltr'>num</span> <span class='ocrx_word' id='word_1_1100' title='bbox 1238 4743 1356 4798; x_wconf 81' lang='lat' dir='ltr'>eficit²³.</span> <span class='ocrx_word' id='word_1_1101' title='bbox 1384 4745 1446 4798; x_wconf 85' lang='lat' dir='ltr'>Aba</span> <span class='ocrx_word' id='word_1_1102' title='bbox 1462 4761 1544 4802; x_wconf 90' lang='lat' dir='ltr'>causa</span> <span class='ocrx_word' id='word_1_1103' title='bbox 1561 4751 1600 4800; x_wconf 89' lang='lat' dir='ltr'>est</span> <span class='ocrx_word' id='word_1_1104' title='bbox 1618 4759 1707 4798; x_wconf 88' lang='lat' dir='ltr'>earum</span> <span class='ocrx_word' id='word_1_1105' title='bbox 1725 4757 1821 4806; x_wconf 88' lang='lat' dir='ltr'>rerum,</span> <span class='ocrx_word' id='word_1_1106' title='bbox 1840 4759 1907 4810; x_wconf 90' lang='lat' dir='ltr'>quae</span> 
     </span>
     <span class='ocr_line' id='line_1_143' title="bbox 1106 4809 1905 4894; baseline 0 -28"><span class='ocrx_word' id='word_1_1107' title='bbox 1106 4811 1309 4894; x_wconf 87' lang='lat' dir='ltr'>intempestate</span> <span class='ocrx_word' id='word_1_1108' title='bbox 1327 4813 1406 4868; x_wconf 89' lang='lat' dir='ltr'>maris</span> <span class='ocrx_word' id='word_1_1109' title='bbox 1423 4813 1550 4870; x_wconf 83' lang='lat' dir='ltr'>levandae</span> <span class='ocrx_word' id='word_1_1110' title='bbox 1572 4813 1645 4866; x_wconf 89' lang='lat' dir='ltr'>navis</span> <span class='ocrx_word' id='word_1_1111' title='bbox 1663 4825 1744 4864; x_wconf 89' lang='lat' dir='ltr'>causa</span> <span class='ocrx_word' id='word_1_1112' title='bbox 1761 4809 1905 4866; x_wconf 87' lang='lat' dir='ltr'>eiciuntur:</span> 
     </span>
     <span class='ocr_line' id='line_1_144' title="bbox 1106 4879 1905 4952; baseline 0.003 -18"><span class='ocrx_word' id='word_1_1113' title='bbox 1106 4881 1158 4936; x_wconf 90' lang='lat' dir='ltr'>hae</span> <span class='ocrx_word' id='word_1_1114' title='bbox 1175 4895 1246 4934; x_wconf 92' lang='lat' dir='ltr'>emm</span> <span class='ocrx_word' id='word_1_1115' title='bbox 1264 4882 1429 4937; x_wconf 87' lang='lat' dir='ltr'>dominorum</span> <span class='ocrx_word' id='word_1_1116' title='bbox 1446 4885 1607 4952; x_wconf 86' lang='lat' dir='ltr'>permanent,</span> <span class='ocrx_word' id='word_1_1117' title='bbox 1625 4879 1758 4948; x_wconf 90' lang='lat' dir='ltr'>quianon</span> <span class='ocrx_word' id='word_1_1118' title='bbox 1775 4895 1805 4934; x_wconf 89' lang='lat' dir='ltr'>eo</span> <span class='ocrx_word' id='word_1_1119' title='bbox 1819 4881 1905 4936; x_wconf 90' lang='lat' dir='ltr'>animo</span> 
     </span>
     <span class='ocr_line' id='line_1_145' title="bbox 1106 4945 1905 5030; baseline 0.001 -28"><span class='ocrx_word' id='word_1_1120' title='bbox 1106 4949 1251 5016; x_wconf 87' lang='lat' dir='ltr'>eiciuntur,</span> <span class='ocrx_word' id='word_1_1121' title='bbox 1276 4951 1347 5030; x_wconf 77' lang='lat' dir='ltr'>quod</span> <span class='ocrx_word' id='word_1_1122' title='bbox 1364 4951 1422 5020; x_wconf 83' lang='lat' dir='ltr'>quis</span> <span class='ocrx_word' id='word_1_1123' title='bbox 1441 4965 1490 5006; x_wconf 61' lang='lat' dir='ltr'>‘eas</span> <span class='ocrx_word' id='word_1_1124' title='bbox 1511 4949 1608 5002; x_wconf 89' lang='lat' dir='ltr'>habere</span> <span class='ocrx_word' id='word_1_1125' title='bbox 1625 4963 1678 5000; x_wconf 90' lang='lat' dir='ltr'>non</span> <span class='ocrx_word' id='word_1_1126' title='bbox 1695 4945 1764 5012; x_wconf 90' lang='lat' dir='ltr'>vult,</span> <span class='ocrx_word' id='word_1_1127' title='bbox 1788 4949 1835 5002; x_wconf 89' lang='lat' dir='ltr'>sed</span> <span class='ocrx_word' id='word_1_1128' title='bbox 1854 4967 1905 5018; x_wconf 90' lang='lat' dir='ltr'>quo</span> 
     </span>
     <span class='ocr_line' id='line_1_146' title="bbox 1107 5015 1906 5086; baseline -0.003 -14"><span class='ocrx_word' id='word_1_1129' title='bbox 1107 5017 1188 5086; x_wconf 86' lang='lat' dir='ltr'>magis</span> <span class='ocrx_word' id='word_1_1130' title='bbox 1203 5033 1263 5072; x_wconf 90' lang='lat' dir='ltr'>curn</span> <span class='ocrx_word' id='word_1_1131' title='bbox 1277 5035 1338 5086; x_wconf 81' lang='lat' dir='ltr'>ipsa</span> <span class='ocrx_word' id='word_1_1132' title='bbox 1351 5035 1417 5072; x_wconf 90' lang='lat' dir='ltr'>nave</span> <span class='ocrx_word' id='word_1_1133' title='bbox 1450 5017 1576 5074; x_wconf 90' lang='lat' dir='ltr'>ericulum</span> <span class='ocrx_word' id='word_1_1134' title='bbox 1589 5015 1668 5068; x_wconf 87' lang='lat' dir='ltr'>maris</span> <span class='ocrx_word' id='word_1_1135' title='bbox 1679 5017 1699 5048; x_wconf 72' lang='lat'>¹⁴</span> <span class='ocrx_word' id='word_1_1136' title='bbox 1714 5015 1827 5086; x_wconf 88' lang='lat' dir='ltr'>effugiat.</span> <span class='ocrx_word' id='word_1_1137' title='bbox 1853 5033 1906 5086; x_wconf 85' lang='lat' dir='ltr'>qua</span> 
     </span>
     <span class='ocr_line' id='line_1_147' title="bbox 1107 5035 1906 5164; baseline 0 -26"><span class='ocrx_word' id='word_1_1138' title='bbox 1107 5085 1139 5140; x_wconf 88' lang='lat' dir='ltr'>de</span> <span class='ocrx_word' id='word_1_1139' title='bbox 1157 5101 1239 5140; x_wconf 89' lang='lat' dir='ltr'>causa</span> <span class='ocrx_word' id='word_1_1140' title='bbox 1256 5087 1280 5140; x_wconf 86' lang='lat' dir='ltr'>si</span> <span class='ocrx_word' id='word_1_1141' title='bbox 1297 5087 1353 5156; x_wconf 88' lang='lat' dir='ltr'>quis</span> <span class='ocrx_word' id='word_1_1142' title='bbox 1372 5035 1557 5164; x_wconf 64' lang='lat' dir='ltr'>recinemus</span> <span class='ocrx_word' id='word_1_1143' title='bbox 1568 5083 1698 5162; x_wconf 29' lang='lat' dir='ltr'>‘expulsas</span> <span class='ocrx_word' id='word_1_1144' title='bbox 1714 5085 1755 5138; x_wconf 89' lang='grc' dir='ltr'><strong>νε]</strong></span> <span class='ocrx_word' id='word_1_1145' title='bbox 1778 5085 1857 5140; x_wconf 89' lang='lat' dir='ltr'>etiam</span> <span class='ocrx_word' id='word_1_1146' title='bbox 1878 5085 1906 5138; x_wconf 90' lang='lat' dir='ltr'>in</span> 
     </span>
     <span class='ocr_line' id='line_1_148' title="bbox 1105 5149 1905 5220; baseline 0 -14"><span class='ocrx_word' id='word_1_1147' title='bbox 1105 5151 1163 5220; x_wconf 89' lang='lat' dir='ltr'>ipso</span> <span class='ocrx_word' id='word_1_1148' title='bbox 1181 5155 1249 5208; x_wconf 88' lang='lat' dir='ltr'>mari</span> <span class='ocrx_word' id='word_1_1149' title='bbox 1265 5161 1377 5208; x_wconf 88' lang='lat' dir='ltr'>nanetus</span> <span class='ocrx_word' id='word_1_1150' title='bbox 1394 5149 1515 5206; x_wconf 82' lang='lat' dir='ltr'>lucrandi</span> <span class='ocrx_word' id='word_1_1151' title='bbox 1532 5167 1618 5204; x_wconf 90' lang='lat' dir='ltr'>ammo</span> <span class='ocrx_word' id='word_1_1152' title='bbox 1637 5153 1786 5218; x_wconf 88' lang='lat' dir='ltr'>abstulerit,</span> <span class='ocrx_word' id='word_1_1153' title='bbox 1805 5155 1905 5206; x_wconf 83' lang='lat' dir='ltr'>furtum</span> 
     </span>
     <span class='ocr_line' id='line_1_149' title="bbox 1106 5221 1254 5276; baseline 0.007 -2"><span class='ocrx_word' id='word_1_1154' title='bbox 1106 5221 1254 5276; x_wconf 88' lang='lat' dir='ltr'>committit.</span> 
     </span>
    </p>

    <p class='ocr_par' dir='ltr' id='par_1_8' title="bbox 1142 5285 1906 5360">
     <span class='ocr_line' id='line_1_150' title="bbox 1142 5285 1906 5360; baseline -0.001 -16"><span class='ocrx_word' id='word_1_1155' title='bbox 1142 5287 1180 5348; x_wconf 89' lang='lat'>10</span> <span class='ocrx_word' id='word_1_1156' title='bbox 1205 5289 1286 5344; x_wconf 74' lang='lat' dir='ltr'>Itan</span> <span class='ocrx_word' id='word_1_1157' title='bbox 1311 5289 1378 5342; x_wconf 80' lang='lat' dir='ltr'>libro</span> <span class='ocrx_word' id='word_1_1158' title='bbox 1406 5285 1551 5338; x_wconf 60' lang='lat' dir='ltr'>seruator</span> <span class='ocrx_word' id='word_1_1159' title='bbox 1574 5287 1765 5344; x_wconf 79' lang='lat' dir='ltr'>institutionum</span> <span class='ocrx_word' id='word_1_1160' title='bbox 1805 5289 1906 5360; x_wconf 87' lang='lat' dir='ltr'>Adqui-</span> 
     </span>
    </p>
   </div>
   <div class='ocr_carea' id='block_1_7' title="bbox 1106 5455 1906 5784">
    <p class='ocr_par' dir='ltr' id='par_1_9' title="bbox 1106 5455 1906 5784">
     <span class='ocr_line' id='line_1_151' title="bbox 1107 5455 1906 5524; baseline -0.003 -14"><span class='ocrx_word' id='word_1_1161' title='bbox 1107 5459 1191 5510; x_wconf 77' lang='lat' dir='ltr'>asum</span> <span class='ocrx_word' id='word_1_1162' title='bbox 1205 5473 1262 5510; x_wconf 90' lang='lat' dir='ltr'>eum</span> <span class='ocrx_word' id='word_1_1163' title='bbox 1277 5457 1404 5512; x_wconf 83' lang='lat' dir='ltr'>dommum</span> <span class='ocrx_word' id='word_1_1164' title='bbox 1415 5455 1492 5506; x_wconf 84' lang='lat' dir='ltr'>effici:</span> <span class='ocrx_word' id='word_1_1165' title='bbox 1510 5473 1555 5524; x_wconf 91' lang='lat' dir='ltr'>pro</span> <span class='ocrx_word' id='word_1_1166' title='bbox 1570 5459 1686 5512; x_wconf 89' lang='lat' dir='ltr'>derelicto</span> <span class='ocrx_word' id='word_1_1167' title='bbox 1700 5467 1782 5512; x_wconf 87' lang='lat' dir='ltr'>autern</span> <span class='ocrx_word' id='word_1_1168' title='bbox 1793 5461 1906 5524; x_wconf 80' lang='lat' dir='ltr'>habetur,</span> 
     </span>
     <span class='ocr_line' id='line_1_152' title="bbox 1108 5525 1905 5592; baseline 0.001 -16"><span class='ocrx_word' id='word_1_1169' title='bbox 1108 5527 1174 5590; x_wconf 89' lang='lat' dir='ltr'>qnod</span> <span class='ocrx_word' id='word_1_1170' title='bbox 1192 5525 1306 5576; x_wconf 87' lang='lat' dir='ltr'>dominns</span> <span class='ocrx_word' id='word_1_1171' title='bbox 1323 5539 1351 5574; x_wconf 91' lang='lat' dir='ltr'>ea</span> <span class='ocrx_word' id='word_1_1172' title='bbox 1367 5529 1449 5576; x_wconf 81' lang='lat' dir='ltr'>mente</span> <span class='ocrx_word' id='word_1_1173' title='bbox 1466 5527 1595 5592; x_wconf 83' lang='lat' dir='ltr'>abiecerit,</span> <span class='ocrx_word' id='word_1_1174' title='bbox 1616 5533 1645 5578; x_wconf 89' lang='lat' dir='ltr'>nt</span> <span class='ocrx_word' id='word_1_1175' title='bbox 1661 5529 1688 5578; x_wconf 88' lang='lat' dir='ltr'>id</span> <span class='ocrx_word' id='word_1_1176' title='bbox 1705 5547 1787 5580; x_wconf 85' lang='lat' dir='ltr'>rerum</span> <span class='ocrx_word' id='word_1_1177' title='bbox 1805 5545 1905 5578; x_wconf 87' lang='lat' dir='ltr'>suarum</span> 
     </span>
     <span class='ocr_line' id='line_1_153' title="bbox 1108 5591 1904 5656; baseline 0 -12"><span class='ocrx_word' id='word_1_1178' title='bbox 1108 5609 1158 5644; x_wconf 86' lang='lat' dir='ltr'>esse</span> <span class='ocrx_word' id='word_1_1179' title='bbox 1172 5591 1257 5652; x_wconf 88' lang='lat' dir='ltr'>nollet,</span> <span class='ocrx_word' id='word_1_1180' title='bbox 1272 5591 1377 5656; x_wconf 87' lang='lat' dir='ltr'>ideoque</span> <span class='ocrx_word' id='word_1_1181' title='bbox 1390 5593 1473 5644; x_wconf 84' lang='lat' dir='ltr'>statim</span> <span class='ocrx_word' id='word_1_1182' title='bbox 1487 5595 1600 5646; x_wconf 87' lang='lat' dir='ltr'>dominus</span> <span class='ocrx_word' id='word_1_1183' title='bbox 1615 5613 1664 5646; x_wconf 85' lang='lat' dir='ltr'>esse</span> <span class='ocrx_word' id='word_1_1184' title='bbox 1679 5599 1771 5646; x_wconf 88' lang='lat' dir='ltr'>desinit</span> <span class='ocrx_word' id='word_1_1185' title='bbox 1784 5599 1827 5648; x_wconf 82' lang='lat' dir='ltr'>ius.</span> <span class='ocrx_word' id='word_1_1186' title='bbox 1844 5597 1904 5646; x_wconf 77' lang='lat' dir='ltr'>lust.</span> 
     </span>
     <span class='ocr_line' id='line_1_154' title="bbox 1108 5659 1904 5784; baseline 0.003 -76"><span class='ocrx_word' id='word_1_1187' title='bbox 1108 5665 1162 5784; x_wconf 61' lang='grc' dir='ltr'>(1εέ</span> <span class='ocrx_word' id='word_1_1188' title='bbox 1168 5659 1243 5708; x_wconf 87' lang='lat' dir='ltr'>maris</span> <span class='ocrx_word' id='word_1_1189' title='bbox 1251 5659 1320 5722; x_wconf 83' lang='lat' dir='ltr'>last,</span> <span class='ocrx_word' id='word_1_1190' title='bbox 1330 5659 1401 5710; x_wconf 85' lang='lat' dir='ltr'>navis</span> <span class='ocrx_word' id='word_1_1191' title='bbox 1409 5661 1434 5710; x_wconf 84' lang='lat' dir='ltr'><em>F</em></span> <span class='ocrx_word' id='word_1_1192' title='bbox 1497 5667 1542 5728; x_wconf 74' lang='lat'><strong>(15)</strong></span> <span class='ocrx_word' id='word_1_1193' title='bbox 1562 5671 1573 5726; x_wconf 70' lang='lat' dir='ltr'>p</span> <span class='ocrx_word' id='word_1_1194' title='bbox 1585 5675 1680 5724; x_wconf 59' lang='lat' dir='ltr'>semem</span> <span class='ocrx_word' id='word_1_1195' title='bbox 1698 5665 1831 5732; x_wconf 71' lang='lat' dir='ltr'>eflecti,</span> <span class='ocrx_word' id='word_1_1196' title='bbox 1844 5675 1904 5728; x_wconf 85' lang='lat' dir='ltr'>spr.</span> 
     </span>
     <span class='ocr_line' id='line_1_155' title="bbox 1106 5737 1186 5776; baseline 0 0"><span class='ocrx_word' id='word_1_1197' title='bbox 1106 5751 1140 5762; x_wconf 78' lang='lat'>¹-</span> <span class='ocrx_word' id='word_1_1198' title='bbox 1173 5737 1186 5776; x_wconf 79' lang='lat'><em>4</em></span> 
     </span>
    </p>
   </div>
   <div class='ocr_carea' id='block_1_8' title="bbox 0 0 2188 6258">
    <p class='ocr_par' dir='ltr' id='par_1_10' title="bbox 0 0 2188 6258">
     <span class='ocr_line' id='line_1_156' title="bbox 0 0 2188 6258; baseline 0 0"><span class='ocrx_word' id='word_1_1199' title='bbox 0 0 2188 6258; x_wconf 95' lang='lat' dir='ltr'> </span> 
     </span>
    </p>
   </div>
  </div>
 </body>
</html>
