4366 6258
252 357 363 426 XXXI
1055 349 1122 424 432
1724 371 1769 418 uu
1791 367 1930 418 uecnrrs

286 541 505 604 3011lhllllbrc
524 541 973 622 fri-'qest'mqseplt‘mo-(lt'yeqlorum
999 543 1063 622 Qui·
1111 535 1287 616 ε’Θεττεβιτὲεῃ
1311 547 1482 616 Στρατονίκῃ
1509 545 1544 614 τῇ
1569 539 1716 626 γἐτττετίτττ
1739 559 1791 610 μου
1814 541 1930 616 θυγατρὶ

252 613 313 668 dam
328 613 533 664 intentamente
550 617 588 664 lla
605 609 726 680 Scripsit:
748 611 938 682 ‘reipublicae
955 609 1063 670 Grauis·
1112 607 1234 684 ‘galesun
1273 609 1412 680 Βούλομαι
1430 605 1514 678 αὐτὴν
1529 629 1586 682 παρ
1613 613 1707 676 ἑαυτῆς
1723 607 1816 676 λαβεῖν
1831 615 1931 676 χωρίον

253 685 390 736 ‘canorum
405 679 465 748 lego
482 679 511 730 in
528 679 640 734 tutelam
657 679 717 730 riae
733 677 906 744 reficiendae,
929 691 999 770 quae
1023 683 1065 732 est
1113 675 1218 742 Ῥάζαν
1235 679 1284 734 oia
1298 685 1358 734 rats
1375 679 1506 748 τεθήκατε
1523 673 1607 732 αὐτοῦ
1622 677 1729 734 πάσαις.
1764 671 1929 746 'Oudendorp

252 749 288 800 ‘in
312 745 419 800 colonia
441 763 533 802 eorum
556 745 693 814 usquead
711 745 782 800 viam
798 745 957 802 Aureliam:
998 763 1062 800 uae·
1113 741 1294 820 Ἕλεξάνὸρττ
1311 749 1353 814 τῷ
1370 743 1524 820 γλυκυτάτττ
1541 765 1594 814 μου
1610 745 1670 814 υἱῷ.
1700 739 1849 814 Έξεερττοτ
1863 745 1930 814 βεε-

251 813 333 868 situm
350 819 402 880 est,
425 829 462 868 an
484 813 537 868 hoc
554 815 669 882 legatum
685 813 782 868 velem.
817 813 951 870 Iuventius
992 813 1064 868 elsus
1113 811 1205 884 ‘lopun
1228 811 1312 868 αὐτὸν
1333 807 1398 886 παρ’
1422 817 1518 868 ἑαυτοῦ
1540 813 1634 882 λαβεῖν
1657 811 1800 886 olympum
1822 805 1929 886 ἆγωεό-

251 881 402 950 respcndit:
425 881 616 952 propemodum
639 879 746 948 quidem
768 881 917 952 inperfecta
939 885 980 934 est
996 883 1065 936 haec
1114 877 1230 954 ‘poponi
1252 881 1395 950 Κομιὰνηε
1418 881 1465 934 σὺν
1490 881 1531 938 ele
1553 887 1607 946 ττει
1631 881 1764 950 aestiuare
1790 875 1929 936 τάττετ’).

251 951 385 1018 scriptura
401 949 430 1002 in
446 948 558 1002 tutelam
569 947 713 1002 εεττείετ1
729 949 796 1016 viae,
815 949 879 1018 quio
896 963 999 1002 summe
1016 947 1063 1002 ad·
1117 965 1231 1020 quaero,
1255 965 1289 1006 au
1313 951 1464 1006 huiusmodi
1487 951 1621 1020 scriptura
1643 949 1774 1018 integrum
1794 949 1929 1018 praedium

251 1017 354 1084 scripta
375 1033 430 1070 non
454 1023 507 1072 est:
533 1021 622 1084 potest
644 1019 733 1072 tamen
755 1019 839 1072 videri
861 1021 939 1070 tanta
961 1033 1065 1072 summa
1116 1019 1225 1086 singulis
1244 1017 1335 1072 εετεετ
1354 1033 1412 1072 esse
1429 1019 1551 1072 videatur
1573 1033 1609 1072 an
1625 1033 1687 1072 vero
1705 1025 1810 1088 partem
1827 1017 1929 1072 heredi·

250 1087 348 1152 legata,
366 1089 467 1154 quanta
482 1085 507 1138 ei
520 1083 559 1138 rei
576 1081 726 1140 sufficeretr
745 1087 768 1140 si
785 1085 863 1138 modo
881 1099 936 1138 non
953 1089 1065 1154 apparet
1116 1087 1211 1140 taniam
1234 1087 1375 1142 dumtaxat
1399 1087 1550 1152 contirreet,
1574 1103 1635 1142 oum
1658 1087 1787 1140 inutiliter
1809 1101 1827 1140 a
1849 1093 1930 1140 semet

251 1153 332 1206 aliam
347 1153 432 1206 fuisse
449 1151 569 1206 defuncti
586 1153 750 1208 voluntatem
767 1159 816 1208 eut
834 1169 867 1206 ex
884 1153 1065 1222 magnitudine
1115 1155 1173 1222 ipso
1198 1171 1274 1224 quem
1293 1171 1328 1208 ue
1349 1171 1440 1208 eorum
1458 1171 1537 1224 quem
1553 1155 1673 1210 habebat
1688 1159 1793 1222 partem
1811 1155 1929 1222 accipere

253 1219 308 1276 eius
326 1221 456 1288 pecuniae
474 1225 522 1274 aut
539 1235 572 1274 ex
588 1221 773 1276 mediocritate
788 1219 966 1286 facultatium,
985 1235 1066 1288 quam
1115 1223 1208 1276 voluit.
1237 1171 1405 1276 Modestinus
1422 1223 1560 1292 respondit
1577 1237 1632 1276 non
1649 1223 1688 1296 sic
1705 1223 1929 1292 interpretandam

251 1289 375 1342 testatrix
390 1287 510 1356 reliquit:
529 1293 593 1342 tunc
608 1291 677 1344 enim
694 1291 784 1344 officio
797 1287 900 1354 iudicis,
919 1287 1066 1342 secundum
1117 1291 1276 1360 scripturam
1294 1289 1397 1358 deque
1415 1291 1565 1360 quaeritur,
1588 1297 1620 1344 ut
1640 1291 1874 1346 fideicommissum
1890 1291 1929 1342 in-

251 1355 462 1410 aestimationem
479 1357 633 1426 patrimonii
651 1363 677 1414 et
693 1357 787 1426 legati,
809 1357 944 1426 quantitas
962 1355 1066 1410 definiri
1117 1359 1182 1412 utile
1199 1357 1256 1414 fiat.
1290 1359 1355 1414 item
1373 1373 1487 1426 quaero,
1510 1359 1533 1412 si
1550 1359 1681 1426 integrum
1699 1359 1839 1426 praedium
1855 1359 1929 1412 relic-

251 1429 350 1494 potest.
1116 1431 1173 1480 tum
1198 1441 1257 1480 esse
1278 1425 1416 1492 videatur,
1445 1441 1480 1480 an
1508 1427 1623 1494 pretium
1649 1425 1780 1494 portionis
1805 1425 1882 1480 fratri
1907 1435 1931 1480 et

285 1487 323 1548 31
343 1489 534 1546 Moonsmnrs
554 1491 623 1550 libro
640 1495 735 1564 prime
760 1491 918 1560 repuleram
953 1491 982 1546 Si
1007 1491 1065 1560 τείε
1118 1495 1243 1548 coheredi
1260 1495 1417 1550 solvendum
1435 1495 1482 1558 sit,
1506 1499 1537 1546 ut
1559 1495 1612 1548 hoc
1628 1495 1703 1564 ipso.
1727 1493 1797 1562 quod
1815 1511 1832 1548 a
1850 1501 1930 1548 semet

252 1573 318 1630 quos
335 1577 390 1614 non
407 1561 505 1628 poterit
522 1561 708 1616 manumittere
725 1561 829 1628 legavit,
847 1565 879 1614 ut
896 1559 1065 1614 manumitte-
1117 1561 1175 1630 ipso
1194 1561 1317 1630 accipere
1334 1563 1479 1630 praecepit,
1496 1561 1582 1630 pretio
1597 1561 1673 1616 illato
1688 1561 1819 1630 integrum
1833 1563 1931 1618 habere

251 1633 352 1692 rentur,
369 1641 420 1682 nec
437 1627 553 1696 legatum
571 1645 621 1684 nee
638 1630 748 1684 libertas
766 1627 845 1680 valet.
1117 1645 1177 1684 eum
1199 1629 1320 1684 voluerit.
1361 1629 1426 1684 item
1449 1629 1587 1698 respoudit
1610 1631 1645 1684 ad
1669 1628 1828 1684 solutionem
1853 1631 1931 1698 pretii

286 1691 325 1752 32
343 1693 506 1752 insultare
524 1713 595 1752 uoco
612 1713 643 1752 re
663 1697 771 1750 uiarum
803 1693 906 1762 Omnia,
925 1711 994 1766 quae
1010 1699 1065 1750 tes·
1118 1701 1133 1750 2
1167 1695 1440 1752 fideicommissariam
1462 1699 1568 1752 minime
1592 1697 1812 1768 compellendum.
1846 1697 1931 1754 Lucia

253 1765 375 1818 lamentis
394 1765 450 1820 sine
467 1765 510 1822 dic
526 1765 567 1822 vel
586 1715 742 1822 couXcione
759 1763 957 1830 adscribuntur,
976 1779 1009 1818 ex
1024 1765 1067 1818 dic
1118 1763 1190 1820 Titia
1211 1765 1340 1820 intestata
1362 1765 1477 1820 moriens
1496 1781 1512 1818 a
1529 1765 1590 1822 liliis
1608 1767 1665 1822 suis
1681 1783 1730 1836 per
1746 1765 1929 1822 fideicommis-

254 1837 265 1888 1
303 1831 391 1888 aditae
407 1833 562 1890 hereditatis
581 1837 758 1904 praestentur.
784 1831 909 1888 Fundum
923 1839 986 1888 aute
1001 1849 1065 1888 eon·
1117 1849 1176 1888 sum
1193 1833 1280 1888 alieno
1298 1849 1374 1888 servo
1394 1833 1500 1888 domum
1518 1835 1638 1904 reliquit:
1664 1839 1726 1904 post
1749 1839 1861 1888 mortem
1883 1835 1930 1890 filii

251 1901 382 1956 dicionem
407 1902 557 1974 conpletum
574 1903 609 1956 ab
626 1899 724 1954 herede
741 1915 796 1954 non
813 1901 957 1968 traditum,
978 1901 1027 1956 sed
1049 1915 1067 1954 a
1118 1903 1174 1956 eius
1192 1901 1261 1954 idem
1279 1903 1326 1972 qui
1335 1903 1356 1934 1⁰
1379 1901 1489 1956 heredes
1513 1917 1573 1956 cum
1595 1903 1741 1956 diviserunt
1757 1903 1930 1958 hereditatem

251 1969 378 2038 legatario
397 1971 534 2026 detentum
551 1971 627 2024 heres
643 1969 778 2022 vindicare
794 1985 855 2024 cum
869 1969 1065 2038 fiuctibuspo-
1118 1969 1224 2034 matris,
1255 1969 1400 2024 diviserunt
1426 1969 1505 2024 etiam
1529 1969 1650 2034 domum,
1675 1969 1704 2024 in
1727 1985 1781 2040 qua
1805 1969 1929 2026 divisium

251 2041 266 2092 i
301 2039 371 2092 terit.
407 2039 474 2092 (lum
490 2041 529 2092 ita
545 2041 664 2108 legatur:
690 2037 805 2092 ‘illihoc
823 2039 936 2110 amplius
953 2037 1067 2092 fundum
1118 2039 1240 2092 dominus
1266 2037 1335 2092 servi
1360 2037 1597 2092 fideicommissarii
1626 2039 1703 2108 quasi
1727 2039 1804 2092 testis
1831 2037 1928 2092 adfuit:

251 2107 333 2162 ‘illum
359 2123 420 2162 cum
444 2107 567 2164 omnibus
590 2105 686 2170 rebus,
721 2121 790 2174 quae
805 2107 841 2160 in
865 2107 958 2162 eodem
983 2107 1065 2160 fundo
1118 2121 1232 2176 quaero,
1259 2121 1295 2158 an
1316 2105 1513 2160 fideicommissi
1535 2107 1748 2176 persecutionem
1772 2105 1929 2174 adquisitam

251 2179 265 2228 3
302 2177 407 2242 ‘erunt’,
428 2175 563 2244 mancipia
586 2189 693 2242 τεττετ
718 2175 897 2230 continentur.
939 2175 1005 2230 (lum
1028 2175 1068 2228 ita
1119 2173 1170 2230 sibi
1187 2189 1236 2244 per
1252 2189 1358 2230 serrum
1375 2189 1416 2238 ττ,
1434 2173 1506 2242 τετε
1522 2173 1643 2228 interfuit
1661 2173 1795 2238 divisioni,
1813 2173 1929 2230 amisisse

251 2243 367 2312 legatur:
386 2243 522 2312 ‘quidquid
538 2245 567 2296 in
583 2241 678 2296 horreo
697 2257 756 2296 meo
773 2243 830 2296 erit’
850 2251 877 2298 et
893 2245 915 2298 is
934 2245 978 2298 cui
994 2245 1066 2310 lega·
1118 2243 1248 2296 videatur.
1283 2241 1451 2296 Modestinus
1472 2243 1609 2308 respondit
1625 2241 1857 2296 fideicommissum
1873 2243 1929 2312 ipso

250 2317 307 2364 tum
320 2317 405 2368 estex
419 2311 499 2366 rebus
514 2327 569 2366 uon
586 2311 680 2380 legatis
698 2311 838 2378 ignorante
855 2313 906 2368 το2
923 2309 1067 2380 ampliandi
1117 2311 1175 2366 iure
1197 2309 1324 2366 amissum
1347 2327 1402 2366 non
1426 2325 1497 2376 esse,
1521 2309 1594 2380 τετε
1615 2327 1650 2364 ετ
1672 2309 1808 2380 repudiari
1828 2309 1929 2380 quidem

250 2379 330 2448 legati
353 2381 394 2434 sui
416 2379 501 2448 gratia
524 2379 552 2432 in
569 2377 694 2434 horreum
712 2379 845 2446 induerit,
886 2379 941 2434 uod
962 2381 1066 2434 illatum
1117 2383 1221 2450 potest:
1245 2377 1367 2434 seduco
1391 2395 1440 2450 per
1464 2377 1518 2434 doli
1542 2395 1606 2434 eree
1625 2379 1724 2434 tionem
1745 2383 1929 2444 summovetur,

251 2453 267 2500 4
302 2453 419 2502 estnon
441 2447 545 2500 videtur
569 2461 626 2500 esse
649 2447 773 2514 legatum.
809 2397 887 2516 Quod
905 2463 921 2502 a
938 2447 1065 2518 legatario
1117 2449 1169 2502 nisi
1181 2449 1314 2502 evidenter
1327 2447 1482 2528 apparuerit
1494 2395 1631 2502 omittendi
1641 2447 1839 2502 fideicommissi
1850 2461 1930 2502 cerua

250 2515 362 2638 petitum
380 2519 444 2578 erat,
463 2521 494 2566 ut
511 2513 556 2566 alii
569 2515 731 2578 restitueret,
749 2515 773 2568 si
786 2515 930 2584 legatarius
947 2515 1066 2580 decedet,
1118 2521 1133 2570 3
1168 2517 1221 2570 hoc
1239 2533 1299 2570 eum
1315 2515 1422 2582 fecrsse.
1458 2515 1541 2570 Gaius
1559 2515 1634 2570 Seius
1652 2533 1714 2570 oum
1731 2515 1839 2570 domum
1856 2529 1929 2570 suam

270 2599 327 2638 eres
351 2597 456 2650 quoque
481 2581 537 2636 eius
560 2581 588 2636 id
610 2581 682 2650 τετε
705 2581 822 2650 legatum
845 2585 904 2638 est³
929 2587 1067 2652 praestare
1117 2582 1229 2638 haberet
1252 2587 1278 2636 et
1300 2585 1328 2638 in
1351 2585 1486 2654 praetorio
1511 2585 1602 2638 uxoris
1626 2599 1692 2638 suae
1714 2581 1930 2650 transtulisset¹¹,

249 2657 265 2704 ε
302 2649 417 2704 debebit.
453 2647 561 2718 Species
584 2651 740 2704 nominatim
763 2651 867 2720 legatae
891 2653 914 2706 si
935 2667 988 2704 non
1004 2665 1066 2720 rep·
1118 2653 1307 2720 quasdamres
1327 2652 1359 2706 de
1378 2653 1455 2706 domo
1474 2653 1567 2706 suain
1586 2653 1930 2722 eodempraetoriotrans·

250 2719 389 2792 potiuntur
405 2733 455 2772 uec
473 2719 534 2774 dolo
551 2719 656 2774 heredis
674 2719 768 2774 deesse
784 2721 939 2788 probentur,
960 2719 1017 2788 peti
1034 2733 1067 2774 ex
1117 2721 1179 2774 tulit
1201 2719 1291 2788 ibique
1315 2725 1378 2788 post
1400 2719 1530 2774 τεεεττε12
1553 2719 1608 2776 dies
1627 2719 1757 2776 decedens
1775 2725 1929 2776 testamento

251 2793 267 2842 6
303 2787 395 2842 ττετετ
413 2791 571 2842 testamento
589 2803 645 2842 non
661 2793 784 2858 possunt.
814 2789 849 2842 In
862 2787 1065 2842 fideicommissa
1118 2803 1228 2842 uxorem
1253 2803 1329 2842 suam
1352 2789 1478 2842 heredem
1502 2793 1528 2842 et
1551 2789 1618 2842 alios
1645 2789 1796 2858 complures
1820 2789 1929 2858 reliquit.

251 2855 323 2928 quod
346 2855 462 2908 familiae
484 2855 644 2924 relinquitur
666 2857 695 2908 hi
718 2855 753 2908 ed
772 2857 927 2926 petitionem
945 2857 1000 2910 cius
1019 2855 1066 2908 ad·
1118 2873 1169 2924 quo
1184 2861 1344 2910 testamento
1359 2857 1517 2926 significavit
1529 2857 1650 2922 rerba²³,
1665 2873 1734 2926 quae
1748 2855 1818 2910 infra
1832 2859 1931 2926 scripta

251 2923 319 2978 mitti
343 2929 470 2992 possunt,
494 2923 540 2994 qui
562 2925 692 2978 nominati
715 2929 791 2992 sunt,
818 2929 866 2980 aut
887 2930 950 2994 post
974 2937 1066 2980 omnes
1118 2929 1194 2980 sunta
1213 2923 1250 2978 ‘in
1266 2923 1359 2994 primis
1376 2925 1465 2980 sciant
1481 2923 1591 2980 heredes
1609 2925 1661 2980 mei
1676 2925 1779 2980 nullam
1792 2927 1930 2994 pecuniam

251 3007 297 3048 eos
321 2993 466 3046 exstinctos
490 2993 536 3064 qui
560 3009 593 3048 ex
621 2993 729 3046 nomine
758 2993 877 3048 defuncti
904 2993 1005 3048 fuerint
1034 3007 1065 3048 eo
1118 2999 1185 3048 ‘esse
1207 3009 1290 3064 penes
1314 3009 1425 3048 uxorem
1442 3007 1536 3060 meam,
1554 2993 1602 3050 sed
1618 3009 1668 3048 nec
1685 2995 1758 3048 aliud
1776 2995 1929 3064 quicquam:

250 3067 305 3116 tem
326 3075 379 3128 ore,
397 3077 450 3130 quo
468 3067 582 3118 testator
599 3069 754 3128 moreretur,
773 3067 800 3116 et
818 3061 862 3130 qui
877 3077 909 3116 ex
923 3061 965 3116 his
980 3061 1066 3130 primo
1118 3061 1239 3132 ‘ideoque
1262 3061 1314 3118 hoc
1337 3063 1445 3116 nomine
1469 3079 1527 3118 eam
1547 3061 1690 3130 inquietari
1706 3061 1788 3118 nolo’.
1823 3079 1929 3130 τετττε,

251 3077 336 3208 gralli
358 3131 493 3200 procreati
516 3131 582 3196 sint,
613 3129 665 3184 nisi
692 3131 843 3200 specialiter
867 3129 1008 3184 defunctus
1031 3129 1068 3184 ad
1117 3147 1152 3184 an
1171 3145 1218 3198 ea,
1244 3145 1313 3200 quae
1335 3131 1394 3184 rivo
1416 3145 1447 3184 eo
1465 3131 1493 3184 in
1509 3131 1644 3200 praetorio
1662 3131 1752 3186 uxoris
1770 3131 1827 3184 eius
1844 3135 1929 3184 trans-

251 3199 390 3254 ulteuorcs
408 3199 572 3254 voluntatem
589 3215 666 3254 suam
683 3199 840 3254 extenderit.
1117 3199 1174 3254 lata
1191 3205 1262 3266 sunt,
1281 3199 1416 3254 communi
1430 3199 1571 3254 hereditati
1584 3197 1713 3254 vindicari
1726 3199 1838 3268 possint,
1857 3205 1930 3254 etan

285 3261 324 3324 33
340 3265 423 3322 Imm
433 3267 501 3322 libre
515 3283 587 3322 nono
601 3283 793 3340 responsorum
815 3265 977 3336 Respondit:
993 3265 1065 3336 lega·
1117 3267 1263 3322 secundum
1292 3267 1374 3322 rerba
1401 3269 1556 3324 testamenti
1583 3267 1730 3340 praescribi
1758 3267 1929 3322 coheredibus

250 3341 339 3390 torum
359 3337 452 3406 petitio
476 3335 603 3392 adversus
625 3337 737 3392 heredes
755 3353 804 3406 pro
842 3337 944 3390 artibus
962 3335 1065 3390 heredi·
1116 3337 1202 3406 possit
1217 3351 1234 3390 a
1247 3341 1326 3406 parte
1339 3337 1433 3390 rixeris
1449 3337 1576 3392 defuncti.
1604 3337 1771 3390 Modestinus
1786 3337 1929 3406 respondit,

250 3403 327 3458 tariis
345 3401 484 3472 competit,
507 3421 558 3460 uec
576 3421 629 3474 pro
653 3403 696 3460 his
719 3407 765 3474 qui
788 3353 913 3460 nollendo
932 3421 985 3458 non
1004 3409 1066 3458 sunt
1117 3405 1140 3460 si
1163 3421 1209 3472 ea,
1236 3405 1356 3474 quaein
1380 3405 1487 3460 domum
1510 3421 1558 3460 seu
1581 3403 1746 3474 praetorium
1769 3405 1860 3460 tueris
1886 3405 1928 3460 de·

252 3477 264 3524 1
302 3473 408 3526 onerari
425 3471 569 3526 coheredes
587 3477 701 3542 oportet.
728 3473 780 3540 Qui
793 3473 883 3540 plures
897 3473 1008 3526 heredes
1024 3473 1065 3526 in-
1093 3523 1094 3526 ,
1117 3473 1227 3528 functus
1243 3473 1389 3538 transtulit,
1407 3475 1554 3544 praecipua
1571 3473 1606 3526 ad
1620 3487 1680 3528 eam
1693 3473 1827 3542 pertinere
1841 3473 1929 3538 voluit,

251 3539 351 3604 stituit,
374 3543 536 3596 testamento
557 3557 574 3594 a
592 3539 751 3610 quibusdem
768 3541 924 3594 nominatim
941 3541 1065 3610 reliquit*
1117 3541 1183 3596 nihil
1199 3541 1326 3610 proponi,
1352 3559 1400 3596 cur
1418 3541 1554 3598 voluntate
1573 3543 1658 3610 ipsius
1676 3540 1800 3596 standum
1817 3557 1872 3596 non
1889 3541 1928 3596 sit.

250 3607 351 3676 legata,
377 3613 471 3676 postea
494 3607 630 3664 codicillos
652 3607 687 3664 ad
704 3625 795 3664 omues
814 3607 925 3662 heredes
944 3607 1065 3676 scripsit:
1117 3625 1226 3664 necesse
1248 3613 1329 3680 igitur
1351 3609 1434 3664 habet
1454 3611 1548 3664 mulier
1570 3611 1653 3664 talem
1670 3609 1834 3664 voluntatem
1849 3609 1929 3664 fuisse

251 3691 358 3746 quaero,
378 3679 464 3796 {quae
478 3675 567 3746 legata
582 3677 705 3732 debeant.
730 3677 897 3732 Modestinus
913 3677 1065 3754 respondit:
1117 3677 1252 3732 testatoris
1270 3679 1419 3734 ostendere.
1455 3679 1527 3748 quod
1544 3679 1596 3734 uisi
1613 3679 1720 3746 fecerit,
1740 3679 1769 3732 in
1786 3679 1929 3734 hereditate

252 3759 312 3800 cum
329 3759 399 3798 mam
412 3749 468 3798 este
482 3749 597 3800 testator
611 3749 771 3800 testamento
788 3749 954 3814 expressent,
973 3759 990 3798 a
1007 3745 1065 3814 qui·
1118 3751 1134 3798 4
1167 3745 1255 3802 meriti
1279 3751 1307 3800 et
1328 3747 1397 3802 haec
1421 3763 1556 3802 remanere
1581 3751 1695 3814 oportet.
1731 3745 1760 3802 Si
1784 3763 1816 3802 ea
1840 3747 1928 3802 condi·

252 3813 300 3868 bus
317 3811 459 3868 heredibus
476 3811 564 3880 legata
581 3813 713 3882 praestari
731 3813 823 3878 vellet,
847 3813 909 3868 licet
929 3813 1065 3868 codicillos
1118 3813 1194 3868 cisne
1210 3815 1306 3868 liberto
1323 3813 1557 3868 fideicommissum
1573 3815 1696 3868 relictum
1714 3819 1761 3880 est,
1783 3829 1818 3868 ne
1835 3829 1852 3868 a
1868 3815 1927 3868 filiis

252 3881 285 3934 ad
309 3895 399 3934 omnes
424 3881 575 3950 scripserit,
599 3889 713 3952 apparet
734 3887 825 3934 tamen
848 3897 880 3934 ea
903 3895 972 3948 quae
992 3881 1065 3934 codi-
1118 3883 1173 3936 eius
1190 3883 1336 3948 recederet,
1355 3889 1381 3936 et
1401 3897 1450 3952 per
1470 3887 1572 3938 tutores
1592 3883 1693 3936 factum
1711 3887 1760 3948 est,
1778 3899 1830 3952 quo
1845 3883 1928 3938 minus

249 3949 318 4002 cillis
334 3948 410 4004 dedit
421 3949 454 4002 ab
469 3949 511 4002 his
525 3949 688 4018 praestanda
703 3965 768 4016 τεττ,
787 3963 855 4018 τετε
869 3965 978 4004 τεεετετ
991 3949 1067 4018 fungi
1118 3949 1302 4006 condicionem
1318 3949 1453 4020 impleret,
1471 3949 1591 4020 iniquum
1609 3955 1650 4006 est
1667 3965 1741 4016 eum,
1760 3967 1821 4006 cum
1838 3951 1927 4006 sitin·

251 4017 348 4072 debere
365 4021 523 4072 testamento
542 4033 591 4072 suo
609 4017 728 4072 ostendit
744 4021 865 4072 testator.
1117 4023 1131 4072 ε
1169 4019 1308 4090 culpatus,
1333 4019 1509 4074 emolumento
1531 4019 1728 4074 fideicommissi
1745 4033 1845 4072 cerere.
1880 4017 1928 4088 Qui

285 4083 325 4144 34
347 4083 430 4140 Inna
452 4087 520 4140 libro
547 4085 648 4140 demuto
671 4103 864 4158 responsorum
905 4085 978 4140 Titia
1004 4101 1065 4140 cum
1116 4087 1199 4142 invita
1220 4087 1277 4142 filiu
1303 4087 1336 4142 de
1360 4087 1422 4144 dote
1448 4093 1550 4156 egerat,
1574 4087 1689 4142 decessit
1712 4087 1804 4142 eadem
1822 4087 1868 4142 illa
1885 4103 1926 4142 ex·

251 4159 408 4210 testamento
424 4153 495 4210 facto
511 4153 652 4208 decederet
662 4155 804 4210 heredibus
816 4153 945 4208 institutis
959 4153 1065 4210 Maeuia
1116 4157 1259 4222 heredeta,
1283 4155 1338 4210 filio
1362 4155 1461 4212 herede
1484 4157 1605 4210 instituto
1632 4163 1659 4210 et
1681 4157 1716 4210 ab
1740 4171 1772 4210 eo
1796 4153 1926 4210 fideicom-

251 4229 278 4278 et
296 4223 451 4292 Sempronio
475 4221 536 4276 liliis
559 4221 614 4276 suis
638 4237 671 4276 ex
693 4225 785 4292 aequis
802 4223 941 4294 partibus,
964 4223 1031 4292 petit
1048 4237 1065 4276 a
1115 4225 1225 4278 missum
1241 4223 1313 4276 filiae
1332 4225 1401 4278 dotis
1416 4225 1523 4278 nomine
1536 4225 1656 4294 reliquit:
1675 4239 1783 4294 quaero,
1801 4231 1926 4292 quantum

251 4291 369 4358 Maesia,
392 4297 424 4346 ut
441 4289 561 4346 Stichum
582 4305 687 4344 serrum
704 4307 783 4346 suum
800 4291 1011 4358 manumitteret,
1036 4291 1065 4344 in
1115 4307 1132 4346 a
1148 4291 1233 4348 fratre
1250 4291 1345 4346 mulier
1364 4291 1491 4360 consequi
1505 4291 1609 4348 debeat.
1635 4291 1805 4350 Modestinus
1820 4307 1926 4362 respou-

251 4363 317 4414 haec
332 4357 427 4414 nerbas
446 4365 472 4414 ‘a
483 4365 622 4422 teautem,
638 4357 744 4414 Maesia
758 4357 814 4414 filia
830 4359 974 4426 caussima,
991 4365 1064 4428 peto,
1115 4361 1167 4416 dit:
1192 4361 1263 4430 quod
1285 4361 1314 4414 in
1336 4359 1429 4430 primis
1454 4365 1565 4416 estnon
1583 4375 1641 4414 esse
1651 4363 1671 4394 1⁴
1695 4363 1881 4428 consumptam
1892 4359 1927 4414 ετ

251 4435 291 4482 ‘ut
302 4427 423 4482 Stichum
439 4443 544 4484 servum
560 4433 636 4480 tuum
653 4427 833 4492 manumittas,
851 4443 912 4480 cum
929 4429 957 4480 in
974 4429 1064 4482 minis·
1116 4429 1178 4484 dote
1200 4427 1332 4484 uodonem
1355 4429 1473 4494 mulieri,
1497 4445 1558 4484 cum
1580 4429 1652 4498 petri
1675 4443 1723 4484 suo
1746 4445 1800 4484 uon
1819 4443 1926 4482 consen·

251 4495 327 4552 fterio
353 4501 400 4550 tuo
430 4501 472 4552 tot
503 4495 593 4566 capita
622 4509 760 4550 servorum
787 4495 837 4548 tibi
864 4495 905 4548 his
922 4495 1065 4552 vcodicillis
1115 4499 1188 4564 serit,
1205 4497 1299 4564 unque
1314 4513 1370 4552 non
1386 4497 1502 4564 ignoras.
1537 4497 1576 4552 sic
1595 4495 1664 4550 enim
1680 4511 1724 4550 res
1742 4509 1776 4548 ex
1793 4495 1924 4556 licatur¹⁵‚

252 4565 399 4634 legerere,
422 4579 472 4618 nec
494 4565 599 4634 legavit.
634 4579 748 4634 quaero,
773 4561 837 4632 quid
859 4563 900 4618 his
917 4563 1005 4618 verbis
1022 4579 1064 4618 re·
1115 4569 1158 4630 ut,
1181 4565 1204 4618 si
1227 4565 1334 4634 quidem
1356 4565 1442 4618 maior
1459 4565 1596 4634 quantitas
1612 4563 1641 4618 in
1665 4561 1756 4618 11ἐτετ
1802 4563 1835 4630 ‘t,
1857 4563 1926 4618 illius

251 4633 344 4694 lictum
361 4633 489 4700 rideatur,
509 4649 577 4696 cum,
595 4637 725 4702 utsupra
743 4639 852 4686 cautum
870 4633 936 4700 esti,
959 4633 1064 4688 duobus
1115 4633 1244 4702 petitione
1266 4633 1302 4688 sit
1322 4633 1508 4688 tautummodo
1532 4633 1626 4688 mulier
1649 4637 1788 4688 contenta:
1813 4633 1884 4702 quod
1905 4627 1926 4684 si

251 4701 393 4756 heredibus
411 4701 540 4758 institutis
559 4699 712 4756 defunctam
729 4701 920 4756 testatriceme
944 4705 972 4754 et
987 4717 1063 4756 man·
1115 4705 1143 4756 iu
1166 4717 1269 4756 summa
1292 4701 1362 4756 dotis
1385 4699 1491 4756 nomine
1514 4699 1604 4770 legata
1620 4701 1734 4770 emplius
1752 4699 1788 4756 sit
1805 4717 1884 4770 quam
1900 4699 1926 4752 iu

252 4771 276 4824 ci
295 4771 321 4824 ia
338 4769 499 4824 hereditaria
517 4769 629 4824 duarum
646 4783 822 4838 personarum
838 4769 927 4834 fuisse,
947 4779 974 4822 et
991 4769 1063 4824 codi-
1116 4771 1179 4822 dote
1197 4769 1354 4840 principali,
1378 4771 1559 4838 compensatio
1581 4769 1630 4822 fiat
1652 4783 1738 4838 εετετ
1761 4769 1797 4822 τε
1819 4769 1924 4822 eandem

252 4839 274 4892 c'
298 4839 318 4892 's
334 4835 399 4892 nihil
413 4837 561 4894 relictumi'
578 4837 659 4892 sitde
672 4837 842 4906 praestandis
859 4837 997 4906 mancipiis
1014 4853 1065 4892 nec
1115 4853 1244 4892 summanr
1272 4851 1341 4906 qnae
1369 4837 1505 4892 concurrit
1528 4841 1555 4890 et
1578 4837 1607 4890 id
1629 4835 1828 4900 tantummodo,
1859 4831 1926 4906 τετε

250 4907 336 4976 possit
352 4907 419 4960 utile
435 4905 669 4960 fideicommissum
685 4903 790 4974 putari,
812 4907 883 4974 quod
901 4907 992 4960 datum
1009 4921 1065 4960 non
1115 4905 1220 4960 excedit
1235 4907 1264 4960 in
1282 4905 1404 4974 sequenti
1421 4921 1533 4972 summa,
1554 4921 1587 4960 ex
1603 4909 1764 4960 testamento
1783 4919 1925 4972 consequa·
1957 4909 1959 4912 '

251 4975 299 5042 sit,
323 4991 384 5032 cum
407 4975 510 5044 legasse
533 4991 562 5038 ετ
582 4975 678 5030 dixerit
694 4989 744 5028 nec
762 4973 890 5030 adiecerit
905 4975 986 5044 legati
1003 4989 1064 5044 spe·
1114 4979 1173 5028 tur:
1196 4989 1251 5028 non
1269 4979 1310 5028 est
1327 4973 1397 5028 enim
1413 4973 1553 5028 uerisimile
1569 4977 1673 5042 petrem
1691 4973 1792 5042 duplici
1807 4979 1924 5042 praesta·

251 5045 318 5098 ciem
340 5059 390 5098 nec
415 5045 449 5098 ab
472 5043 570 5098 herede
593 5041 633 5098 uti
650 5047 851 5110 praestarentur
868 5043 1000 5112 mancipia
1016 5059 1064 5112 pe·
1114 5043 1188 5096 tione
1211 5041 1280 5096 dotis
1304 5041 1386 5094 filium
1413 5041 1577 5110 eundemque
1601 5041 1725 5096 heredem
1749 5055 1860 5096 numere
1881 5057 1923 5094 ετ·

251 5111 330 5178 tierit.
365 5111 532 5166 Modestinus
554 5111 693 5182 respondit
716 5125 750 5164 ex
770 5111 858 5164 verbis
876 5111 1065 5166 consultationi
1114 5109 1211 5174 luisse,
1234 5113 1374 5178 praeterea
1396 5125 1457 5164 cum
1466 5111 1487 5142 1⁷
1508 5109 1641 5178 putaverit
1659 5123 1688 5162 se
1704 5107 1851 5164 efficaciter
1865 5107 1925 5162 lieet

251 5179 356 5234 insertis
374 5179 523 5234 Maeuiam⁷
547 5195 633 5248 neque
656 5179 738 5248 legati
760 5193 846 5248 neque
868 5179 1065 5234 fideicommissi
1115 5193 1170 5232 non
1193 5179 1377 5232 consentiente
1399 5177 1456 5230 filia
1480 5177 1627 5230 instituisse
1653 5175 1781 5230 adversus
1803 5189 1924 5246 generum

252 5249 407 5314 petitionem
428 5247 529 5302 habere
551 5263 638 5316 neque
660 5247 811 5302 libertatem
834 5263 909 5302 servo
933 5263 982 5302 suo
1001 5245 1066 5302 dare
1116 5249 1131 5298 6
1167 5245 1200 5300 ετ
1217 5245 1279 5298 dote
1297 5245 1438 5300 actionem.
1473 5245 1574 5300 Lucius
1592 5245 1678 5298 Titius
1701 5243 1801 5300 relictis
1824 5245 1924 5298 duobus

256 5315 263 5366 1
305 5315 433 5384 compelli.
452 5315 855 5370 LuciusTitinsintestamento
869 5315 1065 5370 suoitacarit:
1115 5311 1177 5368 filiis
1200 5313 1255 5368 suis
1278 5313 1422 5368 heredibus
1440 5311 1536 5366 diversi
1553 5329 1632 5368 sexus
1649 5311 1779 5368 institutis
1788 5313 1809 5344 ¹⁸
1827 5311 1925 5368 addidit

254 5489 283 5548 (1)
300 5485 473 5536 Αεετεὶττετῑ.
509 5487 543 5550 (a)
557 5485 759 5550 quilegavitius.
795 5487 828 5550 (3)
843 5487 1065 5552 ldquodlcgalhm
1116 5485 1241 5536 universo.
1267 5485 1302 5534 Οτ
1331 5487 1404 5534 viano
1414 5485 1555 5534 Alexandro
1564 5485 1617 5536 filio
1626 5501 1682 5536 meo
1691 5485 1844 5536 dulcissimo.
1864 5483 1925 5536 Volo

255 5551 348 5602 esldel.
389 5551 421 5614 (4)
439 5551 595 5614 relinquitF
632 5555 665 5616 (a)
684 5555 783 5618 qubius.
830 5557 861 5618 (6)
880 5553 1066 5622 utsuprarela·
1116 5553 1257 5616 praecipiat
1279 5567 1295 5602 a
1317 5569 1343 5602 se
1366 5553 1422 5616 ipso
1442 5567 1548 5602 massam
1568 5553 1653 5604 salicti
1674 5551 1788 5602 Gomiani
1811 5569 1867 5602 cum
1887 5553 1924 5602 iu·

254 5627 308 5670 tum
317 5623 363 5686 est,
371 5621 468 5668 certum
476 5619 510 5668 sit
519 5623 562 5670 lus.
605 5623 646 5682 (τ’)
663 5621 824 5674 testrieemF
854 5621 896 5686 (τ’)
911 5623 1065 5674 dietnmser.
1117 5623 1255 5670 strumento
1270 5621 1336 5686 quod
1352 5619 1389 5670 ibi
1404 5623 1442 5670 est
1455 5623 1575 5670 universo
1677 5623 1722 5686 (τε)
1741 5623 1866 5686 iidemque
1880 5641 1923 5674 rer·

255 5691 287 5752 (1)
305 5685 435 5738 maeviaF
474 5685 505 5746 (81
522 5677 799 5758 ἆγετφόρτεΡτεττεττ
843 5693 876 5754 (9)
892 5693 975 5744 idest.-
991 5689 1065 5740 Octa·
1117 5689 1157 5746 (11)
1177 5689 1256 5740 selus.
1310 5691 1353 5752 (ll)
1371 5689 1473 5752 multos]
1483 5689 1617 5740 nonnullos
1626 5709 1673 5742 scr.
1726 5695 1769 5752 (13)
1787 5691 1924 5742 verbisscr.

255 5753 509 5806 vianeeStratonioao
523 5753 590 5804 filiae
603 5773 672 5806 meae
687 5757 846 5806 dulcissimae
861 5759 973 5810 salutern.
1002 5757 1065 5808 Volo
1117 5759 1159 5816 (14)
1179 5757 1279 5808 essetF
1346 5759 1390 5822 (15)
1408 5759 1616 5822 exerplicaturF
1678 5759 1722 5822 (τε)
1740 5761 1824 5824 priore
1835 5761 1878 5812 ius.
1887 5755 1925 5810 F²

255 5839 309 5874 ass
325 5821 503 5888 ipsaaccipial
518 5821 647 5884 praedium
657 5827 749 5876 Gazam
764 5827 1000 5878 cuminstrumento
1013 5827 1065 5874 eius
1117 5827 1160 5888 (17)
1179 5829 1427 5890 cumpraetereaser.
1494 5829 1539 5890 (is)
1559 5827 1652 5878 diversi
1662 5843 1733 5878 sexus
1743 5827 1868 5878 institutis
1878 5827 1917 5880 del
