4366 6258
250 365 294 432 nu
315 365 485 412 uuunsms.
518 367 564 412 nn
585 367 793 418 Postremus.
1048 349 1112 424 853

252 543 276 594 t
299 549 396 604 capere
417 551 466 604 per
486 533 610 588 inuidiam
631 551 686 590 non
708 535 875 606 prohibetur.
913 537 1056 592 Curatores
1124 581 1125 586 1
1472 537 1515 600 XI
1523 535 1552 598 ¹¹.

249 619 359 676 operum
387 621 448 660 cum
475 603 687 672 redemptoribus
714 607 849 686 negotium
871 607 984 670 habent,
1012 619 1056 660 res
1118 611 1119 614 ’
1391 641 1439 690 ΒΕ
1455 635 1623 690 NUNDINIS

249 673 356 748 publica
374 679 462 728 autem
480 687 540 726 cum
557 670 614 738 bis,
637 689 704 742 quos
727 673 866 730 efficiendo
886 673 961 744 operi
977 687 1055 742 prae·
1112 729 1113 732 ,
1625 673 1631 686 “

248 741 343 802 stituit.
378 745 510 808 quatenus
531 755 593 808 ergo
616 741 719 810 etquis
737 745 764 796 et
782 743 825 796 cui
843 741 1055 808 obstrictusest,
1142 741 1370 798 lMounsrrrrus
1390 739 1457 796 l'bro
1481 739 1560 792 tertio
1583 735 1741 808 repuleram
1781 733 1915 796 Nundiuis

249 817 264 868 1
298 807 447 864 aestimatio
464 807 594 890 praesidis
610 807 764 878 provinciae
782 813 831 862 est.
865 809 907 862 Ne
929 809 987 864 eius
1007 823 1055 862 no·
1105 809 1251 880 impetratis
1271 807 1424 880 aprincipe
1440 823 1494 862 non
1508 805 1608 862 utendo
1623 805 1670 876 qui
1684 803 1781 858 meruit
1795 802 1915 860 decennii

248 879 332 942 mine,
356 877 432 932 cuius
455 877 614 932 bberalitate
632 893 699 946 opus
717 881 826 930 exstrue
839 893 884 928 um
902 883 954 944 est,
978 889 1056 930 eraso
1106 883 1226 946 tempore
1242 895 1321 934 usum
1338 875 1443 932 amittit.

248 947 360 1004 aliorum
386 945 492 1000 nomina
514 945 703 1000 inscribantur
716 949 744 1000 et
784 959 814 996 ro
834 949 909 998 terea
930 959 1055 1000 revocen-
1141 941 1393 1000 2Ceaa1srsauus
1412 943 1479 1000 libra
1498 943 1576 998 tertio
1600 941 1633 996 de
1650 939 1848 1014 capnitiombus
1888 941 1917 994 Si

248 1015 310 1072 tur¹
333 1013 429 1068 similes
454 1013 549 1068 civium
570 1013 599 1066 in
619 1013 720 1084 patrias
739 959 925 1078 bicubitalem
948 1027 1056 1082 praeses
1108 1011 1167 1078 quis
1187 1011 1266 1090 ¹ipsos
1292 1015 1407 1068 certiores
1430 1027 1555 1080 agrorum
1577 1011 1618 1066 vel
1640 1009 1788 1092 piscatores
1813 1009 1916 1066 deferre

248 1081 401 1156 provinciae
418 1081 603 1138 auctoritatem
621 1099 697 1138 suam
713 1081 882 1150 inceperat,
1107 1079 1231 1132 utensrlia
1244 1079 1273 1134 in
1289 1081 1419 1134 ciuitatem
1429 1083 1450 1114 ²²
1466 1081 1581 1146 iusserit,
1599 1085 1630 1134 ut
1643 1079 1696 1148 ipsi
1711 1093 1743 1134 ea
1757 1079 1914 1144 dmmahant,

282 1147 426 1210 3Macna
443 1151 510 1206 libro
524 1151 641 1208 scmndo
655 1151 689 1204 dc
703 1149 798 1220 officia
809 1147 948 1218 praesidis
983 1147 1057 1216 Opus
1109 1147 1267 1200 destituetur
1292 1165 1415 1204 amesae
1442 1149 1587 1216 praebitio,
1622 1163 1683 1202 cum
1709 1153 1855 1202 avocentur
1881 1147 1915 1202 ab

249 1235 345 1278 novum
360 1219 465 1288 priuato
483 1219 564 1274 etiam
578 1219 636 1274 sine
649 1217 778 1288 principis
793 1215 954 1271 auctoritate
967 1213 1057 1270 iacere
1109 1229 1189 1282 opere
1206 1215 1314 1270 rustici:
1340 1217 1385 1284 qui
1408 1215 1547 1270 confestim
1570 1215 1617 1272 ubi
1634 1215 1777 1270 detulerint
1793 1231 1916 1282 mercem,

249 1291 325 1352 licet,
347 1293 534 1356 praeterquam
551 1287 576 1342 si
592 1289 627 1342 ad
644 1285 849 1342 aemulationem
866 1285 975 1338 alterius
995 1285 1056 1338 ciui-
1109 1281 1215 1336 tradere
1232 1297 1290 1336 eam
1307 1289 1335 1338 et
1352 1285 1386 1338 ad
1404 1299 1485 1366 opera
1502 1301 1553 1340 sua
1570 1285 1667 1340 reverti
1685 1285 1806 1340 debeant.
1843 1285 1916 1340 deni-

249 1357 312 1410 tatis
333 1355 465 1424 perducat
487 1357 528 1408 uel
551 1357 688 1410 materiam
711 1353 850 1410 seditionis
872 1353 1001 1420 praebeat
1016 1355 1059 1408 vel
1109 1365 1162 1420 que
1178 1365 1295 1404 summae
1312 1351 1469 1420 prudentiae
1486 1357 1514 1408 et
1530 1353 1699 1408 auctoritatis
1714 1353 1786 1422 apud
1798 1351 1917 1408 Graecos

254 1429 264 1480 l
300 1423 418 1478 circumi
434 1423 567 1478 theatrum
582 1423 624 1478 vel
636 1423 861 1492 amphitheatrum
876 1421 918 1476 sit.
946 1421 1057 1476 Publioo
1093 1419 1186 1484 ¹Plato
1211 1433 1271 1470 cum
1292 1417 1455 1486 institueret,
1484 1419 1705 1490 quemadmodum
1730 1421 1823 1476 civitas
1847 1423 1916 1476 bene

251 1507 312 1548 vero
335 1497 442 1560 sumptu
466 1507 531 1558 opus
554 1507 651 1546 norum
675 1493 732 1546 sine
751 1489 880 1558 principis
899 1491 1059 1544 auctoritate
1109 1489 1188 1542 beate
1202 1487 1320 1568 babitari
1337 1489 1428 1554 possit,
1446 1489 1580 1558 inprimis
1595 1489 1662 1546 istos
1676 1489 1856 1558 negotiatores
1871 1503 1917 1544 ne·

251 1565 267 1616 2
299 1557 357 1612 fieri
380 1575 435 1614 non
455 1559 535 1612 licere
558 1559 792 1614 constitutionibus
815 1557 976 1612 declaratur.
1013 1559 1058 1612 In·
1111 1569 1241 1610 cessamus
1259 1551 1341 1606 duxit.
1376 1557 1414 1610 sic
1431 1557 1500 1610 enim
1522 1557 1590 1612 libro
1612 1555 1761 1612 sccundo¹³
1783 1555 1918 1610 πολιτείας

251 1627 333 1684 scribi
359 1635 448 1682 autem
473 1641 570 1682 nemen
596 1629 670 1696 operi
698 1627 807 1696 publico
837 1627 948 1682 alteriue
980 1643 1060 1696 quem
1111 1623 1162 1678 eii:
1181 1621 1224 1676 δεῖ
1236 1621 1288 1694 γὰρ
1303 1619 1437 1676 πλειόνων
1451 1621 1503 1744 o’r'pot
1516 1629 1644 1696 γεωργῶν
1655 1643 1685 1676 τε
1700 1629 1745 1676 nni
1759 1627 1816 1678 τῶν
1830 1621 1917 1678 iiiuc

250 1695 377 1766 principis
395 1701 442 1750 aut
455 1695 521 1760 eius,
539 1697 615 1750 cuius
632 1697 747 1764 pecunia
763 1693 792 1748 id
810 1711 878 1764 opus
895 1695 998 1750 iactum
1015 1695 1058 1760 sit,
1112 1689 1282 1762 δημιουργῶν
1303 1693 1350 1740 nat
1369 1693 1426 1744 τῶν
1446 1689 1535 1744 ἅλων
1559 1689 1696 1744 διακόνων
1717 1695 1774 1746 τῶν
1795 1711 1825 1762 pc
1843 1693 1917 1746 eica-

251 1779 305 1818 non
320 1763 391 1816 licet.
1111 1759 1217 1830 ξόντιον
1233 1759 1278 1810 nai
1295 1753 1448 1816 ἐξαξόντων
1464 1765 1578 1814 ἕκαστα·
1606 1749 1681 1812 οὗτοι
1701 1757 1733 1812 δέ
1748 1761 1816 1814 εἰσιν
1832 1763 1917 1828 ἔμπο-

284 1827 512 1886 incensarum
530 1831 597 1886 libro
614 1831 755 1888 undecima
768 1831 968 1902 pandectarum
1003 1831 1059 1884 Nec
1111 1845 1156 1898 ραι
1164 1829 1194 1882 ¹⁴.
1229 1829 1339 1894 neptam
1356 1823 1386 1878 ii
1403 1821 1418 1878 ὁ
1435 1825 1579 1900 γεωργὸς15
1597 1829 1632 1882 εἰς
1648 1825 1698 1892 τὴν
1715 1819 1819 1900 ἀγοράν
1834 1847 1863 1880 τι
1880 1815 1920 1880 ὦν

251 1897 380 1968 praesidis
398 1897 504 1966 quidem
521 1915 617 1954 nomen
633 1899 724 1954 licebit
741 1897 949 1966 superscribere.
1110 1901 1186 1948 ποιεῖ
1207 1891 1224 1960 ἥ
1247 1911 1287 1948 τις
1311 1889 1387 1948 ditae
1404 1897 1461 1948 τῶν
1478 1891 1648 1966 δημιουργῶν
1655 1891 1701 1976 ,μὴ
1719 1897 1755 1948 cte
1770 1895 1821 1950 τὸν
1838 1887 1920 1948 αὐτὸν

285 1963 304 2022 5
333 1965 477 2022 ULPJANUS
500 1967 569 2022 libro
591 1967 728 2038 simpulum
749 1967 783 2020 de
808 1965 903 2036 officie
926 1965 1061 2020 enraiort's
1109 1959 1209 2036 χρόνον
1230 1957 1281 2032 ἥκῃ
1303 1965 1359 2014 τοῖς
1380 1959 1514 2030 δεομένοις
1535 1961 1570 2014 τὰ
1594 1981 1650 2032 παρ
1687 1955 1768 2016 αὐτοῦ
1785 1957 1919 2018 ἀνταλλά-

251 2035 294 2088 rci
308 2035 437 2104 publicae
477 2035 506 2090 Si
527 2035 642 2106 legatum
666 2035 708 2088 vel
730 2031 963 2088 fideicommissum
980 2031 1076 2086 fuerit
1112 2029 1216 2092 ξασθαι
1226 2031 1253 2092 ¹⁶,
1280 2021 1391 2112 inpicet
1409 2033 1455 2098 τῆς
1481 2027 1562 2084 αὑτοῦ
1579 2027 1750 2104 δημιουργίας
1766 2031 1920 2100 καθήμενος

252 2101 286 2156 ad
309 2117 376 2182 opus
400 2101 534 2168 relictum,
557 2119 654 2158 usurae
676 2119 745 2170 quae
762 2107 789 2154 et
807 2101 914 2170 quanda
932 2101 1061 2168 incipiant
1112 2103 1141 2152 ἐν
1165 2093 1266 2170 ἀγορᾷ)
1296 2095 1431 2168 cudapaic,
1458 2091 1475 2164 ἢ
1499 2091 1528 2152 δ’
1553 2091 1593 2162 ie,
1622 2091 1676 2152 ἀλλ’
1702 2099 1768 2152 εἰσὶν
1793 2099 1821 2154 oi
1839 2101 1919 2154 τοῖαα

253 2169 354 2236 debon,
371 2171 502 2240 rescripto
520 2171 573 2224 divi
589 2171 631 2224 Pii
647 2171 687 2224 tta
704 2167 864 2224 continetur.
900 2167 1060 2236 ‘Siquidem
1112 2163 1227 2238 ὁρῶντες
1256 2165 1362 2222 ἑαυτοὺς
1391 2169 1434 2218 ἐπὶ
1463 2163 1513 2232 τὴν
1541 2165 1683 2220 διακονίαν
1704 2165 1832 2222 τάττουσι
1853 2165 1918 2220 ταδ-

253 2235 317 2290 ‘dies
334 2253 389 2292 non
405 2239 441 2292 sit
454 2239 489 2292 ab
503 2239 552 2304 bie,
571 2239 617 2306 qui
634 2241 738 2292 statuas
755 2235 797 2288 vel
814 2235 941 2302 imagines
958 2251 1060 2302 ponen-
1110 2253 1162 2300 την
1171 2237 1200 2290 ¹⁷.

253 2303 309 2358 ‘das
331 2303 498 2374 legaverunt,
526 2305 697 2374 praefinitus,
722 2319 741 2356 a
763 2303 885 2372 praeside
908 2303 1061 2374 provinciae

253 2375 364 2440 'tempus
387 2371 558 2428 statuendum
580 2377 634 2426 est:
658 2377 685 2426 et
704 2369 757 2426 uisi
779 2371 918 2450 posuerint
940 2371 1060 2438 heredes,

253 2445 356 2494 ‘usuras
370 2441 565 2563 levioreplpntra
578 2455 751 2562 sexdrpepses,
770 2455 793 2492 s1
806 2439 894 2560 mirpps
902 2443 933 2560 ³‚d
938 2441 1061 2494 semisses
1469 2443 1527 2504 XII
1536 2441 1566 2504 ²⁸,

253 2513 357 2562 ‘usuras
374 2509 414 2562 rei
449 2525 467 2560 u
498 2509 559 2562 'eae
590 2523 624 2560 en
659 2523 697 2560 n.
723 2507 747 2562 si
764 2521 826 2562 vero
863 2507 900 2562 ‘es
935 2513 995 2564 atus
1010 2513 1059 2574 est,

253 2575 401 2644 ‘pecuniam
437 2581 553 2644 eponeut
569 2523 640 2630 iutra
658 2575 741 2640 diem,
765 2575 789 2628 si
809 2581 857 2630 aut
873 2593 928 2630 non
944 2575 1061 2630 iuveuim
1301 2545 1347 2596 DE
1364 2539 1714 2596 POLLIOITATIONIBUS'

254 2659 282 2706 se
299 2647 403 2698 statuas
421 2643 534 2698 dixerim
551 2645 617 2698 auti
634 2643 693 2698 loco
713 2643 921 2698 controversiam
934 2643 1059 2698 iecerint:
1149 2641 1163 2700 l
1194 2641 1340 2698 deruanus
1362 2641 1430 2700 libro
1454 2643 1592 2716 stupratori
1613 2641 1646 2696 de
1669 2641 1764 2712 officio
1787 2641 1920 2696 curatoris

255 2721 266 2766 1
304 2713 451 2766 “semisses
475 2713 598 2792 protinus
620 2711 756 2782 pendant’.
796 2711 878 2766 Fines
899 2713 1061 2782 publicosa
1111 2713 1299 2784 reipublicae
1338 2711 1366 2768 Si
1391 2711 1525 2782 pollicitus
1550 2711 1608 2782 quis
1631 2709 1713 2766 merit
1735 2709 1919 2782 reipublicae

253 2779 363 2848 puratis
381 2779 492 2834 deduem
512 2795 599 2834 nunc
621 2785 698 2834 ortet.
734 2779 839 2834 curabit
856 2781 936 2848 igitur
952 2795 1061 2848 praeses
1112 2795 1180 2848 epus
1199 2797 1227 2836 sa
1244 2779 1379 2836 facturum
1396 2779 1438 2834 vel
1454 2779 1596 2848 pecuniam
1614 2779 1751 2844 daturum,
1773 2779 1803 2832 in
1825 2795 1920 2836 usurus

253 2847 416 2916 provinciae,
440 2847 480 2902 sifl
499 2847 544 2916 qui
560 2797 661 2916 puilici
679 2853 753 2912 sunt,
776 2863 792 2902 a
809 2845 918 2916 priuata
936 2863 1062 2916 separare
1111 2863 1167 2902 non
1185 2849 1369 2902 convenietur:
1389 2847 1435 2902 sed
1451 2847 1475 2902 si
1491 2863 1593 2902 moram
1608 2847 1725 2918 coeperit
1739 2847 1836 2912 iacere,
1856 2863 1920 2902 usu·

254 2919 280 2970 et
291 2915 414 2984 publicos
429 2915 518 2986 potius
531 2915 633 2972 reditus
647 2929 757 2984 augere:
777 2915 801 2970 ιὶ
813 2931 867 2984 qua
878 2917 939 2970 loca
953 2917 1062 2984 publica
1112 2931 1158 2970 rae
1181 2917 1326 2982 accedunt,
1350 2923 1382 2972 ut
1403 2917 1546 2986 imperator
1568 2923 1661 2972 noster
1685 2931 1745 2970 cum
1767 2915 1826 2970 divo
1843 2921 1921 2986 patre

253 2981 295 3040 vel
320 2983 441 3036 aedificia
463 2983 492 3038 iu
512 2985 594 3038 usus⁷
623 2983 787 3052 privatorum
810 2983 952 3048 inuenerit,
982 2983 1060 3038 sesti·
1115 2988 1125 3037 1
1163 3001 1212 3040 suc
1229 2985 1375 3056 rescripsit.
1410 2983 1472 3040 Non
1493 2999 1598 3052 semper
1615 2989 1704 3040 autem
1722 2983 1833 3054 obligari
1850 2999 1920 3050 eum,

254 3067 340 3116 mare,
363 3055 486 3106 utrumne
503 3051 663 3106 uindicanda
680 3051 708 3106 iu
725 3051 863 3122 publicum
879 3051 933 3106 sint
949 3065 985 3106 an
1001 3067 1062 3106 vec·
1113 3051 1158 3120 qui
1179 3051 1313 3122 pollicitus
1335 3057 1389 3118 cst,
1414 3051 1550 3106 sciendum
1572 3057 1621 3106 est.
1656 3053 1680 3106 si
1697 3051 1803 3120 quidem
1820 3051 1854 3106 ob
1873 3053 1920 3106 ho·

254 3119 318 3188 tigal
340 3119 378 3172 eis
396 3119 479 3174 sadus
497 3119 531 3172 sit
548 3119 660 3190 imponi,
686 3125 712 3174 et
734 3117 775 3184 id,
799 3119 871 3188 quod
891 3117 1001 3174 utilius⁸
1023 3121 1062 3174 rei
1112 3133 1205 3174 norem
1222 3121 1372 3188 promiserit
1389 3119 1524 3174 decretum
1541 3119 1592 3174 sibi
1609 3121 1650 3174 rel
1667 3119 1862 3174 decernendum
1879 3121 1922 3174 vel

254 3185 378 3256 publicae
394 3185 561 3252 intellexerit,
579 3187 663 3256 sequi.
1112 3187 1146 3242 ob
1166 3187 1245 3240 aban
1262 3187 1360 3244 iustam
1378 3203 1498 3252 causam,
1516 3187 1651 3244 tenebitur
1668 3203 1700 3242 es
1713 3187 1920 3256 pollicitatione:

288 3251 515 3312 bilisasarium
535 3253 603 3310 libro
626 3255 766 3310 andecimo
784 3253 982 3326 pandectarum
1020 3253 1062 3310 De
1112 3255 1154 3308 sin
1176 3271 1238 3310 uero
1261 3257 1319 3310 siue
1343 3271 1425 3310 causa
1444 3255 1608 3324 promiserit,
1630 3271 1686 3310 non
1707 3257 1758 3310 erit
1778 3255 1920 3324 obligatus.

254 3321 393 3392 operibus,
410 3337 480 3390 quae
497 3323 525 3378 in
540 3323 624 3380 muris
640 3323 683 3378 vel
699 3321 785 3392 portis
802 3323 844 3376 vel
860 3323 960 3376 rebus⁹
976 3325 1062 3392 publi·
1112 3323 1201 3378 etita
1223 3325 1312 3376 multis
1334 3323 1568 3378 constitutionibus
1589 3327 1617 3380 et
1638 3323 1772 3378 vetembus
1796 3329 1823 3378 et
1844 3323 1920 3378 novis

254 3391 292 3446 eis
308 3391 389 3456 fiunt,
407 3395 454 3444 aut
471 3391 494 3446 si
510 3391 581 3444 muri
598 3397 782 3454 exstruantur,
801 3391 877 3446 divus
894 3391 1002 3446 Murcus
1020 3407 1062 3446 re-
1112 3393 1128 3444 1
1164 3391 1323 3446 continetur.
1358 3391 1425 3446 Item
1449 3391 1472 3446 si
1493 3391 1550 3446 sine
1571 3407 1653 3446 causa
1670 3391 1835 3462 promiserit,
1859 3407 1920 3448 coe-

254 3457 361 3528 scripsit
384 3457 534 3530 praesidem
560 3457 663 3514 aditum
686 3457 825 3514 consedere
847 3457 994 3528 principem
1016 3459 1061 3514 de·
1113 3463 1128 3512 3
1161 3459 1232 3526 perit
1250 3465 1338 3514 tamen
1352 3457 1450 3524 facere,
1468 3459 1600 3526 obligatus
1613 3463 1654 3514 est
1669 3461 1714 3528 qui
1730 3459 1825 3530 eoepit.
1853 3459 1919 3514 Goe-

254 3529 326 3584 bere.
500 3575 501 3578 ,
1112 3525 1185 3594 pisse
1202 3527 1240 3580 sic
1258 3527 1317 3580 acci
1335 3527 1413 3592 imus,
1434 3527 1458 3580 si
1474 3525 1646 3580 fundamenta
1663 3529 1726 3582 iecit
1736 3529 1758 3562 ¹⁹
1774 3529 1816 3582 vel
1832 3527 1920 3582 locum

288 3591 308 3650 7
335 3595 546 3650 Uaaarsrasrns
572 3593 639 3650 libra
662 3593 781 3650 secundo
809 3593 843 3648 dc
865 3593 1062 3664 repetitionibus
1112 3595 1244 3662 purgavit.
1280 3543 1334 3648 seri
1349 3599 1375 3648 et
1396 3595 1419 3650 si
1440 3593 1515 3650 locus
1532 3593 1570 3648 illi
1586 3595 1688 3664 petenti
1705 3593 1853 3650 destinatus
1870 3601 1920 3658 est,

255 3661 399 3718 Pecuniam
422 3677 490 3732 quae
512 3661 540 3716 in
558 3677 639 3730 opera
656 3677 725 3718 noun
741 3663 830 3730 legata
848 3667 901 3726 ast,
923 3661 1011 3730 potius
1034 3663 1062 3716 in
1112 3661 1197 3730 magis
1215 3667 1269 3728 est,
1293 3667 1324 3714 ut
1341 3663 1459 3730 coepisse
1475 3661 1604 3718 videatur.
1639 3663 1704 3718 item
1721 3663 1745 3718 si
1761 3667 1920 3732 apparatum

254 3731 366 3788 tutelam
377 3745 468 3786 eorum
479 3745 588 3802 operum
602 3745 669 3800 quae
682 3735 745 3784 suut
757 3729 969 3796 convertendam,
985 3745 1062 3798 quam
1113 3733 1128 3784 t
1164 3729 1218 3784 sire
1234 3727 1381 3798 impensam
1397 3729 1425 3782 in
1442 3731 1549 3798 publico
1565 3731 1663 3798 posuit.
1690 3731 1743 3784 Sed
1757 3731 1780 3784 si
1793 3745 1847 3784 non
1862 3731 1920 3800 ipse

256 3799 290 3856 ad
301 3799 480 3854 inchoandum
492 3815 560 3874 opus
574 3798 733 3868 erogandam
746 3797 822 3852 dirus
835 3797 900 3852 Pius
913 3813 955 3852 res
972 3799 1061 3918 ripssit:
1113 3797 1209 3866 coepit,
1224 3797 1272 3850 sed
1286 3811 1347 3850 cum
1362 3803 1461 3850 certam
1473 3799 1614 3864 pecuniam
1626 3799 1791 3866 promisisset
1804 3799 1839 3852 ad
1852 3813 1920 3866 opus
1980 3841 1981 3844 ,

257 3867 358 3924 scilicet
380 3867 403 3922 si
424 3867 490 3922 satis
513 3881 624 3934 operum
646 3867 738 3922 civitas
755 3865 855 3920 habeat
872 3869 900 3918 et
914 3881 969 3920 non
996 3865 1063 3920 acile
1112 3865 1151 3918 rei
1192 3865 1328 3918 ublicae20
1350 3865 1572 3934 contemplatione
1592 3865 1723 3934 pecuniae
1744 3865 1832 3920 coeit
1852 3881 1920 3934 opus

258 3941 269 3990 1
305 3935 341 3992 ad
357 3933 500 3990 reficienda
516 3949 550 3988 ea
566 3937 680 4004 pecunia
696 3933 854 3990 inveniatur.
881 3931 982 4004 Siquis
995 3949 1062 4000 opus
1114 3937 1128 3986 5
1175 3945 1268 3986 acere:
1295 3931 1429 3986 tenebitur
1452 3931 1529 4000 quasi
1552 3937 1646 4000 coepto
1670 3949 1758 4002 opere.
1793 3883 1920 4002 issetque

256 4003 290 4060 ab
313 4003 366 4060 alio
387 4003 488 4058 iactum
512 4003 642 4060 adornare
662 4001 840 4058 marmoribus
866 4001 909 4054 vel
934 4001 987 4056 alic
1010 4019 1062 4082 quo
1113 4015 1173 4054 cum
1191 3999 1328 4054 columnas
1346 3997 1452 4066 quidam
1467 4001 1644 4068 promisisset,
1668 4001 1813 4072 imperator
1829 4005 1920 4054 nomer

256 4073 336 4128 modo
358 4087 392 4126 cx
413 4073 549 4128 voluntate
572 4073 666 4142 populi
687 4071 823 4126 iacturum
833 4071 854 4102 ¹⁰
876 4083 906 4124 se
928 4069 1062 4138 pollicitus
1113 4083 1174 4122 cum
1197 4067 1256 4120 divo
1279 4073 1356 4136 patre
1378 4083 1427 4122 suo
1450 4067 1488 4122 ita
1511 4067 1690 4138 rescripsitffl:
1718 4069 1778 4138 ‘Qui
1805 4083 1859 4122 non
1886 4081 1920 4120 ex

257 4141 300 4206 sit,
312 4139 425 4196 nominis
437 4139 539 4220 proprii
550 4141 627 4196 titulo
638 4139 793 4198 scribendo:
811 4137 981 4192 munenibus
990 4139 1062 4204 prio·
1113 4141 1205 4190 ‘causa
1221 4135 1361 4204 pecuniam
1377 4135 1416 4190 rei
1433 4135 1557 4204 publicae
1578 4135 1751 4204 pollicentur,
1774 4135 1918 4216 liberalita-

256 4207 434 4274 comitalis,
457 4225 660 4276 qureaopera
683 4205 1063 4270 incusent,idtieridebere
1113 4207 1176 4258 ‘tem
1217 4201 1326 4258 erficere
1347 4217 1402 4258 nen
1424 4213 1561 4270 coguntur.
1602 4203 1650 4258 sed
1671 4205 1695 4258 si
1715 4203 1853 4258 columnas
1876 4201 1919 4254 ilr-

257 4281 366 4334 senatus
384 4277 495 4332 censuit.
530 4277 602 4346 quod
619 4275 642 4332 si
659 4275 755 4346 priuati
771 4273 801 4328 in
818 4289 907 4342 opera,
928 4287 995 4342 quae
1012 4289 1062 4342 pu·
1112 4219 1251 4350 ‘tiensiius
1279 4269 1423 4350 promisisti
1448 4275 1474 4324 et
1493 4285 1564 4350 ppus
1588 4271 1746 4326 curatione
1770 4269 1919 4348 sumptibus

257 4345 328 4400 blica
342 4345 458 4416 pecunia
474 4345 554 4408 fiant,
576 4345 693 4414 aliquam
710 4345 743 4400 de
761 4357 811 4396 suo
828 4340 974 4397 adiecerint
990 4357 1062 4396 sum·
1113 4343 1237 4392 ‘cantans
1254 4339 1295 4392 vel
1312 4345 1475 4408 privatorum
1492 4339 1646 4392 mchoatum
1663 4341 1716 4404 est,
1740 4337 1825 4392 desert
1849 4337 1920 4406 quod

257 4429 340 4480 mam,
368 4413 408 4468 itu
431 4411 509 4468 titulo
529 4411 709 4480 inscriptionis
731 4411 772 4468 uti
793 4425 839 4466 ees
863 4411 957 4466 debere
979 4407 1062 4464 isdem
1112 4411 1128 4462 6
1164 4407 1306 4474 ‘gestum2²
1329 4411 1444 4462 estnon
1465 4407 1587 4476 oportet’.
1622 4405 1650 4460 Si
1673 4405 1733 4474 quis
1756 4419 1824 4476 opus
1849 4405 1920 4474 quad

258 4481 390 4538 mandatis
407 4485 528 4546 casaur,
551 4487 582 4534 ut
605 4485 730 4550 quautam
752 4493 882 4536 summam
905 4477 1064 4534 contuderint
1112 4473 1226 4546 perierit
1248 4473 1407 4542 adsignauit,
1433 4473 1527 4528 ddnde
1550 4473 1578 4528 id
1597 4471 1709 4528 fortuito
1732 4489 1798 4528 casu
1820 4471 1920 4542 aliquid

249 4547 286 4606 in
300 4549 330 4606 id
345 4563 423 4622 opus,
440 4549 594 4606 inaestuant,
1112 4543 1253 4612 passum²³
1276 4543 1329 4608 sit,
1346 4541 1493 4612 periculum
1515 4541 1551 4596 ad
1567 4557 1627 4596 eum
1645 4543 1690 4612 qui
1706 4541 1772 4596 fecit
1787 4555 1842 4596 non
1858 4555 1918 4610 per·

1111 4611 1198 4666 tinere
1214 4611 1359 4680 imperator
1376 4615 1466 4666 noster
1481 4609 1626 4678 rescripsit.

1146 4675 1265 4736 21nnrr
1284 4679 1351 4734 libro
1369 4681 1461 4750 primo
1483 4677 1694 4750 disputationum
1733 4673 1760 4730 Si
1782 4675 1918 4744 quierem

1112 4747 1228 4818 aliquam
1241 4745 1349 4812 rorent,
1367 4749 1427 4802 voto
1442 4745 1581 4816 obligatur.
1609 4761 1677 4816 quae
1691 4759 1734 4800 res
1746 4745 1919 4814 perseniamit

260 4927 291 4990 (1)
307 4927 463 4978 remorentur
473 4945 520 4978 sor.
588 4925 622 4988 (1)
640 4923 825 4978 οἰιοοοιοὶιαα
893 4925 926 4986 (ο)
943 4921 1064 4988 dminus]
1115 4929 1163 4972 este
1180 4917 1278 4984 indiget
1286 4919 1353 4968 enim
1368 4915 1472 4984 [civitae]
1488 4915 1580 4968 maiore
1589 4917 1851 4970 numercuutiecrum
1859 4917 1922 4972 alio-

259 4995 364 5056 postqax
372 5007 520 5044 mansuesce,
565 4995 597 5056 (4)
615 4993 699 5044 deins,
743 4997 775 5058 (5)
794 4995 893 5046 nutias.
939 4993 973 5056 (a)
988 4989 1063 5044 sidet.
1114 5003 1219 5050 rumque
1232 4985 1349 5052 opificum
1365 4989 1389 5038 et
1402 4985 1920 5054 ministrorumtamiuvehentiumspeoies

260 5061 294 5124 (1)
311 5075 411 5110 ususcr.
478 5061 513 5126 (ο)
530 5061 685 5112 esseins.F²
745 5063 780 5128 (e)
798 5059 1064 5126 rebuslpcrtubusacr.
1114 5055 1399 5122 quamexportentium:
1416 5053 1541 5104 hiantem
1554 5057 1614 5104 sunt
1624 5055 1785 5120 negotiantes.
1805 5055 1918 5122 [quodsi]

262 5127 308 5188 (1ο)
325 5131 457 5178 aucturum
467 5147 514 5178 scr.
1115 5125 1223 5176 malicus
1235 5123 1329 5176 aliusue
1341 5121 1397 5188 quis
1409 5121 1524 5188 opificum
1537 5137 1622 5174 aarum
1630 5139 1713 5174 renum
1721 5123 1783 5188 quid
1792 5133 1853 5188 quas
1861 5125 1921 5176 iacit

296 5197 339 5262 (11)
356 5197 498 5264 Εδ.--0[.
510 5197 639 5260 Cod.4‚ee
679 5197 723 5264 (11)
740 5197 878 5248 civitateF
909 5197 954 5260 (te)
972 5215 991 5248 ο,
1002 5206 1032 5248 11.
1041 5205 1066 5248 11
1115 5191 1238 5244 iuniorum
1250 5191 1353 5244 afferens
1365 5191 1523 5258 noneoipso
1535 5195 1645 5258 tempore
1658 5193 1761 5258 venerit,
1775 5209 1824 5258 quo
1838 5209 1867 5244 co
1879 5209 1920 5246 ve-

261 5281 286 5326 ρ.
297 5263 446 5332 nissimi..-
464 5283 527 5332 qnae
539 5275 671 5328 sequnntur
685 5283 759 5332 neque
775 5267 895 5326 adfinem
911 5263 926 5314 l.
936 5275 957 5326 e,
973 5265 1020 5314 del.
1030 5263 1068 5316 Fi
1116 5261 1193 5312 niunt
1207 5261 1253 5328 qui
1268 5263 1359 5326 species
1376 5261 1405 5312 ab
1423 5277 1452 5312 ec
1468 5259 1557 5312 allatas
1571 5265 1712 5328 permutare
1729 5263 1843 5328 eupiunt,
1860 5277 1920 5314 num

263 5329 309 5394 (rt)
326 5349 345 5382 c.
360 5341 396 5384 tt:
421 5333 469 5382 Aci
491 5327 524 5394 δὴ
547 5329 582 5380 τὰ
604 5327 676 5380 οἴκοι
695 5331 732 5396 μὴ
753 5329 841 5396 μόνον
862 5329 963 5384 ἑαυτοῖς
980 5335 1069 5384 ποιεῖν
1117 5345 1218 5396 operam
1229 5329 1318 5396 perdet
1330 5329 1359 5380 iu
1373 5329 1428 5380 foro
1441 5329 1545 5380 sedens?
1566 5329 1681 5394 minime,
1697 5331 1782 5394 inquit
1794 5329 1851 5394 ille,
1864 5333 1923 5380 suut

265 5389 351 5458 ἱκανά,
372 5389 438 5448 dili
454 5401 500 5448 καὶ
516 5395 562 5450 oia
580 5399 625 5446 nat
642 5389 694 5448 ὅσα
710 5401 819 5450 ἐκείνοις
836 5383 876 5448 aiv
893 5391 927 5446 ἂν
944 5393 1068 5450 δέωνται.
1118 5399 1186 5448 enim
1194 5397 1239 5462 qui
1247 5397 1275 5448 id
1287 5397 1555 5464 intellegentesadboc
1562 5397 1730 5450 ministerium
1742 5413 1767 5452 se
1778 5399 1921 5464 accingunt.

264 5465 312 5514 Δεῖ
326 5461 387 5534 γάρ.
421 5461 562 5518 Πλειὸνοιν
584 5459 618 5526 δὴ
638 5467 766 5536 γεωργῶν
785 5483 816 5516 τε
838 5467 883 5516 uni
903 5465 962 5516 τῶν
983 5461 1071 5518 ἄλλων
1152 5467 1198 5530 (18)
1217 5467 1277 5520 Sat.
1292 5479 1350 5520 1...t.
1366 5479 1404 5528 153
1422 5469 1470 5518 ed.
1487 5479 1564 5528 8...13;
1582 5467 1649 5536 App.
1664 5479 1697 5522 14.
1710 5493 1745 5506 -·-
1762 5467 1825 5520 Bcn.
1841 5471 1884 5530 54,
1898 5479 1923 5522 ta

266 5523 435 5610 dppconpyoir
452 5529 495 5584 δεῖ
509 5527 572 5602 ἡμῖν
589 5531 623 5602 τῇ
639 5527 726 5584 πόλει.
760 5527 902 5584 Ili-etiamr
922 5527 982 5618 peip.
1017 5537 1071 5584 Καὶ
1118 5533 1165 5598 (te)
1182 5533 1297 5588 moniti
1331 5537 1382 5602 (1ο)
1398 5535 1566 5604 reipublicae]
1576 5535 1779 5604 respublicascr.
1823 5537 1869 5602 (m)
1882 5553 1923 5604 re-

266 5593 300 5662 ip
318 5601 363 5650 ani
379 5599 438 5652 raia
453 5595 541 5654 ἄλλων
557 5595 695 5652 διακόνων
710 5617 763 5658 που
779 5599 837 5650 τῶν
856 5617 887 5650 re
908 5595 1072 5674 ειοαξόντων
1118 5603 1281 5668 scripseritF
1332 5605 1380 5670 (11)
1397 5605 1688 5674 gestumlcceptumcdd.
1746 5605 1796 5670 (11)
1811 5607 1927 5670 passast

267 5667 312 5748 aopi
334 5663 487 5728 ἐξαξόντων
509 5671 618 5722 ἕκαστα.
656 5655 732 5720 οὗτοι
755 5663 786 5720 δέ
806 5665 873 5748 eique
894 5667 1017 5748 epscopus.
1055 5661 1072 5734 ἦ
1121 5671 1169 5734 (11)
1186 5675 1452 5742 quaerespersonam]
1465 5691 1527 5740 quae
1539 5687 1726 5742 responsuram
1739 5671 1773 5722 F:
1790 5673 1924 5738 quodper-

266 5749 333 5802 pnp,·
350 5737 414 5788 Nat.
471 5737 517 5800 (15)
534 5737 602 5788 Idem
633 5737 821 5788 necutiante:
836 5737 881 5786 Αν
898 5753 945 5786 ουν
962 5739 1072 5800 κομίσαι
1121 5751 1261 5790 eonamacr.

269 5793 284 5850 δ
301 5797 415 5872 γεωργός
482 5805 528 5868 (ie)
545 5755 716 5860 ἀλλάξασθαι
731 5801 842 5854 Platonis
856 5803 914 5856 libri
984 5805 1030 5870 (11)
1046 5807 1074 5856 id
