4366 6258
279 361 425 424 illias

278 551 348 590 rem:
374 543 468 602 postea
485 535 597 604 epistula
613 535 683 588 falsa
699 535 741 588 vel
757 533 830 586 inani
847 539 951 602 reperta
969 533 1083 586 creditor

280 601 365 654 maior
389 601 492 670 quidem
515 601 591 656 annis
608 601 696 670 viginti
714 601 831 668 quinque
848 601 880 654 de
896 601 957 654 dolo
974 599 1084 654 habebit

280 667 420 732 actionem,
439 669 524 722 minor
541 673 629 720 autem
645 669 674 720 in
689 667 820 736 integrum
836 667 998 722 restituetur.

314 729 354 790 39
375 733 466 790 Gaios
478 733 545 788 doro
557 735 698 790 ntccudmo
712 735 825 804 septimo
841 735 878 790 ad
890 733 1004 788 edictum
1016 751 1083 802 pro·

279 799 393 878 vinciaie
427 799 460 878 Si·
476 805 503 852 te
520 799 590 854 'litio
614 815 629 854 o
649 799 741 856 tuleris
765 799 854 878 delea
874 815 904 854 re
926 815 1006 880 quam
1029 817 1084 854 non

278 865 553 988 institituit
566 871 861 1000 ”timuisitis
885 865 1083 1000 iiffuffliiii

278 1001 348 1054 malo
366 1005 456 1054 tamen
473 999 618 1054 teneberis:
638 1005 665 1054 et
680 999 719 1054 ita
736 999 834 1056 Sabino
851 1003 947 1072 placet.

314 1065 353 1124 to
372 1067 487 1120 Fusius
500 1067 685 1120 Avrnrrrvos¹
704 1067 774 1120 libro
791 1071 883 1138 primo
908 1069 945 1122 od
967 1067 1083 1122 edictum

278 1135 314 1198 Is,
332 1133 378 1202 qui
395 1133 459 1188 dece
478 1135 499 1186 it
516 1135 637 1204 aliquem,
655 1139 686 1188 ut
701 1135 873 1190 hereditatem
890 1151 944 1190 non
961 1135 1083 1190 idoneam

278 1201 378 1266 adiret,
396 1201 429 1254 de
465 1201 507 1256 olo
525 1203 671 1268 tenebitur,
693 1201 745 1256 nisi
761 1201 877 1258 fortasse
893 1203 951 1270 ipse
969 1203 1083 1258 creditor

278 1273 337 1322 erat
363 1273 389 1324 et
412 1269 486 1322 solus
509 1273 579 1324 erat:
605 1275 669 1324 tunc
692 1271 760 1324 enirn
784 1269 883 1324 sufficit
905 1275 1000 1324 contra
1024 1285 1083 1324 eum

278 1335 331 1390 doli
349 1335 411 1390 mali
429 1337 557 1404 exceptio.

628 1475 714 1538 11112.

328 1575 374 1624 DE
391 1573 579 1626 MINORIBUS
597 1573 730 1626 ricmiri
748 1573 902 1634 cumcun
920 1575 1031 1624 ANNIS.

315 1673 329 1730 l
356 1673 573 1730 divinassent
588 1673 727 1732 andremo
743 1675 780 1730 od
792 1675 907 1730 edictum
940 1675 999 1728 Hoc
1013 1673 1083 1728 edio-

278 1747 333 1796 tum
351 1747 459 1810 praetor
476 1741 623 1796 naturalem
641 1743 800 1814 aequitatem
815 1745 921 1796 secutus
936 1741 1083 1810 proposuit,

278 1827 330 1880 quo
349 1811 459 1864 tutelam
476 1809 606 1864 crinorum
623 1813 747 1882 suscepit.
774 1825 837 1864 nam
847 1809 1083 1864 cuminteromnes

278 1885 383 1932 constet
404 1877 498 1948 fragile
521 1893 579 1934 esse
597 1883 623 1932 et
638 1879 771 1934 infirmum
788 1877 940 1932 huiusmodi
957 1877 1084 1932 aetatium

278 1945 417 2002 consilium
428 1945 551 2002 etmultis
568 1947 735 2018 captionibus
749 1945 923 2014 suppositum,
940 1945 1084 2000 maltorum

277 2013 379 2068 insidiis
397 2015 580 2084 expositumi:
605 2016 731 2070 auxilium
749 2013 786 2068 eis
803 2017 912 2084 praetor
927 2015 980 2068 hoc
997 2013 1083 2068 edicto

278 2083 413 2152 pollicitus
440 2089 480 2138 est
506 2089 534 2138 et
558 2085 685 2140 adversus
713 2083 849 2152 captiones
875 2081 1083 2152 opitulationem.

282 2157 292 2204 ι
329 2151 442 2206 Praetor
464 2151 555 2206 edicit:
578 2153 663 2220 ‘Quod
686 2167 745 2206 cum
768 2149 971 2222 minore'quam
993 2149 1084 2220 viginti

279 2219 405 2290 ‘quinque
423 2221 499 2274 annis
516 2227 582 2274 nato
599 2227 702 2290 gestum
720 2233 777 2274 esse
800 2219 915 2286 dicetur,
939 2219 979 2272 uti
1003 2235 1083 2288 quae·

278 2291 293 2340 2
330 2293 449 2356 ‘queres
468 2289 525 2354 erit,
543 2287 767 2342 animadvertam'.
801 2287 827 2340 A
845 2293 922 2368 paret
939 2287 1083 2342 minoribus

278 2355 465 2426 annisviginti
483 2357 597 2426 quinque
615 2371 675 2410 enm
692 2369 771 2422 opem
786 2371 822 2424 po
853 2355 920 2410 ceri:
944 2371 1006 2410 nam
1022 2358 1085 2424 post

278 2429 294 2478 3
328 2425 380 2478 hoo
397 2431 501 2494 tempus
521 2423 645 2494 compleri
661 2421 762 2476 virilem
776 2425 891 2494 vigorem
907 2427 1020 2480 constat.
1047 2423 1085 2478 Et

277 2493 336 2546 ideo
354 2493 433 2548 hodie
449 2495 478 2546 in
494 2493 564 2548 hanc
581 2507 665 2560 usqne
680 2497 793 2546 aetatem
808 2491 991 2548 adulescentes
1007 2507 1083 2546 cura·

278 2567 367 2614 torum
376 2561 475 2614 auxilio
490 2565 624 2628 reguntur,
640 2575 689 2614 nec
698 2565 761 2614 ante
770 2561 807 2614 rei
818 2575 882 2614 snae
891 2559 1083 2614 administratio

278 2629 315 2682 eis
339 2629 467 2748 ιὶιιιιιιιιι
491 2627 611 2692 debebit,
636 2629 753 2696 quamvis
776 2627 846 2680 bene
867 2643 923 2682 rem
947 2643 1023 2684 suam
1038 2643 1083 2696 ge-

277 2695 347 2750 renti
366 2711 407 2748 us.

312 2761 331 2818 2
356 2761 437 2816 Iona
457 2761 525 2818 libro
548 2779 618 2818 nono
644 2761 744 2818 decimo
768 2763 805 2818 ad
829 2763 912 2836 dapem
935 2763 1035 2818 Iuliam
1059 2767 1085 2818 et

277 2831 394 2902 Papiam
428 2831 486 2886 Nec
501 2845 549 2900 per
565 2831 662 2884 liberos
679 2845 742 2884 snos
760 2847 817 2886 rem
834 2847 910 2886 suam
926 2831 1085 2886 maturiusa

278 2899 445 2954 curatoribus
463 2899 600 2968 recipisti.
629 2899 699 2968 quod
718 2899 787 2954 enim
803 2899 903 2968 legibus
922 2905 1036 2966 cavetur,
1054 2904 1085 2952 ut

278 2967 372 3036 singuli
389 2969 452 3022 anni
468 2983 516 3036 per
533 2969 648 3036 singulos
662 2967 760 3022 liberos
776 2969 969 3030 remittantur⁵‚
987 2969 1022 3022 ad
1035 2969 1083 3022 ho-

277 3053 360 3116 nores,
374 3037 505 3158 pzrtinere
524 3035 597 3090 divus
615 3035 727 3090 Severus
745 3037 795 3100 ait,
815 3053 868 3090 non
886 3037 992 3092 adrem
1010 3051 1085 3092 suam

278 3121 331 3158 recu
352 3121 395 3158 ren
415 3119 465 3158 am.

312 3121 429 3230 ‘alpinam
442 3171 510 3226 libro
527 3171 666 3228 undecimo
684 3173 721 3228 nd
737 3173 852 3228 edictum
877 3173 1000 3242 Denique
1009 3171 1083 3226 divus

278 3241 391 3296 Severus
410 3245 435 3294 et
451 3241 596 3310 imperator
612 3247 704 3296 noster
720 3241 871 3296 huiusmodi
890 3241 1026 3296 consulum
1044 3241 1084 3296 vel

277 3309 428 3378 praesidum
453 3309 560 3364 decreta
582 3309 658 3380 quasi
680 3309 822 3364 ambitiosa
845 3325 903 3364 esse
918 3309 1084 3378 interpretati

279 3383 355 3442 sunt,
379 3377 431 3446 ipsi
455 3383 544 3432 autern
560 3393 669 3448 perraro
693 3379 840 3434 minoribus
864 3395 954 3432 rerum
977 3393 1085 3432 suarum

278 3445 531 3502 administrationem
540 3453 615 3502 extra
625 3447 741 3502 ordinem
749 3445 929 3502 indulserunt:
950 3451 975 3502 et
992 3445 1084 3502 eodem

280 3521 292 3568 1
329 3515 387 3568 iure
404 3515 510 3568 utimur:
547 3515 575 3568 Si
593 3515 652 3596 quis
670 3531 730 3568 cum
746 3515 848 3570 minore
872 3515 1035 3570 contraxerit
1060 3519 1086 3568 et

278 3589 433 3636 contractus
456 3583 579 3636 inciderit
600 3601 628 3636 m
651 3589 754 3652 tempus
777 3599 830 3652 quo
854 3583 939 3636 maior
956 3583 1083 3636 efficitur:

277 3655 367 3704 utrum
382 3649 487 3704 initium
504 3655 655 3718 spectamus
673 3667 708 3704 an
725 3649 823 3704 finem?
842 3655 867 3704 et
883 3651 980 3718 placet,
999 3655 1029 3704 nt
1046 3655 1086 3704 est

278 3723 306 3770 et
329 3719 519 3784 constitutum,
544 3717 566 3772 si
590 3719 650 3788 quis
667 3717 752 3772 maior
768 3719 857 3772 factos
876 3719 1084 3788 comprobaverit,

224 3825 225 3828 ι
277 3785 350 3856 quod
359 3785 444 3840 minor
451 3791 576 3854 gesserat,
593 3787 785 3842 restitutionem
794 3799 908 3842 cessare.
935 3785 1006 3840 unde
1020 3787 1085 3840 illud

276 3869 330 3908 non
356 3853 519 3922 ineleganter
544 3853 635 3910 Oelsus
659 3855 832 3924 epistularum
853 3853 921 3910 libro
946 3853 1084 3910 undecimo

277 3927 305 3978 et
321 3921 483 3994 digestorum
500 3923 616 3978 secundo
633 3929 740 3988 tractat,
759 3923 879 3978 erfasto
895 3923 1017 3978 aFlavio
1031 3925 1084 3978 Re-

276 3997 370 4062 specto
386 3997 511 4062 praetore
529 3991 675 4048 consultus.
702 3993 789 4048 minor
806 3991 882 4052 annis
900 3991 992 4060 viginti
1008 3993 1083 4060 quin-

277 4077 336 4132 que,
356 4077 440 4116 annos
456 4061 526 4116 forte
542 4061 633 4132 viginti
650 4067 776 4132 quattuor
793 4075 882 4130 ageos,
899 4061 1024 4114 indicium
1042 4067 1084 4116 tn-

276 4129 347 4186 telae
363 4129 454 4186 heredi
471 4129 567 4184 tutoris
586 4127 746 4186 dictaverat:
771 4147 834 4184 mox
855 4129 957 4184 factum
974 4133 1005 4184 ut
1022 4135 1085 4192 tnon

276 4197 352 4252 finito
376 4197 481 4252 iudicio·
497 4197 550 4252 iam
573 4213 604 4252 eo
628 4199 727 4252 maiore
749 4199 843 4252 effecto
860 4197 952 4264 viginti
969 4197 1085 4278 quinque

278 4267 365 4324 annisi
383 4267 480 4320 tutoris
496 4267 573 4320 heres
597 4267 737 4322 absolutus
760 4271 967 4336 proponeretur:
992 4267 1021 4320 in
1043 4283 1083 4318 rn-

276 4341 379 4402 tegrum
405 4333 537 4388 restitutio
564 4333 772 4390 desiderabatur.
809 4333 901 4388 Celsos
926 4333 1006 4414 igitur
1030 4333 1083 4390 Re·

277 4407 369 4472 specto
393 4403 478 4458 suasit
500 4417 555 4456 non
576 4401 657 4458 facile
672 4405 744 4458 huno
762 4401 896 4474 quondam
912 4417 1041 4456 minorem
1058 4401 1084 4456 in

276 4473 408 4540 integrum
424 4471 536 4536 restitui,
554 4471 601 4526 sed
617 4471 641 4524 si
658 4471 681 4526 ei
698 4471 858 4540 probaretur
875 4469 1021 4524 calliditate
1037 4471 1084 4524 ad·

277 4539 387 4594 versarii
409 4539 437 4592 id
459 4545 562 4604 actum,
586 4543 616 4594 ut
638 4539 738 4594 maiore
761 4555 792 4594 eo
815 4537 888 4594 facto
911 4537 1083 4592 liberaretur:

278 4623 364 4678 neque
381 4609 450 4662 enim
468 4611 592 4672 exhemo,
610 4605 704 4676 inquit,
721 4607 811 4660 iudicii
827 4605 868 4660 die
882 4605 987 4660 videtur
1000 4605 1084 4660 solum

278 4675 405 4744 deceptos
430 4675 475 4730 hic
500 4675 600 4738 minor,
626 4673 673 4728 sed
697 4679 782 4728 toturn
806 4675 859 4730 hoc
885 4679 1029 4740 structum,
1054 4679 1086 4728 ut

277 4743 378 4796 maiore
395 4759 426 4798 eo
444 4743 517 4798 facto
535 4743 701 4796 liberaretur.
728 4741 798 4796 idem
821 4747 910 4796 tamen
934 4741 1083 4808 confitetur,

278 4809 302 4864 si
323 4809 406 4866 levior
428 4811 463 4864 sit
480 4811 596 4880 suspicio
614 4809 758 4864 adversarii
775 4809 852 4878 quasi
869 4811 962 4866 dolose
977 4811 1083 4874 versati,

277 4881 294 4932 2
328 4893 382 4930 non
400 4877 496 4934 debere
512 4879 585 4934 hune
600 4877 629 4932 in
643 4879 773 4956 integrum
788 4877 900 4932 restitui.
929 4877 990 4932 Scio
1007 4879 1084 4932 etiarn

276 4945 344 5000 illud
361 4945 504 5014 aliquando
518 4945 651 5000 incidisse.
674 4961 759 4998 minor
773 4945 863 5014 viginti
879 4945 994 5014 quinque
1008 4945 1084 4998 annis

277 5013 422 5068 miscuerat
446 5029 475 5068 se
520 5017 627 5068 eternae
652 5011 795 5068 hereditati
826 5011 963 5082 maiorque
995 5011 1083 5066 factus

278 5085 402 5150 exegerat
419 5029 519 5150 aliquid
536 5097 552 5134 a
569 5079 733 5134 debitoribus
751 5079 883 5148 paternis,
902 5095 965 5134 mox
982 5079 1083 5134 deside-

276 5149 357 5204 rabat
372 5149 476 5204 restitui
493 5149 522 5200 in
538 5149 682 5216 integrum,
701 5165 753 5216 quo
770 5149 855 5218 magis
872 5149 1020 5202 abstineret
1055 5165 1083 5202 a·

276 5223 354 5270 terna
362 5215 522 5272 hereditate:
541 5215 775 5270 contradicebatur
788 5215 819 5280 ei,
839 5215 915 5284 quasi
929 5215 1014 5270 maior
1026 5165 1083 5270 fdc-

277 5287 321 5336 tus
338 5283 552 5352 comprobasset,
576 5283 648 5350 qnod
664 5283 758 5338 minori
776 5283 827 5338 sibi
843 5283 957 5350 placuit:
980 5283 1083 5352 putavi·

278 5365 336 5404 mus
353 5355 443 5404 amen
460 5351 653 5404 restituendum
668 5351 697 5404 in
713 5351 846 5418 integrum
861 5349 936 5406 initio
954 5353 1082 5430 inspecto.

278 5423 294 5472 3
327 5417 396 5472 idern
414 5425 495 5486 puto,
518 5425 546 5476 et
563 5419 585 5472 si
602 5419 716 5472 alienmn
733 5419 798 5472 adiit
815 5419 996 5474 hereditatem.
1031 5419 1083 5472 M:-

278 5595 308 5656 (i)
326 5589 418 5652 sicF',
428 5591 560 5642 anthiinus
568 5589 609 5642 12²
986 5649 987 5652 Ἴ

313 5661 345 5722 (a)
362 5659 772 5712 Ea.1...:.s...r.r...1s.1s...raas
790 5669 884 5722 aaut:
900 5659 965 5726 Pap.
976 5671 997 5714 s.
1007 5671 1040 5712 ιι.
1050 5671 1084 5712 ιι.

278 5737 367 5778 rotas.
375 5725 698 5792 ro...rs;App.ss.so;Sat.
706 5727 1086 5788 r.ro...ir.te.——Bas.1o‚t.-

281 5793 318 5860 Cf
332 5795 389 5846 θοι.
401 5797 423 5858 i,
434 5805 460 5848 ιι
503 5797 534 5858 (3)
552 5791 686 5844 multorum
695 5795 742 5846 ins.
754 5811 809 5862 erp.
821 5797 867 5848 det
910 5797 943 5862 (ι)
960 5797 1087 5862 recipiant

1087 345 1129 418 56

1695 361 1742 406 DE
1761 359 1940 412 MINORIBUS

1134 547 1225 586 norem
1249 539 1338 586 autern
1360 531 1451 598 viginti
1475 529 1590 598 quinque
1613 527 1689 580 annis
1712 533 1778 582 natu
1795 525 1940 594 videndum,

1134 615 1169 652 an
1187 601 1266 654 edam
1283 601 1344 654 diei
1361 597 1459 652 ιιιιιιι
1478 595 1518 648 sui
1536 595 1624 648 adhuc
1642 593 1752 652 dicimus
1771 599 1835 650 ante
1850 595 1940 652 horam

1134 681 1188 734 qua
1204 673 1283 720 natus
1302 671 1358 730 est,
1381 671 1412 718 ut
1429 665 1452 718 si
1470 667 1565 730 captus
1583 661 1618 716 sit
1633 661 1809 718 restituatur?
1833 669 1860 718 et
1882 679 1940 720 cunr

1133 733 1251 790 nondum
1262 733 1438 802 compleverit,
1452 733 1491 784 ita
1505 731 1556 784 erit
1570 729 1717 796 dicendum,
1733 737 1765 786 ut
1779 747 1796 784 a
1810 737 1940 788 momento

1133 801 1162 854 in
1178 805 1339 856 momentum
1355 805 1461 868 tempus
1486 803 1629 864 spectetur.
1655 799 1767 868 proinde
1792 805 1818 854 et
1841 801 1864 856 si
1887 799 1938 854 bis·

1134 873 1210 922 sexto
1228 873 1308 922 natus
1327 875 1380 932 est,
1404 865 1459 920 sive
1483 865 1570 934 priore
1588 865 1642 920 sive
1655 867 1807 986 1posteriore
1824 867 1866 922 die
1885 865 1940 920 Oel-

1134 937 1199 988 sus⁷
1216 933 1323 1004 scripsit
1339 933 1405 988 nihil
1421 931 1533 988 referre:
1559 949 1622 988 nam
1643 933 1653 988 i
1694 933 1804 988 biduum
1821 951 1870 1004 pro
1889 951 1940 990 uno

1134 999 1176 1058 die
1193 1001 1308 1056 habetur
1326 1007 1352 1056 et
1369 1001 1500 1070 posterior
1518 1001 1574 1054 dies
1592 1001 1785 1056 ιιιιιιιιιιιιιι8
1801 1003 1940 1058 intercala-

1134 1073 1151 1122 4
1184 1075 1236 1124 tur.
1272 1067 1324 1124 Sed
1332 1073 1422 1122 utrum
1431 1069 1494 1124 solis
1503 1069 1623 1138 patribus
1637 1069 1798 1126 famiharum
1813 1087 1848 1126 an
1865 1069 1941 1126 etiam

1133 1135 1213 1192 ιιιιιι9
1229 1135 1389 1190 familiarum
1406 1135 1527 1192 succurri
1545 1135 1654 1200 debeat,
1678 1137 1829 1192 videndum.
1856 1147 1941 1192 movet

1135 1203 1334 1270 dubitationem,
1355 1203 1434 1274 quod,
1454 1205 1478 1258 si
1493 1205 1552 1274 quis
1567 1205 1662 1258 dixerit
1684 1205 1763 1260 etiam
1785 1205 1846 1260 filiis
1865 1205 1940 1258 fami·

1133 1271 1230 1326 liarmn
1246 1273 1275 1324 in
1291 1287 1321 1326 re
1337 1271 1467 1352 pecudiari
1484 1273 1704 1338 subveniendum,
1724 1273 1830 1338 efficiet,
1847 1279 1878 1326 ut
1895 1289 1941 1340 per

1135 1353 1180 1392 eos
1199 1339 1278 1394 etiam
1295 1339 1440 1394 maioribus
1458 1339 1638 1406 subveniatur,
1655 1339 1683 1394 id
1700 1345 1741 1394 est
1757 1341 1880 1408 patribus
1899 1355 1940 1394 eo·

1134 1423 1206 1458 rum:
1222 1407 1293 1474 quod
1301 1423 1470 1476 nequaquam
1478 1407 1530 1462 fuit
1538 1407 1654 1476 praetori
1668 1409 1850 1476 propositum:
1865 1423 1941 1474 prae-

1133 1477 1177 1528 tor
1187 1473 1256 1526 enim
1271 1473 1417 1528 minoribus
1433 1477 1560 1528 aumliurn
1574 1475 1702 1546 promisit,
1721 1491 1775 1528 non
1790 1475 1939 1530 maioribus.

1134 1557 1182 1610 ego
1200 1543 1287 1594 autem
1304 1541 1467 1596 verissimam
1484 1543 1599 1598 arbitror
1615 1543 1773 1598 sententiam
1790 1543 1940 1596 existiman-

1134 1609 1215 1674 tium,
1238 1607 1452 1664 filiumfamilias
1471 1611 1599 1666 minorem
1616 1611 1692 1666 annis
1709 1611 1737 1666 in
1753 1609 1884 1690 integrius
1901 1627 1941 1666 re-

1135 1675 1209 1730 stitui
1230 1691 1310 1756 posse
1327 1689 1361 1728 ex
1376 1675 1419 1730 his
1436 1677 1500 1732 solis
1518 1679 1606 1732 causis
1624 1693 1693 1746 quae
1708 1677 1794 1746 ipsius
1811 1677 1941 1744 rutersint

1134 1747 1201 1810 puta
1218 1743 1293 1798 s1sit
1310 1741 1449 1812 obligatus.
1476 1743 1589 1812 proinde
1607 1745 1629 1798 si
1646 1745 1719 1798 iussn
1737 1743 1822 1812 patris
1841 1743 1939 1810 obliga·

1134 1817 1177 1864 tus
1201 1811 1249 1876 sit,
1274 1813 1352 1880 pater
1376 1809 1468 1880 utique
1492 1813 1590 1880 poterit
1612 1813 1641 1864 in
1665 1811 1778 1866 solidum
1795 1813 1940 1870 conveniri:

1133 1879 1203 1932 filius
1228 1883 1317 1934 autem
1334 1893 1395 1932 cum
1414 1885 1441 1934 et
1457 1883 1515 1948 ipse
1532 1879 1618 1948 possit
1635 1879 1675 1934 vel
1691 1879 1719 1932 in
1736 1883 1870 1948 potestate
1887 1895 1941 1936 ma·

1134 1961 1200 2002 nens
1223 1945 1371 2014 conveniri,
1397 1947 1438 2002 vel
1461 1947 1541 2002 etiam
1564 1947 1746 2016 emancipatos
1769 1947 1811 2002 vel
1835 1947 1941 2002 exhere-

1135 2017 1212 2068 datus
1222 2017 1244 2048 ¹⁰
1260 2015 1288 2068 in
1305 2013 1333 2068 id
1351 2015 1422 2084 quod
1439 2013 1530 2070 iacere
1546 2021 1648 2084 potest,
1673 2021 1699 2068 et
1722 2013 1828 2084 quidem
1850 2013 1878 2068 in
1895 2033 1941 2084 po-

1133 2087 1232 2138 testate
1249 2097 1359 2138 manens
1378 2083 1455 2138 etiam
1472 2083 1554 2138 invito
1572 2089 1649 2152 patre
1667 2099 1699 2138 ex
1723 2083 1942 2140 condemnatione

1136 2151 1282 2206 conveniri:
1308 2151 1435 2206 auxilium
1451 2151 1594 2222 impetrare
1611 2151 1730 2216 debebit,
1754 2149 1777 2206 si
1799 2151 1857 2218 ipse
1880 2167 1941 2206 con-

1133 2221 1264 2276 veniatur.
1290 2219 1337 2274 sed
1355 2235 1390 2274 an
1406 2221 1459 2274 hoo
1478 2221 1605 2274 auxilium
1628 2219 1698 2288 patri
1722 2233 1827 2288 quoque
1850 2221 1941 2288 prosit,

1134 2293 1166 2342 ut
1181 2287 1248 2344 solet
1262 2287 1395 2342 interdum
1409 2287 1557 2342 fideiussori
1571 2287 1628 2342 eius
1642 2287 1779 2356 prodesse,
1793 2285 1941 2344 videamus:

1135 2361 1163 2410 et
1179 2371 1233 2410 non
1250 2361 1316 2424 puto
1333 2355 1511 2436 profuturum.
1539 2353 1562 2410 si
1577 2353 1658 2424 igitur
1673 2353 1743 2410 iilius
1762 2353 1941 2420 conveniatur,

1154 2425 1252 2480 ostulet
1261 2423 1401 2478 anxihum:
1418 2425 1442 2478 si
1455 2429 1559 2494 patrem
1574 2421 1714 2476 conveniat
1728 2421 1852 2488 creditor,
1868 2425 1942 2478 auxi·

1134 2443 1199 2546 idum
1217 2499 1317 2548 cessat:
1337 2497 1449 2562 excepta
1466 2491 1688 2546 mutui‘datione:
1707 2491 1735 2542 in
1752 2491 1823 2546 hanc
1838 2491 1905 2552 enirn
1922 2495 1941 2548 si

1134 2561 1209 2614 iussu
1226 2561 1310 2630 patris
1328 2565 1448 2614 mutuam
1466 2559 1606 2628 pecuniam
1624 2557 1744 2626 accepit,
1762 2575 1818 2614 non
1835 2557 1941 2614 adiuva-

1135 2633 1187 2680 tur.
1212 2627 1324 2698 proinde
1342 2633 1369 2680 et
1385 2629 1408 2682 si
1427 2627 1484 2682 sine
1499 2629 1575 2682 iussu
1591 2627 1675 2696 patris
1691 2627 1826 2680 contraxit
1840 2629 1866 2680 et
1881 2643 1941 2698 cap·

1135 2701 1178 2752 tus
1194 2701 1242 2760 est,
1258 2695 1280 2752 si
1295 2695 1401 2764 quidem
1436 2701 1494 2752 ater
1508 2695 1542 2750 de
1575 2695 1659 2750 eculio
1677 2695 1857 2760 conveniatur,
1875 2695 1942 2752 filius

1135 2781 1190 2818 non
1208 2763 1258 2818 erit
1274 2763 1403 2818 restitnen
1424 2779 1470 2818 us:
1496 2763 1518 2818 si
1572 2763 1611 2818 'us
1636 2763 1823 2830 conveniatur,
1847 2765 1943 2830 poterit

1135 2833 1246 2888 restitui.
1273 2847 1323 2888 nec
1339 2849 1370 2888 eo
1385 2847 1528 2896 moremur,
1545 2833 1621 2901 quasi
1636 2831 1740 2886 intersit
1754 2831 1941 2900 filiipeculium

1135 2899 1249 2956 habere:
1272 2899 1356 2970 magis
1374 2899 1444 2956 enim
1460 2899 1545 2972 patris
1563 2917 1643 2968 quam
1665 2899 1712 2954 filii
1733 2901 1859 2966 interest,
1884 2901 1942 2956 licet

1136 2971 1224 3040 aliquo
1244 2985 1308 3024 casu
1325 2971 1360 3022 ad
1377 2969 1460 3022 filium
1483 2969 1616 3038 peculium
1639 2971 1754 3038 spectet:
1780 2973 1899 3040 utputa
1922 2973 1942 3026 si

1136 3037 1221 3106 patris
1244 3037 1299 3092 eius
1322 3037 1395 3092 bona
1418 3053 1434 3090 a
1457 3035 1522 3092 fisco
1547 3041 1656 3106 propter
1678 3037 1796 3092 debitum
1813 3045 1943 3106 occupata

1136 3111 1213 3160 sunt:
1233 3121 1295 3160 nam
1312 3105 1446 3174 peculium
1464 3103 1517 3160 ιι11
1536 3121 1569 3158 ex
1587 3105 1776 3160 constitutione
1786 3103 1888 3160 Claudii
1903 3121 1941 3160 se-

1136 3179 1151 3226 s
1186 3179 1305 3244 paratur.
1340 3175 1413 3244 Ergo
1432 3173 1511 3228 etiam
1527 3173 1610 3228 tiliam
1625 3173 1739 3228 familias
1756 3173 1785 3226 in
1802 3173 1864 3228 dote
1882 3191 1941 3244 cap·

1135 3247 1199 3310 tam,
1218 3243 1281 3298 dum
1297 3241 1368 3312 patri
1385 3243 1518 3298 consentit
1532 3241 1670 3310 stipulanti
1684 3241 1773 3298 dotem
1787 3259 1843 3298 non
1857 3245 1942 3298 statim

1136 3327 1215 3382 quam
1240 3311 1324 3376 dedit,
1347 3311 1388 3366 vel
1406 3311 1542 3366 adhibenti
1559 3311 1673 3382 aliquem
1690 3311 1735 3382 qui
1754 3311 1843 3366 dotem
1860 3313 1941 3380 stipu-

1136 3381 1244 3446 laretur,
1262 3385 1326 3450 puto
1344 3379 1549 3446 restituendam,
1568 3379 1692 3450 qnoniam
1710 3379 1757 3436 dos
1775 3379 1859 3460 ipsius
1876 3379 1943 3434 filiae

1137 3453 1152 3504 6
1187 3449 1323 3520 proprium
1340 3449 1528 3518 patrimonium
1546 3455 1593 3504 est.
1629 3447 1734 3520 Siquis
1751 3463 1839 3502 mmor
1855 3449 1943 3518 viginti

1137 3517 1253 3586 quinque
1270 3517 1346 3570 annis
1364 3517 1546 3586 adrogantium
1564 3533 1593 3572 se
1610 3517 1683 3572 dedit
1700 3525 1727 3572 et
1744 3517 1773 3570 in
1790 3517 1850 3586 ipsa
1867 3517 1941 3572 adro·

1135 3585 1242 3652 godone
1265 3601 1294 3640 se
1318 3585 1526 3640 circumventum
1550 3585 1622 3640 dicat
1647 3583 1725 3654 (linge
1748 3585 1819 3640 enim
1836 3601 1852 3640 a
1868 3601 1941 3654 prae·

1136 3653 1206 3706 done
1223 3669 1283 3706 eum
1301 3651 1432 3706 hominem
1448 3652 1607 3720 locupletem
1624 3653 1806 3722 adrogatum):
1825 3653 1883 3708 dico
1899 3653 1941 3706 de-

1137 3725 1149 3774 t
1187 3721 1250 3776 bere
1267 3735 1326 3776 eum
1343 3721 1429 3776 audiri
1445 3721 1473 3774 in
1490 3721 1622 3802 integrum
1640 3735 1669 3776 se
1690 3721 1882 3776 restituentem.
1918 3721 1942 3774 si

1136 3787 1200 3860 quid
1216 3787 1311 3844 minori
1327 3787 1409 3844 fuerit
1425 3787 1481 3842 filio
1498 3787 1612 3844 familias
1630 3789 1745 3860 legatum
1759 3793 1821 3860 post
1836 3793 1941 3844 mortem

1135 3857 1219 3980 gattis
1229 3857 1271 3912 vel
1279 3855 1513 3912 fideicommissum
1521 3859 1643 3914 relictum
1659 3863 1686 3912 et
1701 3863 1796 3928 captus
1811 3863 1860 3926 est,
1876 3859 1943 3912 forte

1154 3943 1200 3980 um
1217 3925 1350 3982 consentit
1364 3927 1434 3996 patri
1448 3927 1602 3996 paciscenti,
1619 3941 1653 3982 ne
1667 3927 1784 3996 legatum
1797 3931 1941 3996 peteretur:

1135 3999 1225 4064 potest
1242 3993 1294 4048 dici
1310 3995 1338 4048 in
1355 3995 1487 4066 integrum
1503 3995 1704 4062 restituendum,
1722 3997 1848 4066 quoniam
1861 3995 1941 4066 ipsius

1135 4065 1246 4118 interest
1262 4069 1373 4132 propter
1395 4079 1470 4132 spem
1491 4063 1585 4132 legati,
1609 4063 1680 4134 qnod
1703 4063 1728 4120 ei
1749 4069 1813 4134 post
1835 4069 1942 4120 mortem

1135 4133 1218 4202 patris
1238 4131 1371 4200 competit.
1398 4133 1445 4186 sed
1463 4133 1527 4188 etsi
1542 4133 1566 4186 ιι
1580 4133 1694 4202 legatum
1710 4133 1745 4186 sit
1759 4133 1859 4202 aliquid
1874 4129 1941 4200 quod

1135 4215 1266 4270 personae
1283 4201 1338 4256 eius
1358 4201 1496 4266 cohaeret,
1514 4207 1581 4270 puta
1597 4201 1639 4254 ins
1657 4201 1781 4268 mihtiae,
1806 4201 1941 4256 dicendum

1136 4273 1176 4324 est
1193 4285 1273 4338 posse
1296 4285 1356 4322 cum
1378 4269 1484 4322 restitui
1506 4267 1535 4322 in
1556 4269 1701 4336 integrum:
1729 4267 1851 4324 interfuit
1877 4267 1938 4322 enin

1136 4337 1191 4392 eius
1209 4353 1263 4390 non
1281 4337 1355 4406 capi,
1380 4351 1441 4390 cum
1464 4335 1535 4390 hano
1551 4337 1623 4404 patri
1639 4351 1693 4390 non
1710 4335 1875 4406 adquireret,
1900 4351 1941 4390 sei.

1130 4409 1150 4460 a
1184 4405 1194 4460 i
1213 4405 1370 4460 sehaberet.
1396 4405 1434 4456 Et
1451 4405 1474 4458 si
1491 4405 1567 4460 heres
1585 4405 1620 4460 sit
1635 4405 1782 4470 institutus,
1800 4405 1824 4458 si
1838 4419 1855 4458 a
1869 4411 1941 4474 patre

1134 4473 1163 4526 in
1208 4473 1273 4526 ebus
1292 4477 1398 4526 centum
1418 4471 1452 4526 sit
1471 4473 1668 4540 emancipatus:
1693 4489 1755 4528 mox
1779 4477 1884 4542 patrem
1901 4471 1941 4526 de

1136 4541 1224 4596 buerit
1247 4539 1389 4594 certiorare
1412 4555 1462 4594 nec
1486 4541 1579 4596 fecerit
1603 4557 1663 4594 curn
1685 4547 1791 4610 posset:
1819 4541 1863 4620 qui
1887 4553 1941 4594 eum

1136 4607 1344 4678 emancipasset,
1372 4609 1392 4662 si
1418 4611 1599 4678 cognovisset:
1627 4609 1768 4664 dicendum
1793 4615 1844 4662 ent
1868 4619 1942 4676 posse

1136 4693 1197 4732 enm
1211 4675 1316 4730 restitui
1333 4675 1361 4730 in
1378 4677 1511 4744 integrum
1528 4681 1623 4744 parato
1647 4681 1724 4744 patre
1747 4691 1807 4732 eum
1832 4675 1941 4730 emanci-

1135 4747 1151 4798 9
1187 4759 1260 4814 pare.
1285 4743 1449 4812 Pomponius
1478 4743 1558 4798 adicit
1575 4759 1608 4798 ex
1625 4745 1666 4798 his
1684 4743 1781 4810 causis
1799 4743 1942 4812 exquibus

1135 4813 1164 4864 in
1186 4827 1218 4880 re
1238 4813 1367 4882 peculiari
1389 4811 1572 4866 filiifamilias
1597 4813 1788 4876 restituuntor,
1814 4825 1895 4880 posse
1919 4813 1941 4864 et

1136 4885 1240 4948 patrem
1257 4879 1333 4948 quasi
1351 4879 1476 4934 heredem
1492 4879 1599 4936 nomine
1615 4879 1663 4934 filii
1680 4883 1743 4948 post
1765 4879 1866 4934 obitum
1891 4879 1942 4934 eius

1138 4951 1169 5002 10
1202 4947 1347 5016 impetrare
1370 4947 1555 5016 cognitionem.
1592 4945 1620 5000 Si
1637 4953 1726 5002 autem
1743 4945 1941 5002 filiusfamilias

1137 5015 1185 5080 sit,
1203 5015 1250 5082 qui
1267 5019 1404 5068 casnense
1421 5015 1555 5082 peculium
1571 5013 1684 5078 habeat,
1703 5013 1797 5082 procul
1815 5013 1896 5068 dubio
1913 5025 1941 5068 er

1135 5081 1191 5148 bis,
1216 5095 1285 5150 quae
1308 5083 1343 5136 ad
1361 5087 1498 5136 castrense
1514 5083 1648 5152 peculium
1666 5087 1803 5150 spectant,
1827 5081 1856 5136 in
1879 5081 1941 5136 inte·

1135 5167 1211 5218 grum
1232 5149 1413 5206 restituendus
1438 5149 1489 5206 erit
1505 5149 1582 5218 quasi
1604 5149 1632 5202 in
1655 5149 1764 5218 pmprio
1787 5149 1941 5218 patrimonio

1139 5221 1166 5272 ιι
1204 5221 1308 5286 captus.
1343 5217 1440 5272 Servus
1459 5223 1548 5272 antem
1565 5215 1651 5270 minor
1667 5215 1743 5272 annis
1760 5217 1852 5286 vigimi
1870 5219 1940 5288 quin-

1136 5299 1188 5354 que
1203 5285 1276 5340 nullo
1295 5285 1374 5340 modo
1392 5285 1497 5340 restitui
1508 5285 1616 5406 {cteris
1634 5285 1760 5354 quoniam
1774 5285 1873 5338 domini
1886 5301 1940 5362 per3

1136 5367 1203 5406 sona
1216 5357 1362 5422 spectatur,
1380 5353 1427 5422 qui
1445 5353 1496 5408 sibi
1530 5353 1619 5408 ebebit
1631 5353 1772 5475 imputare,
1790 5369 1839 5408 cur
1853 5353 1940 5410 minen

1135 5437 1191 5476 rem
1206 5421 1344 5476 commisit.
1370 5437 1450 5492 quare
1461 5423 1520 5476 etsi
1533 5437 1582 5490 per
1596 5421 1669 5490 impu
1689 5437 1758 5476 mern
1775 5425 1941 5486 contraxerit,

1138 5593 1195 5644 dett.
1231 5593 1262 5656 (5)
1279 5593 1354 5660 riori,
1365 5593 1796 5660 domitanturF¹,permitanturF²
1832 5593 1864 5660 (6)
1882 5595 1940 5646 diem

1137 5659 1182 5714 ιε
1261 5663 1293 5726 (ι)
1315 5661 1467 5730 detsusth.
1478 5665 1520 5726 to,
1530 5673 1563 5724 ιι,
1574 5673 1602 5716 ιι
1681 5665 1714 5728 (ιι
1733 5661 1941 5716 arridentem:

1138 5731 1184 5782 det
1195 5739 1292 5782 unirer.
1307 5731 1433 5794 posterior
1440 5731 1494 5782 dies
1502 5729 1608 5782 bissexti
1618 5731 1782 5782 kalendarum
1829 5731 1861 5798 (ι)
1880 5731 1941 5784 filius

1137 5797 1164 5848 F
1208 5799 1251 5862 (io)
1269 5797 1488 5852 velheredstusF
1534 5801 1574 5866 (11)
1594 5799 1616 5850 ιι
1623 5797 1664 5852 1⁴⁷²
1674 5801 1766 5866 cumB,
1775 5799 1834 5854 ets
1839 5801 1855 5866 ¹,
1865 5799 1942 5854 eiusS
