4366 6258
222 373 223 376 ’
259 361 420 430 :nooman
440 345 591 428 assutas
759 381 760 384 ¹
794 309 795 314 ἵ
1037 351 1100 424 tlt
1409 375 1410 378 ¹
1683 349 1837 414 XXXVII
1864 357 1898 414 11

261 547 330 608 licio,
347 547 453 610 praetor
470 549 558 598 tamen
575 543 673 608 filium,
689 541 735 612 qui
752 543 887 598 admiserit
905 541 1050 598 secundum
1073 553 1077 616 p
1100 537 1163 592 dum
1185 539 1308 592 tabulasi
1331 539 1461 594 bonorum
1483 535 1677 606 possessionem
1698 547 1759 614 eum
1777 535 1902 612 ‚accipere

261 613 358 674 tabulae,
375 613 444 664 tueri
461 613 567 664 debebit
583 627 615 664 ac
633 613 656 664 11
668 615 761 664 contra
778 613 884 664 tabulas
902 611 1048 678 acceperit:
1100 607 1219 658 lulianus
1237 607 1337 660 scribit.
1366 607 1413 660 sed
1430 613 1457 660 et
1474 607 1497 660 si
1514 607 1537 660 is
1555 603 1643 670 fuerit,
1661 617 1707 672 qur
1724 599 1758 654 ab
1775 603 1902 680 intestato

261 699 317 754 quoe
337 679 411 732 tuitio
436 679 460 732 ai
482 679 527 748 qui
555 679 738 748 emancipatus
762 685 803 732 est
828 679 977 734 necessaria
999 681 1047 730 est
1099 673 1230 728 bonorum
1242 689 1381 742 possessor
1390 673 1496 730 1111111
1508 679 1585 738 esset,
1603 671 1731 728 tuendum
1745 683 1803 724 esse
1817 685 1901 736 scrip·

261 761 273 810 t
300 751 348 806 Pro
365 763 416 814 qua
433 747 543 814 quisque
560 751 636 816 parte
654 749 731 802 heres
749 747 865 814 scriptus
882 751 931 810 est,
949 763 998 814 pro
1018 759 1049 798 ea
1101 747 1113 794 1
1151 741 1193 806 sit,
1211 747 1239 796 et
1255 743 1307 796 boc
1323 741 1381 796 iure
1397 745 1503 796 utimur.
1535 742 1691 808 Videndum,
1709 753 1745 792 an
1760 737 1848 806 legata
1866 737 1901 792 ab

260 817 356 888 accipiet
371 817 500 868 bonorum
511 815 712 882 possessionem,
731 815 771 866 sic
783 821 880 878 tamen,
898 819 936 880 ut,
955 815 978 868 si
995 829 1049 868 non
1100 809 1138 862 eis
1157 807 1311 864 debeantur.
1338 813 1371 886 et¹
1382 809 1452 864 filius
1469 811 1575 878 quidem
1592 811 1668 880 quasi
1685 811 1779 862 contra
1796 805 1902 886 tabulas

261 889 288 946 sit
302 883 381 956 quisi
398 887 552 948 concurrat,
575 883 673 934 babeat
694 881 766 934 solus
791 881 921 934 bonorum
943 895 1047 948 posses·
1100 877 1231 930 bonorum
1256 891 1424 946 possessione
1448 883 1560 946 accepta
1585 895 1641 934 rem
1667 877 1764 932 babere
1790 875 1901 940 videtur,

260 957 357 1012 donem:
376 949 501 1018 quamdiu
517 955 606 1004 tamen
624 965 657 1002 ex
671 949 814 1002 heredibus
827 965 897 1002 uuus
911 949 1047 1014 deliberat,
1100 943 1181 998 ceteri
1202 961 1264 998 sero
1286 943 1364 1012 quasi
1384 943 1418 998 ab
1439 943 1578 1000 intestato:
1601 953 1627 1000 et
1647 947 1705 1002 ideo
1723 945 1793 1000 iilius
1810 945 1902 1000 liberis

261 1029 334 1078 ntum
346 1017 466 1072 admittat
479 1017 609 1072 bonorum
624 1017 819 1096 possessionem
833 1033 869 1072 aa
882 1031 944 1080 non,
953 1017 1046 1138 lprodo
1098 1011 1307 1092 pareatibusque
1328 1011 1415 1078 legata
1435 1011 1612 1094 relicta‘solis
1630 1021 1767 1082 praestare
1785 1019 1902 1082 cogetur,

261 1093 373 1146 bonorum
395 1085 589 1152 possessionis¹
616 1099 673 1138 erus
697 1085 822 1138 coheredi
842 1101 897 1140 non
920 1083 951 1140 de
964 1089 1046 1138 ertur.
1100 1085 1195 1134 ceteris
1219 1081 1298 1132 noni.
1333 1081 1412 1148 plane
1435 1093 1471 1142 er,
1501 1095 1545 1132 cur
1565 1081 1599 1136 ab
1621 1081 1746 1138 intestato
1768 1083 1902 1138 fideicom-

261 1165 272 1212 t
300 1157 325 1210 Si
343 1153 445 1208 Primus
468 1151 590 1222 quidem²
613 1153 651 1206 ita
672 1153 834 1208 substitutus
856 1153 903 1218 sit,
931 1153 953 1208 si
976 1151 1047 1206 intra
1099 1147 1209 1202 missum
1226 1147 1348 1202 relictum
1364 1153 1416 1214 est,
1436 1147 1486 1202 erit
1502 1151 1703 1216 praestandum,
1722 1153 1799 1222 quasi
1815 1153 1902 1206 videa-

261 1227 343 1288 decem,
361 1220 505 1288 Secundus,
523 1221 546 1276 si
563 1225 625 1290 post
641 1219 734 1276 decem
750 1219 822 1276 intra
835 1219 1047 1288 quattuordecim
1099 1225 1144 1270 tur
1166 1217 1218 1270 boc
1239 1215 1299 1284 ipso
1320 1215 1472 1284 fraudatus,
1495 1217 1566 1284 quod
1586 1233 1619 1272 ex
1640 1223 1798 1276 testamento
1818 1219 1903 1292 petita

260 1293 357 1350 annos³r
384 1289 406 1344 si
429 1289 533 1356 quidem
556 1289 626 1342 intra
647 1287 738 1342 decem
761 1289 918 1354 decesserit,
940 1287 1046 1342 Primus
1098 1285 1134 1340 sit
1151 1285 1281 1340 bonorum
1299 1285 1441 1354 possessio.

260 1361 320 1420 solus
338 1357 412 1412 heres
435 1357 485 1410 erit
506 1363 533 1410 et
554 1357 668 1426 accipiet
688 1357 819 1412 bonorum
842 1357 1046 1424 possessionem,
1133 1351 1250 1410 61111
1264 1353 1332 1408 libro
1346 1359 1438 1408 octauo
1451 1351 1662 1422 disputationum
1686 1357 1722 1408 Hi
1736 1357 1838 1412 demum
1853 1359 1902 1412 snb

260 1429 349 1486 sivero
371 1429 432 1494 post
455 1425 545 1480 decem
566 1425 637 1480 iutra
660 1423 886 1492 quattuordecim,
909 1425 1047 1480 Secundus
1099 1421 1254 1478 condmione
1276 1421 1387 1476 heredes
1412 1419 1529 1474 instituti
1556 1419 1686 1476 bonorum
1707 1427 1902 1492 possessionem

260 1495 320 1552 solus
338 1495 413 1546 heres
436 1495 485 1546 erit
507 1497 534 1546 et
554 1493 668 1562 accipiet
690 1495 822 1546 bonorum
842 1493 1046 1574 possessionem,
1098 1489 1245 1546 secundum
1261 1489 1367 1544 tabulas
1382 1489 1461 1544 etiam
1473 1487 1606 1568 pendente
1620 1489 1775 1546 condicione
1790 1495 1902 1548 necdum

260 1579 300 1620 nec
317 1561 365 1618 sibi
385 1561 541 1630 iunguntur,
566 1577 625 1616 cum
648 1561 683 1616 ad
704 1575 781 1616 suam
805 1577 916 1630 qmsque
938 1577 1047 1616 causam
1097 1559 1207 1628 impleta
1227 1561 1318 1626 petere
1340 1561 1465 1626 possunt,
1492 1555 1536 1624 qui
1562 1555 1662 1612 utditer
1687 1565 1749 1612 sunt
1774 1561 1902 1616 instituti:

260 1637 273 1684 4
300 1629 452 1684 substitutus
469 1629 512 1684 sit.
547 1629 677 1684 Defertur·
695 1629 827 1684 bonorum
848 1629 981 1698 possessio
1005 1645 1046 1684 se·
1099 1627 1170 1696 quod
1187 1627 1210 1682 si
1226 1627 1355 1680 inutiliter
1373 1627 1430 1694 quis
1448 1627 1483 1680 sit
1499 1625 1644 1690 institutus,
1662 1641 1711 1680 uec
1725 1627 1759 1682 ad
1772 1629 1903 1684 bonorum

261 1697 359 1752 cundum
374 1699 480 1750 tabidas
497 1697 582 1764 primo
599 1697 684 1764 gradu
698 1697 805 1766 scriptis
818 1697 968 1762 heredibus,
985 1713 1047 1752 mox
1098 1697 1293 1764 possessiouem
1310 1693 1409 1748 inutilis
1427 1693 1578 1748 1111111111θ
1595 1693 1708 1762 proficit.

260 1763 301 1818 iliis
320 1779 371 1818 non
392 1765 544 1832 petentibus
566 1763 750 1834 sequentibus,
773 1779 828 1818 non
845 1765 931 1820 solum
947 1765 1046 1820 1111111-
1133 1759 1151 1818 7
1170 1765 1314 1818 11111111
1325 1763 1391 1816 libro
1403 1763 1546 1816 vicensimo
1560 1761 1637 1814 tertio
1648 1761 1812 1830 clipeatorum
1837 1765 1902 1816 Gom

260 1829 324 1898 tutis,
348 1847 438 1884 verum
462 1831 600 1886 substituti
626 1845 732 1912 quoque
761 1831 924 1896 substitutis,
951 1837 978 1886 et
998 1847 1048 1900 per
1097 1831 1207 1886 tabulae
1229 1829 1381 1886 testamenti
1400 1829 1518 1898 plurium
1535 1829 1617 1898 signis
1635 1827 1752 1896 signatae
1770 1837 1860 1886 essent
1877 1839 1904 1884 et

260 1897 339 1954 seriem
359 1897 515 1954 substitutos
539 1899 710 1954 admittimus.
745 1899 831 1966 primo
852 1899 936 1968 gradu
958 1903 1047 1954 autem
1100 1899 1231 1966 quaedam
1258 1913 1290 1954 es
1313 1897 1353 1952 bis
1378 1915 1432 1952 non
1452 1903 1561 1966 parent,
1588 1903 1689 1966 septem
1714 1901 1802 1950 tamen
1829 1897 1903 1966 signa

260 1965 356 2032 scriptos
381 1965 502 2034 accipere
525 1967 651 2020 debemus
676 1981 779 2032 omnes,
810 1967 856 2034 qui
897 1967 963 2020 rimo
986 1966 1046 2020 loco
1098 1973 1235 2032 maneant,
1258 1965 1357 2020 suffieit
1379 1963 1413 2020 ad
1430 1967 1560 2020 bonorum
1577 1965 1771 2032 possessionem
1789 1963 1903 2018 dandam

260 2031 337 2110 scripti
358 2041 432 2088 sunt:
458 2049 520 2088 nam
542 2033 621 2090 sicuti
644 2033 678 2086 ad
699 2033 850 2088 adeundam
873 1985 1047 2088 deraditatem
1098 2041 1200 2104 septem
1217 2035 1324 2090 testium
1341 2033 1417 2102 signa
1438 2047 1603 2114 comparere,
1627 2033 1689 2086 iicet
1712 2047 1766 2086 non
1787 2033 1903 2086 omnium

260 2097 356 2168 proximi
377 2107 450 2166 sunt,
471 2101 510 2154 ita
532 2107 559 2156 et
580 2101 615 2156 ad
636 2101 769 2156 bonorum
786 2101 982 2170 possessionem
999 2101 1046 2156 ad·
1098 2103 1144 2170 qui
1162 2101 1323 2170 signaverint
1339 2105 1464 2156 maneant
1481 2115 1564 2170 signa.
1892 2129 1893 2132 =

260 2173 271 2220 t
299 2167 453 2222 mittendam.
493 2167 521 2224 Si
552 2169 611 2238 quis
635 2169 675 2224 ita
698 2167 849 2238 scripserit:
877 2169 990 2224 ‘Primus
1013 2185 1047 2224 ex
1133 2165 1331 2226 8111111111
1349 2171 1489 2224 1111111111
1508 2173 1607 2240 quarto
1625 2169 1788 2238 clipeatorum
1820 2167 1850 2222 si
1865 2167 1903 2220 ita

259 2235 419 2354 :Hmzheres
437 2239 506 2290 esto:
530 2237 1045 2318 111111111111111111111,181111-
1098 2239 1296 2334 1111111111111
1324 2237 1504 2320 ‘'Sempronius
1531 2253 1566 2316 ex
1592 2241 1668 2316 parte
1694 2235 1800 2290 dimidia
1826 2237 1902 2290 heres

338 2303 1048 2450 111111111111111111
1098 2307 1337 2428 :saltare
1353 2305 1562 2436 11111
1576 2309 1832 2450 attimar

260 2433 350 2488 Tertius
366 2453 468 2504 priores
486 2437 520 2492 ad
536 2439 669 2492 bonorum
685 2437 881 2506 possessiouem
893 2437 1046 2492 invitantur.
1099 2441 1221 2506 ι1111111,
1245 2455 1279 2494 ex
1300 2443 1376 2508 parte
1397 2445 1473 2496 sexta
1493 2441 1572 2494 heres
1589 2441 1669 2494 esto':
1695 2437 1782 2492 Titius
1799 2453 1854 2490 non
1871 2453 1903 2490 en

260 2507 271 2556 t
300 2501 326 2580 §i
357 2503 396 2558 nis
413 2503 453 2558 ita
468 2503 614 2560 instituerit
630 2503 755 2560 heredes:
779 2509 848 2560 ‘uter
869 2521 904 2560 ex·
918 2503 1047 2560 iratribus
1099 2505 1204 2560 duabus
1225 2509 1347 2574 partibus
1370 2509 1447 2562 heres
1469 2509 1597 2576 scriptus,
1620 2507 1667 2560 sed
1688 2507 1746 2574 ipse
1766 2505 1818 2560 sibi
1839 2505 1902 2558 sub-

258 2575 319 2622 ‘uess
335 2519 420 2624 deiam
437 2587 546 2626 uxorem
563 2573 676 2650 duxerit,
695 2587 729 2626 ex
746 2571 876 2626 dodrante
893 2573 956 2626 mihi
969 2573 1047 2652 heres
1099 2575 1209 2628 stitutus
1229 2575 1347 2644 intellegi
1368 2575 1447 2630 debet
1462 2575 1575 2644 ideoque
1592 2591 1645 2628 non
1662 2589 1695 2628 ex
1712 2573 1810 2626 maiore
1828 2577 1904 2652 parte

260 2641 465 2700 ’1111111111
484 2639 597 2704 duxerit,
615 2655 648 2698 ex
666 2639 814 2708 quadrante
830 2641 909 2696 heres
926 2641 1001 2704 esto'‚
1025 2657 1047 2692 sr
1098 2657 1179 2708 quam
1196 2641 1275 2694 tertia
1292 2641 1415 2710 scriptus·
1425 2641 1538 2698 uidetur.
1572 2641 1719 2698 secundum
1735 2641 1803 2692 hanc
1821 2647 1903 2692 ratio·

259 2703 348 2774 quidem
364 2711 469 2760 momua
486 2707 567 2760 fuerit
584 2707 658 2772 Seia,
683 2721 783 2776 aequas
800 2713 891 2774 partes
908 2707 1046 2762 babituros
1098 2723 1158 2762 nem
1177 2725 1237 2762 cum
1254 2713 1360 2764 sextans
1378 2725 1477 2764 uacuus
1494 2709 1671 2776 relinquatur,
1693 2709 1824 2762 bonorum
1841 2723 1902 2776 pos·

258 2771 352 2824 heredes
370 2779 488 2828 constat:
506 2773 578 2842 quod
595 2773 618 2828 si
633 2773 667 2828 ab
681 2773 767 2828 altero
781 2791 850 2828 uxor
863 2773 944 2828 ducta
956 2773 1046 2838 fuerit,
1098 2775 1244 2830 sessionem
1267 2775 1353 2830 Titius
1378 2777 1492 2844 accipiet
1513 2793 1567 2830 non
1587 2776 1674 2830 solum
1695 2777 1791 2830 tertiae
1811 2773 1902 2842 partis,

258 2837 398 2892 dodrantem
421 2845 448 2894 et
469 2841 643 2908 quadrantem
666 2839 704 2894 eis
728 2845 890 2908 competere:
916 2843 1047 2896 bonorum
1099 2841 1146 2896 sed
1163 2843 1220 2896 eius
1239 2857 1356 2910 quoque,
1379 2857 1446 2908 quae
1469 2859 1502 2896 ex
1523 2849 1644 2896 sextante
1661 2843 1746 2896 eidem
1763 2843 1902 2896 adcrescit.

258 2909 333 2960 sutem
347 2907 549 2974 possessionem,
567 2913 709 2974 antequam
723 2909 820 2962 existat
834 2907 963 2974 condicio,
981 2923 1046 2962 neu·
1101 2913 1111 2960 l
1150 2909 1201 2974 Qui
1216 2907 1272 2962 filio
1289 2910 1420 2976 impuberi
1437 2909 1608 2964 substituitur
1624 2911 1676 2962 ita:
1695 2911 1728 2962 ‘si
1743 2909 1814 2962 filius
1829 2923 1903 2962 meus

259 2977 270 3026 1
299 2977 363 3026 turm
383 2977 483 3042 petere.
524 2973 552 3028 Si
580 2975 701 3028 consulto
728 2975 763 3028 sit
788 2975 926 3028 inductum
952 2989 1047 3028 nomen
1099 2977 1248 3040 moriatur,
1270 2975 1425 3042 priusquam
1447 2977 1476 3030 in
1493 2991 1570 3030 suam
1586 2976 1696 3030 tutelam
1713 2977 1814 3040 veniat,
1838 2983 1903 3030 tunc

258 3039 355 3106 heredis,
370 3041 552 3094 indubitanter
563 3043 694 3110 probatur
710 3043 840 3094 bonorum
853 3043 1048 3108 possessionem
1099 3043 1195 3096 ‘Titius
1216 3043 1281 3095 mihi
1301 3043 1378 3096 beres
1401 3043 1476 3106 esto'‚
1501 3043 1570 3098 sicut
1589 3041 1761 3096 hereditatem
1779 3043 1902 3110 vindicat,

257 3113 334 3178 petere
354 3123 413 3160 eum
434 3125 489 3162 non
508 3123 602 3176 posse,
630 3107 852 3176 quemadmodum
873 3123 927 3162 non
950 3113 1047 3176 potest,
1097 3109 1208 3188 perinde
1225 3125 1257 3162 ac
1275 3109 1299 3162 si
1314 3109 1424 3162 verbum
1440 3111 1492 3162 hoc
1511 3109 1590 3162 ‘mihi'
1609 3109 1740 3164 adiectum
1755 3125 1809 3164 non
1825 3115 1903 3176 esset,

258 3175 297 3244 qui
310 3175 382 3228 heres
399 3175 515 3244 scriptus
533 3181 574 3228 est
595 3191 649 3228 non
671 3175 794 3228 consulto
819 3179 961 3230 testatore:
985 3191 1048 3228 nam
1097 3181 1137 3228 rta
1148 3175 1279 3230 bonorum
1290 3189 1393 3242 quoque
1404 3175 1461 3230 eius
1469 3175 1665 3242 possessionem
1673 3177 1795 3256 accipere
1805 3181 1902 3244 potest.

258 3247 270 3296 t
299 3259 342 3310 pro
359 3259 412 3296 non
429 3241 531 3310 scripto
548 3247 600 3306 est,
624 3257 702 3310 quem
720 3241 802 3296 scribi
819 3241 912 3296 uoluit.
949 3241 978 3296 Si
994 3243 1047 3298 duo
1098 3247 1113 3294 2
1150 3241 1203 3296 Sed
1225 3247 1252 3296 et
1275 3257 1336 3294 cum
1358 3241 1386 3292 in
1407 3241 1768 3310 praenomiue⁹cognom1ne
1786 3247 1904 3296 erratum

257 3309 302 3364 siat
320 3309 427 3364 heredes
448 3307 564 3364 instituti
581 3307 686 3362 Primus
703 3313 731 3362 et
749 3307 900 3374 Secundus,
923 3307 1047 3364 Secundo
1098 3313 1154 3372 est,
1177 3307 1200 3362 is
1222 3307 1257 3362 ad
1280 3323 1357 3376 quem
1377 3307 1510 3362 hereditas
1532 3309 1647 3376 pertinet
1670 3309 1750 3364 etiam
1773 3311 1904 3364 bonorum

259 3375 351 3430 Tertius
368 3375 536 3442 substitutus,
555 3375 691 3430 omittente
705 3375 828 3430 Secundo
843 3377 1047 3444 bonorumpos·
1100 3379 1115 3428 3
1151 3375 1346 3442 possessionem
1363 3375 1468 3442 accipit.
1503 3375 1530 3430 Is
1549 3381 1650 3438 autem,
1669 3375 1744 3430 cuius
1762 3391 1859 3430 nomen
1874 3377 1904 3430 in

258 3443 386 3498 sessionem
403 3443 510 3496 Tertius
528 3441 660 3498 succedit:
679 3443 751 3510 quod
768 3443 792 3496 si
809 3443 915 3496 Tertius
933 3443 1049 3496 uoluerit
1097 3445 1257 3496 testamento
1274 3441 1409 3496 voluntate
1425 3441 1563 3496 testatoris
1584 3441 1740 3510 perductum
1757 3447 1810 3508 est,
1835 3443 1904 3496 sicut

257 3511 415 3566 hereditatem
440 3509 515 3564 adire
537 3509 577 3564 vel
599 3511 730 3562 bonorum
755 3509 951 3578 possessionem
977 3511 1047 3564 acci·
1099 3509 1134 3562 ad
1151 3507 1301 3562 adeundam
1318 3507 1500 3574 hereditatem,
1517 3509 1557 3562 ita
1574 3509 1762 3576 adpetendam
1774 3511 1904 3564 bonorum

257 3593 321 3646 pere,
341 3577 451 3632 reccidit
473 3577 604 3630 bonorum
626 3577 762 3646 possessio
786 3577 822 3630 ad
838 3577 963 3630 Primum.
998 3591 1048 3630 nec
1098 3577 1293 3646 possessionem
1316 3575 1430 3642 scriptus
1448 3591 1502 3628 uon
1517 3577 1690 3642 intellegitur,
1715 3577 1833 3644 quamvis
1855 3593 1902 3630 no·

257 3645 300 3700 crit
321 3643 344 3700 ei
365 3659 474 3700 necesse
495 3649 587 3712 petere
610 3643 742 3698 bonorum
764 3643 973 3712 possessionem,
1001 3642 1048 3698 sed
1098 3647 1115 3696 4
1150 3657 1211 3696 men
1228 3643 1285 3696 eius
1302 3641 1413 3710 legatur.
1441 3641 1554 3708 Quidam
1565 3643 1903 3698 testamentumintabulis

257 3709 1047 3848 11111111111111111111111111
1098 3707 1247 3832 11111111
1268 3709 1904 3844 11111111111111111111

257 3853 270 3902 1
299 3847 324 3904 Si
344 3863 434 3902 servus
455 3817 532 3900 dares
556 3845 672 3914 scriptus
695 3847 741 3910 sit,
764 3845 789 3900 ei
807 3845 912 3898 domino
929 3845 1048 3900 defertur
1098 3845 1230 3898 bonorum
1246 3843 1416 3912 possessione
1433 3859 1491 3898 eam
1508 3857 1578 3908 esse,
1603 3847 1633 3896 ut
1650 3845 1794 3912 separatim
1810 3847 1902 3914 patris,

257 3915 372 3970 benonim
393 3913 541 3982 possessis,
569 3913 604 3966 ad
629 3927 708 3982 quem
731 3913 866 3968 hereditas
891 3913 1046 3980 pertinebit:
1098 3911 1243 3964 sacratim
1259 3909 1307 3964 filii
1322 3909 1432 3964 heredes
1446 3911 1582 3964 aestimari
1590 3911 1720 3966 debeant:
1737 3927 1800 3964 nam
1813 3929 1903 3980 quem-

257 3983 361 4036 ambulat
373 3981 442 4036 enim
455 3995 516 4034 cum
530 3979 645 4034 dominio
658 3981 791 4034 bonorum
803 3979 945 4048 possessio.
965 3993 1047 4046 quare
1097 3993 1115 4032 a
1161 3977 1242 4032 odum
1259 3977 1358 4046 scripto
1376 3977 1423 4030 filii
1439 3977 1532 4030 heredi
1549 3979 1691 4044 separatim
1709 3979 1743 4034 ab
1760 3979 1903 4032 heredibus

257 4051 276 4102 si
286 4049 369 4104 mortis
383 4055 503 4116 tempore
513 4045 620 4100 Stichus
638 4047 715 4102 heres
731 4047 870 4102 institutus
888 4045 939 4100 fuit
956 4061 1047 4100 sersus
1097 4045 1192 4114 patris,
1206 4045 1245 4098 ita
1257 4051 1412 4114 nuncupato
1424 4049 1514 4114 potest
1523 4045 1606 4100 videri
1616 4045 1758 4116 separatim
1769 4061 1785 4100 a
1797 4045 1903 4114 scriptis

257 4117 390 4186 Sempronii
406 4129 456 4168 nec
475 4113 645 4182 Sempronius
663 4129 724 4168 eum
740 4115 819 4168 iussit
836 4115 923 4178 adire,
941 4113 1048 4168 sedvel
1098 4113 1182 4182 patris
1200 4111 1341 4168 heredibus
1358 4113 1489 4166 bonorum
1505 4111 1640 4180 possessio
1658 4113 1724 4168 dari.

257 4185 357 4240 decessit
374 4183 417 4240 vel
440 4183 519 4236 etiam
537 4197 598 4236 eum
614 4181 739 4234 alienavit
757 4187 784 4236 et
800 4181 889 4252 coepit
906 4195 966 4234 esse
982 4179 1047 4248 Sep·
1133 4177 1152 4238 9
1171 4179 1341 4234 Postremus
1356 4181 1424 4234 libro
1441 4181 1558 4234 tercado
1580 4179 1763 4234 addubitarem
1796 4181 1833 4234 llt
1854 4181 1902 4234 bo·

256 4251 314 4306 licii:
329 4251 426 4316 euenit,
444 4255 489 4312 ut,
506 4249 530 4304 si
547 4247 679 4318 Septicius
698 4251 776 4302 euru⁴
792 4249 912 4314 iusserit,
931 4247 1047 4316 Septicio
1098 4263 1195 4302 norum
1211 4249 1345 4316 possessio
1363 4245 1509 4302 secundum
1521 4247 1666 4328 pupillares
1679 4249 1787 4302 tabulas
1801 4247 1904 4300 admitti

257 4317 378 4372 deferatur
390 4319 522 4374 bonorum
533 4315 681 4384 possessio:
700 4315 735 4370 ad
748 4317 821 4370 bunc
833 4315 903 4372 enim
914 4315 1047 4370 hereditas
1097 4315 1197 4384 possit,
1217 4315 1373 4384 requiritur,
1400 4331 1435 4370 an
1477 4321 1543 4370 atris
1564 4321 1750 4370 testamentum
1772 4315 1903 4382 signatum

256 4387 364 4452 pertinet.
391 4385 463 4438 unde
480 4383 503 4438 si
519 4383 682 4452 permultos
701 4383 821 4438 dominos
839 4381 975 4438 transierit
992 4399 1047 4438 ser·
1099 4385 1143 4448 sit,
1161 4383 1224 4438 lieet
1240 4383 1373 4438 secundae
1388 4383 1435 4438 tab
1466 4399 1498 4438 ae
1515 4383 1665 4450 resignatae
1682 4381 1861 4450 proferantur.

256 4469 297 4510 sus
317 4459 369 4508 tres
392 4453 434 4508 vel
454 4451 571 4522 plures⁵,
598 4451 741 4506 nouissimo
767 4451 889 4506 dabimus
916 4449 1048 4508 bonorum
1137 4449 1174 4510 10
1192 4449 1311 4504 Pronus
1332 4451 1399 4504 libro
1422 4457 1515 4506 octavo
1538 4451 1574 4504 aa
1590 4449 1728 4504 Plautiam
1763 4447 1791 4502 Si
1813 4463 1902 4504 seruus

256 4521 443 4586 possessiouem.
1099 4519 1149 4574 sub
1169 4517 1323 4576 1111111111
1340 4519 1417 4574 heres
1434 4519 1574 4574 institutus
1592 4517 1634 4582 sit,
1652 4531 1688 4570 aa
1699 4517 1829 4570 bonorum
1839 4531 1902 4584 pos-

284 4585 512 4644 ilPaunusdibro
531 4585 756 4658 quadragessimo
773 4587 862 4658 primo
880 4585 918 4642 cd
933 4585 1047 4642 edictum
1098 4587 1244 4642 sessionem
1269 4585 1392 4656 accipere
1413 4591 1516 4656 potest,
1545 4585 1690 4640 dubitatur.
1727 4589 1753 4638 et
1777 4583 1903 4636 Scaevola

255 4651 342 4708 Verum
358 4661 399 4710 ast
416 4669 519 4710 omnem
536 4659 696 4722 postumum,
716 4655 907 4724 qui-moriente
918 4659 1048 4710 testatore
1098 4661 1191 4710 noster
1199 4657 1305 4778 Brobat
1319 4671 1408 4724 posse.

250 4717 678 4790 11111111111111111111,
702 4723 836 4778 bonorum
851 4723 1048 4792 possessionem
1136 4721 1172 4780 11
1223 4737 1381 4784 artusartus
1404 4723 1472 4780 libro
1494 4723 1572 4776 tertio
1595 4721 1695 4776 decimo
1718 4719 1902 4788 quaestionum

255 4795 333 4854 petere
349 4807 435 4860 posse.
686 4849 690 4858 ,
1099 4789 1161 4858 ‘oui
1178 4807 1212 4846 ex
1228 4791 1318 4846 liberis
1334 4793 1399 4846 meis
1417 4789 1538 4860 impubes
1559 4801 1699 4858 supremus
1716 4787 1856 4866 morietur,
1880 4787 1904 4840 ei

248 4877 249 4880 ¹
284 4855 301 4912 4
321 4857 462 4912 Uarianos
475 4859 542 4914 libro
556 4857 783 4928 quadrapaotmo
798 4857 915 4912 secando
928 4859 966 4912 cd
977 4857 1048 4916 edio·
1100 4859 1197 4916 ‘Titius
1212 4861 1291 4916 hares
1308 4859 1383 4916 esto'.
1410 4859 1515 4914 duobus
1532 4871 1642 4926 peregre
1659 4853 1791 4908 1111111111
1804 4871 1827 4910 ss
1840 4857 1902 4910 sub·

257 4927 303 4976 tam
334 4925 447 4980 Chartae
464 4925 608 5006 appellatio
625 4929 653 4978 et
669 4923 705 4978 ad
719 4939 815 4980 nouam
832 4925 953 4978 chartam
964 4927 1047 4982 refer·
1086 4927 1209 4984 ,stitutus
1232 4929 1347 4998 ignoret,
1368 4933 1428 4982 uter
1449 4925 1607 4980 norissimus
1629 4923 1784 4990 decesserit,
1808 4923 1902 4978 admit·

255 4989 381 5044 tuerat
398 4993 560 5048 deleticram:
578 4991 690 5062 proinde
708 4995 735 5044 et
752 4993 777 5046 si
792 4993 821 5044 in
839 4993 1047 5062 opisthograpbo
1098 4995 1181 5050 tenda
1206 5003 1248 5050 est
1271 4995 1368 5050 Iuliani
1391 4993 1537 5058 1111111111,
1568 4991 1614 5060 qui
1637 4995 1748 5060 propter
1772 4993 1903 5048 incertum

249 5059 306 5122 ‘quis
320 5065 432 5116 testatus
449 5059 492 5126 sit,
509 5059 573 5116 hinc
590 5059 746 5128 petipotest
759 5059 892 5114 bonorum
904 5061 1047 5128 possessio.
1100 5065 1263 5120 condicionis
1295 5065 1372 5118 etiam
1420 5061 1497 5116 :ioris
1526 5073 1605 5128 posse
1630 5059 1685 5128 peti
1709 5059 1903 5130 possessionem

272 5123 832 5200 Ι51111111111111111111111111111111
867 5127 896 5182 Si
912 5129 963 5182 sub
984 5143 1047 5182 con·
1101 5137 1113 5184 1
1150 5133 1281 5192 bonorum
1297 5147 1394 5200 respon
1415 5131 1441 5182 't.
1476 5129 1562 5182 Filius
1583 5129 1660 5184 heres
1681 5129 1818 5188 institutus
1838 5131 1903 5198 post

255 5185 346 5248 dicione
362 5195 438 5250 heres
457 5195 515 5264 quis
532 5195 669 5250 institutus
689 5195 724 5248 sit
745 5201 773 5248 et
789 5201 901 5316 accegta
917 5197 1049 5252 bonorum
1098 5205 1210 5256 mortem
1231 5201 1316 5268 patris
1339 5199 1373 5252 ab
1391 5197 1515 5254 hostibus
1533 5195 1622 5252 rediit:
1645 5199 1776 5254 bonorum
1795 5215 1902 5270 posses·

256 5263 410 5320 possessione
426 5263 573 5318 seeundum
589 5263 696 5318 tabulas
715 5263 836 5318 condicio
872 5263 1047 5328 1111111111-
1098 5269 1200 5324 sionem
1217 5269 1330 5338 accipiet
1348 5271 1375 5320 et
1391 5265 1455 5320 anni
1471 5269 1526 5320 tem
1545 5281 1611 5322 usa
1646 5285 1680 5324 uo
1697 5269 1776 5324 rediit
1792 5269 1817 5324 ei
1832 5283 1902 5324 com-

251 5327 462 5410 terdamevenit,
482 5335 516 5410 ut
533 5347 575 5386 res
593 5331 743 5412 pcssessori
760 5329 930 5412 concedenda
947 5331 994 5396 sit,
1018 5337 1050 5386 ut
1100 5339 1116 5388 2
1149 5335 1296 5406 putabitur.
1331 5335 1501 5390 Testamento
1523 5283 1596 5392 dacto
1637 5335 1700 5394 rtius
1722 5337 1903 5404 adrogantium

251 5399 312 5466 puta
332 5413 355 5450 s1
374 5395 444 5452 fihus
467 5401 501 5452 srt
523 5405 705 5466 emancipatus
727 5399 779 5454 sub
797 5397 953 5454 condsmone
969 5399 1047 5456 heres
1098 5417 1128 5456 se
1145 5403 1269 5470 praebuit
1286 5419 1319 5458 ac
1335 5407 1431 5470 postea
1447 5403 1489 5458 sui
1505 5403 1572 5466 iuris
1590 5405 1698 5462 effectus
1711 5407 1767 5460 uita
1781 5405 1902 5462 decessit

247 5461 392 5518 1111111111
410 5467 512 5534 namsi
529 5465 657 5520 deiecerit
671 5467 801 5532 condicio,
820 5471 938 5520 attamen
953 5481 1048 5522 secun-
1098 5471 1215 5536 scriptus
1233 5471 1310 5524 heres
1327 5473 1351 5526 si
1367 5473 1563 5540 possessionem
1579 5479 1662 5544 petat,
1679 5473 1835 5542 exceptione
1849 5471 1904 5528 doli

247 5627 282 5692 Ι(1)
296 5629 413 5712 bonorum
423 5635 542 5698 possessio
552 5635 676 5712 portionis
689 5653 738 5686 scr.
840 5639 873 5700 (a)
891 5635 989 5684 cuidam
1001 5653 1047 5686 scr.
1099 5635 1196 5688 lassor.
1295 5643 1327 5706 (t)
1345 5643 1420 5694 ceteri
1436 5647 1519 5696 autem
1533 5647 1605 5698 asdla
1618 5647 1662 5698 ias.
1671 5617 1793 5712 serarum
1805 5643 1906 5694 Cuiatis

255 5695 283 5756 (tl
298 5699 422 5752 decesserit
431 5705 476 5752 ias.
545 5705 577 5766 (1)
595 5701 685 5774 eumF
751 5703 783 5764 (1)
801 5703 852 5752 tres
860 5701 991 5774 selplures
1001 5701 1047 5752 del.
1100 5705 1134 5768 (8)
1152 5705 1269 5758 instituto
1277 5709 1304 5758 F
1367 5713 1401 5776 (a)
1418 5713 1573 5766 nominetur.
1584 5715 1639 5764 dett.

255 5763 285 5830 (11
299 5781 354 5818 nam
366 5771 391 5818 11
405 5767 427 5818 si
439 5767 556 5820 defecerit
569 5769 682 5822 condicio
695 5773 762 5836 ante,
777 5773 861 5822 tamen
875 5773 962 5822 corma
976 5769 1049 5820 tabu·
1130 5797 1131 5800 1
1258 5805 1259 5808 =
1459 5785 1460 5788 ’

1670 5851 1701 5900 tl
