4366 6258
274 359 492 424 XXXXVIIII
518 361 566 424 15.
586 361 623 424 16
1073 349 1137 426 aab
1462 391 1470 406 ι
1654 371 1706 436 111,
1723 369 1767 418 en
1790 367 1939 418 murrum

276 541 318 598 rel
335 541 417 596 filiam
432 541 612 610 procreaverit
635 557 667 596 ac
689 545 755 596 tunc
777 541 939 612 postliminio
956 555 1022 596 avus
1039 555 1080 596 re·
1136 545 1146 592 1
1183 539 1290 606 lictum,
1314 537 1386 606 quod
1409 539 1468 608 quis
1492 539 1532 594 uti
1554 539 1629 594 miles
1652 537 1775 592 admittit.
1817 535 1890 592 Dare
1911 553 1940 592 se

275 625 367 664 rusus
389 609 483 664 fuerit:
511 611 600 664 omnia
621 609 682 662 iura
710 611 813 682 nepotis
841 609 947 664 nomine
972 609 1082 678 perinde
1132 607 1253 674 militem,
1282 609 1325 662 cui
1346 623 1401 662 nou
1427 607 1503 674 iicet,
1532 621 1611 676 grave
1634 607 1734 662 crinem
1760 607 1888 660 habetur:
1915 609 1941 660 et

276 677 371 744 capiet,
389 691 421 730 ao
439 677 462 732 si
478 677 548 730 filius
566 679 663 730 nastrisi
680 677 708 730 in
725 679 831 732 civitate
848 677 951 730 fuisset.
1133 681 1252 742 augetur,
1272 681 1302 730 ut
1319 677 1347 730 in
1364 677 1459 730 ceteris
1478 675 1588 742 delictis,
1606 673 1734 744 dignitate
1751 673 1836 742 modu
1852 675 1941 744 specie

310 743 351 800 24
379 743 523 798 deruanus
546 745 615 800 libro
638 747 729 814 prino
755 747 949 798 institutionum
984 745 1081 800 Hostes
1132 745 1251 798 militiae.

275 817 351 876 sunt,
376 811 471 880 quibus
492 811 591 868 bellum
613 811 720 880 publice
742 813 857 882 populus
880 811 1017 868 Romanus
1035 811 1081 866 de·
1167 807 1185 868 3
1209 811 1401 866 Monnsrruus
1421 811 1490 866 libro
1514 815 1611 882 quarto
1631 811 1663 864 rte
1685 813 1782 882 poenis
1815 811 1939 866 Deserto-

277 879 359 934 crevit
374 879 416 934 vel
437 879 490 948 ipsi
506 879 605 948 populo
623 879 758 934 Romano:
782 881 864 934 ceteri
881 879 1025 934 latrunculi
1041 877 1083 934 rel
1132 881 1217 932 rern¹²
1238 879 1359 934 auditum
1381 877 1416 932 ad
1439 895 1517 934 suum
1539 879 1634 934 ducem
1652 895 1713 932 cunr
1729 877 1815 946 elogio
1832 893 1941 946 praeses

275 945 423 1016 praedones
437 947 615 1016 appellantur.
641 953 669 1000 et
683 949 742 1002 ideo
758 947 804 1014 qui
821 961 837 1000 a
854 947 1003 1000 latronibus
1019 963 1082 1014 cap·
1132 947 1233 1014 mittet,
1256 953 1444 1016 praeterquam
1466 947 1488 1000 si
1512 945 1575 1014 quid
1590 945 1697 1012 gruum
1714 945 1760 1000 ille
1775 947 1896 1000 desertor
1913 945 1941 1000 in

275 1021 319 1066 tus
338 1019 390 1078 est,
413 1027 507 1068 servus
523 1015 656 1068 latronum
672 1031 727 1072 non
750 1019 804 1080 est,
827 1029 878 1068 uec
893 1015 1083 1084 postliminium
1133 1027 1167 1066 ea
1186 1015 1338 1084 provincia,
1364 1013 1394 1066 in
1421 1029 1476 1082 qua
1500 1017 1623 1082 repertus
1646 1019 1700 1078 est,
1729 1013 1876 1068 admiserit:
1904 1013 1941 1068 ibi

275 1081 315 1134 illi
337 1081 517 1136 necessarium
538 1085 592 1136 est:
617 1083 651 1138 ab
672 1081 795 1138 hostibus
818 1087 908 1136 autem
926 1089 1035 1152 captus,
1052 1087 1084 1136 ut
1133 1081 1202 1136 enim
1224 1097 1284 1136 eum
1298 1081 1388 1204 ιξ111111
1408 1097 1497 1150 poena
1520 1081 1629 1146 debere,
1653 1081 1700 1136 ubi
1722 1081 1827 1136 facinus
1844 1081 1940 1136 admis-

276 1153 342 1218 pnta
365 1165 382 1202 a
406 1147 543 1204 Germanis
569 1153 594 1202 et
611 1149 729 1214 Parthis,
755 1155 781 1204 et
799 1165 891 1204 servus
908 1157 951 1204 est
967 1151 1083 1204 bostium
1133 1165 1192 1204 sum
1218 1155 1272 1216 est,
1315 1151 1350 1204 ivi
1372 1147 1485 1204 Severus
1511 1153 1538 1202 et
1562 1149 1714 1204 Antoninus
1740 1149 1939 1218 rescripserunt.

277 1223 304 1272 ct
339 1215 480 1270 estliminio
498 1221 597 1270 statum
613 1219 754 1288 pristinum
770 1223 921 1284 recuperat.
1135 1221 1146 1268 1
1184 1219 1290 1272 Poenae
1307 1217 1420 1272 militum
1436 1217 1619 1272 huiuscemodi
1636 1223 1711 1270 sunt:
1730 1219 1878 1284 castigatio,
1895 1233 1941 1286 pe·

305 1351 309 1362 ·
332 1281 368 1340 5²
384 1283 560 1338 Marcianus
575 1285 643 1340 libro
657 1285 869 1356 quartodecimo
887 1285 1082 1340 institutionum
1134 1285 1254 1338 cuniaria
1271 1285 1369 1350 multa,
1394 1301 1533 1340 munerum
1550 1285 1673 1352 indictio,
1694 1285 1804 1338 militiae
1820 1285 1940 1350 mutatio,

276 1351 338 1406 Drri
361 1351 474 1406 Severus
503 1355 529 1406 et
551 1353 703 1408 Antoninus
731 1351 940 1420 rescripserunt,
970 1351 994 1408 si
1016 1369 1084 1406 uxor
1165 1351 1231 1408 adua
1249 1352 1375 1420 deiectio,
1400 1353 1574 1420 ignominiosa
1591 1353 1690 1408 missio.
1725 1369 1788 1406 nam
1803 1351 1832 1406 iu
1849 1353 1941 1406 metal-

277 1435 336 1474 cum
358 1419 454 1474 marito
476 1421 512 1474 ab
534 1419 655 1476 hostibus
679 1425 759 1486 capta
781 1417 864 1474 fuerit
886 1425 913 1474 et
935 1419 1033 1474 ibidem
1051 1435 1083 1474 ex
1143 1437 1188 1474 um
1206 1425 1253 1474 aut
1270 1421 1299 1474 in
1316 1435 1383 1490 opus
1400 1421 1502 1474 metalli
1519 1437 1573 1474 non
1595 1421 1730 1474 dabuntur
1750 1435 1800 1474 nec
1817 1425 1942 1488 torquen-

277 1489 371 1540 marito
395 1487 474 1540 enixa
497 1487 543 1542 sit:
569 1489 591 1540 si
612 1487 711 1542 reversi
734 1485 847 1552 frenat,
872 1487 958 1542 iustos
981 1501 1041 1542 esse
1058 1493 1084 1540 et
1134 1491 1149 1540 2
1183 1493 1236 1540 tur.
1271 1489 1406 1542 Emensor
1428 1493 1482 1552 est,
1513 1489 1559 1556 qui
1587 1489 1633 1542 diu
1659 1493 1770 1556 vagatus
1793 1489 1828 1542 ad
1855 1493 1943 1542 castra

275 1557 400 1624 parentes
415 1559 441 1606 et
453 1553 552 1608 liberos
567 1559 594 1608 et
605 1555 690 1606 filium
702 1553 730 1606 in
743 1559 876 1620 potestate
884 1555 978 1624 patris,
992 1569 1082 1622 quern·
1134 1559 1149 1608 3
1184 1555 1341 1624 regreditur.
1376 1555 1505 1610 Desertor
1522 1561 1575 1618 est,
1599 1555 1644 1624 qui
1661 1571 1710 1624 per
1724 1555 1859 1676 prolixum
1876 1561 1941 1608 tern-

277 1621 435 1676 admodum³
452 1621 677 1690 iurcpostliminii
690 1635 812 1676 reversus
830 1621 876 1674 sit:
893 1621 966 1690 quod
983 1623 1006 1678 si
1024 1639 1083 1678 cum
1134 1627 1150 1674 1
1183 1639 1235 1692 pus
1251 1627 1363 1690 vagatus
1381 1621 1526 1676 reducitur,
1554 1621 1590 1688 Is,
1608 1623 1654 1690 qui
1672 1621 1854 1692 superatione
1872 1639 1942 1676 ema·

276 1695 360 1744 matre
378 1689 436 1744 sola
452 1695 607 1756 revertatur,
626 1689 703 1758 quasi
719 1687 776 1742 sine
793 1689 888 1744 marito
905 1693 1002 1756 natus,
1020 1705 1083 1758 spu·
1134 1693 1181 1744 net
1197 1691 1319 1744 hostibus
1342 1691 1526 1744 insistentibus
1550 1695 1598 1744 aut
1619 1691 1665 1760 qui
1682 1705 1699 1744 a
1715 1689 1818 1746 fossato
1835 1689 1942 1756 recedit,

276 1757 332 1812 mus
348 1757 516 1812 habebitur⁴.
1135 1763 1150 1810 5
1186 1759 1274 1826 capite
1295 1759 1446 1828 puniendus
1471 1765 1521 1812 est.
1562 1757 1614 1824 Qui
1637 1759 1760 1812 stationis
1781 1774 1878 1812 munus
1901 1773 1943 1810 re·

310 1819 350 1882 26
368 1825 574 1880 Fnoanurruus
593 1825 660 1880 libro
683 1827 762 1878 sento
780 1825 977 1880 institutionum
1010 1823 1084 1878 Nihil
1133 1825 1242 1894 linquit,
1267 1825 1327 1894 plus
1352 1841 1431 1892 quam
1455 1841 1579 1880 emansor
1600 1831 1652 1882 est:
1680 1825 1771 1894 itaque
1791 1843 1841 1894 pro
1864 1825 1943 1880 modo

275 1893 399 1960 interam,
421 1891 553 1962 quomodo
575 1891 696 1962 captivus
711 1907 834 1948 resersus
857 1897 911 1958 est,
938 1897 1027 1946 utrum
1045 1891 1083 1944 di·
1134 1891 1223 1948 delicti
1248 1897 1296 1946 aut
1325 1893 1473 1960 castigatur
1497 1899 1545 1948 aut
1574 1893 1658 1960 gradu
1682 1893 1791 1948 militiae
1822 1893 1942 1948 deicitur.

276 1961 373 2014 missus
396 1977 431 2014 an
453 1961 479 2016 ri
502 1959 543 2014 rel
566 1959 674 2014 fallacia
696 1965 855 2030 potestatem
881 1961 1001 2014 hostiurn
1023 1975 1083 2014 era·
1135 1965 1151 2014 s
1186 1961 1214 2014 Si
1228 1961 1357 2030 praesidis
1372 1961 1414 2014 rel
1429 1963 1545 2016 cuiusvis
1558 1961 1705 2030 praepositi
1718 1963 1752 2014 ab
1769 1961 1942 2014 excubatione

276 2029 348 2094 serit,
366 2029 405 2082 ita
420 2035 522 2092 tamen,
540 2027 564 2082 si
581 2043 613 2084 ea
630 2035 717 2082 mente
734 2029 842 2094 venerit,
861 2035 891 2084 ut
907 2045 961 2082 non
977 2029 1024 2082 illo
1042 2043 1083 2082 re·
1136 2033 1149 2080 i
1186 2029 1244 2098 quis
1262 2029 1380 2096 desistat,
1400 2035 1539 2098 peccatum
1556 2029 1713 2084 desertionis
1731 2029 1839 2084 subibit.
1868 2029 1896 2082 Si
1909 2029 1944 2084 ad

275 2101 433 2152 veneretur:
458 2111 509 2150 nec
525 2097 594 2150 enim
613 2095 678 2152 satis
696 2101 737 2154 est
754 2113 866 2168 corpore
883 2097 990 2152 domum
1007 2113 1085 2164 quem
1135 2095 1204 2150 diem
1229 2103 1390 2152 commeatus
1414 2097 1473 2164 quis
1496 2113 1550 2152 non
1577 2097 1679 2162 vemat,
1701 2095 1810 2166 perinde
1831 2097 1860 2150 in
1883 2113 1943 2150 eum

275 2165 390 2232 redisse,
417 2165 441 2220 si
466 2169 556 2220 mente
583 2165 697 2224 alienus¹
713 2171 763 2220 est.
805 2167 852 2222 sed
878 2171 905 2220 ct
933 2165 979 2234 qui
1008 2165 1084 2218 victis
1135 2165 1304 2220 statuendum
1318 2169 1367 2230 est,
1386 2179 1419 2218 ao
1437 2165 1461 2220 si
1478 2167 1634 2218 emansisset
1650 2165 1692 2218 vel
1706 2163 1875 2230 deseruisset,
1893 2181 1942 2234 pro

275 2233 397 2290 hostibus
425 2237 644 2304 recuperantur⁵‚
674 2235 835 2302 postliminio
865 2233 966 2290 redisse
994 2233 1083 2288 existi-
1133 2249 1244 2288 numere
1267 2233 1407 2302 temporis,
1436 2233 1511 2288 facta
1533 2233 1608 2302 prius
1631 2233 1709 2302 copia
1732 2233 1857 2302 docendi,
1880 2249 1944 2288 num

275 2307 389 2356 mantur.
1134 2301 1203 2356 forte
1228 2303 1335 2358 casibus
1353 2301 1513 2370 quibusdam
1531 2303 1653 2356 detentus
1671 2301 1719 2368 sit,
1742 2307 1854 2370 propter
1876 2317 1942 2370 quos

309 2367 349 2428 27
372 2369 540 2424 Inrounuus
566 2371 634 2424 libro
657 2385 729 2424 uouo
756 2387 793 2424 ear
809 2371 1010 2440 posterioribus
1032 2369 1084 2424 Lu·
1135 2375 1150 2424 8
1185 2371 1262 2424 verda
1285 2371 1380 2438 dignus
1409 2371 1539 2424 rideatur.
1579 2369 1631 2436 uui
1652 2371 1761 2424 militiae
1788 2377 1892 2440 tempus
1915 2371 1943 2434 in

276 2439 366 2494 dennis
400 2437 531 2494 Latrones
552 2437 601 2492 tibi
624 2451 729 2492 serrum
752 2437 918 2516 eripuerant:
944 2437 1084 2504 posteais
1135 2443 1151 2490 9
1187 2437 1337 2492 desertione
1358 2437 1490 2506 implerit,
1514 2437 1623 2494 emente
1637 2437 1768 2518 privatur.
1805 2437 1835 2492 Si
1850 2437 1940 2506 plures

276 2521 366 2560 servus
384 2505 419 2560 ad
437 2505 586 2560 Germanos
602 2509 773 2584 pervenerat:
797 2505 859 2560 mdc
875 2505 903 2558 in
920 2503 990 2560 bello
1007 2505 1083 2558 victis
1135 2505 1214 2560 sinrui
1230 2507 1315 2572 primo
1333 2505 1506 2572 deseruerint,
1525 2505 1619 2560 deinde
1635 2511 1707 2560 intra
1721 2509 1824 2560 certum
1838 2511 1941 2574 tempus

276 2573 414 2626 Germanis
438 2587 530 2628 servus
557 2575 700 2626 venerata
740 2577 838 2640 negant
864 2587 944 2642 posse
973 2573 1086 2642 usucapi
1135 2573 1234 2628 reversi
1251 2573 1317 2638 sint,
1335 2571 1420 2640 gradu
1436 2573 1508 2642 pulsi
1524 2575 1553 2626 in
1571 2573 1675 2626 diversa
1691 2573 1752 2628 loca
1769 2573 1943 2628 distribuendi

276 2657 337 2696 eum
359 2641 393 2692 ab
416 2645 535 2710 emptore
552 2641 643 2696 Labeo
662 2639 755 2696 Ofilius
773 2641 929 2706 Trebatius,
974 2641 1019 2694 uia
1040 2657 1084 2696 ve·
1136 2647 1206 2694 sunt.
1241 2641 1290 2696 sed
1310 2639 1443 2696 tironibus
1466 2641 1629 2710 parcendum
1653 2647 1708 2696 est:
1739 2641 1824 2708 quisi
1846 2641 1942 2696 iterato

275 2725 335 2764 rure
358 2713 428 2764 esset
450 2725 512 2764 eum
534 2707 691 2778 subreptum
713 2725 783 2776 esse,
808 2725 858 2764 nec
880 2707 951 2778 quod
988 2709 1084 2764 ostium
1139 2713 1168 2762 it]
1202 2709 1254 2764 hoc
1267 2707 1428 2776 admiserint,
1446 2709 1887 2778 poenaconrpetentiadticiuntur.
1907 2711 1942 2772 Is,

275 2777 371 2832 fuisset
393 2781 441 2830 eut
462 2777 624 2848 postliminio
641 2777 767 2844 redisset,
791 2777 816 2832 ei
836 2779 876 2832 rei
896 2777 1083 2846 impedimento
1136 2777 1181 2846 qui
1207 2777 1242 2830 ad
1268 2777 1373 2832 hostem
1402 2775 1521 2846 confugit
1547 2781 1573 2830 et
1598 2775 1689 2842 rediit,
1718 2779 1885 2846 torquebitur
1908 2777 1940 2834 ad

275 2861 342 2902 esse.
906 2875 909 2880 -
1135 2845 1287 2914 bestiasque
1304 2845 1347 2900 rel
1361 2845 1391 2898 in
1407 2845 1511 2900 furcam
1534 2845 1715 2912 damnabitur,
1740 2845 1859 2914 quamvis
1875 2845 1944 2902 miii·

308 2909 349 2972 28
368 2913 466 2968 Laeuo
487 2913 555 2970 libro
578 2921 676 2984 quarto
693 2913 830 2984 pitbunou
852 2911 975 2968 uPuulo
998 2915 1083 2984 epito-
1137 2919 1166 2968 11
1203 2919 1243 2968 tes
1266 2915 1333 2968 nihil
1355 2929 1449 2968 eorum
1469 2915 1617 2982 patiantur.
1657 2913 1696 2968 Et
1716 2915 1752 2980 is,
1782 2915 1828 2982 qui
1851 2917 1938 2970 volem

275 2989 407 3036 motorum
442 2981 471 3036 Si
488 2983 552 3052 quid
569 2981 639 3036 bello
656 2985 782 3052 captum⁷
800 2987 853 3046 est,
872 2983 900 3034 in
917 2981 1017 3062 praeda
1035 2989 1083 3046 est,
1136 2985 1167 3034 12
1202 2981 1368 3052 transfugere
1384 2983 1565 3052 adprehensus
1580 2987 1629 3046 est,
1648 2983 1735 3050 capite
1748 2983 1868 3052 punitur.
1891 2983 1941 3040 Sed

275 3067 330 3104 non
351 3049 513 3120 postliminio
536 3049 614 3106 redit.
649 3049 774 3106 Pronus.
809 3051 888 3105 immo
911 3065 935 3104 sr
962 3051 992 3104 iu
1013 3051 1082 3106 bello
1134 3049 1158 3104 si
1181 3065 1215 3104 ex
1235 3049 1392 3118 improviso,
1422 3049 1484 3104 dum
1507 3051 1559 3104 iter
1586 3049 1644 3118 quis
1667 3049 1747 3112 facit,
1775 3051 1881 3118 capitur
1908 3051 1941 3104 ab

275 3133 307 3172 ca
326 3125 370 3174 tus
387 3133 454 3188 pace
470 3117 544 3174 facta
561 3119 687 3174 domum⁸
710 3119 754 3172 ref
789 3115 819 3186 ‘t,
845 3119 939 3172 deinde
956 3125 1082 3174 renovato
1133 3119 1269 3184 hostibus,
1286 3117 1407 3188 inspecto
1424 3117 1495 3172 ritae
1512 3119 1569 3172 eius
1587 3117 1770 3190 praecedentis
1789 3125 1851 3174 actu
1868 3121 1944 3174 venia

274 3137 344 3242 baddo
363 3187 474 3256 capitur,
491 3187 654 3256 postliminio
672 3187 740 3242 redit
755 3205 771 3242 a
806 3203 874 3254 euru,
891 3191 911 3240 a
923 3203 975 3256 quo
993 3187 1083 3256 priore
1135 3187 1161 3240 ei
1177 3187 1291 3254 dabitur,
1310 3193 1344 3252 et,
1362 3187 1387 3244 si
1404 3187 1509 3268 expleto
1526 3187 1773 3268 tempore'militiae
1784 3187 1894 3268 redeat,
1913 3193 1943 3242 nt

275 3257 345 3310 bello
364 3259 459 3324 captus
476 3261 549 3322 eret,
573 3257 596 3310 si
618 3257 697 3310 modo
713 3273 768 3310 non
785 3257 939 3312 convenerit
956 3257 984 3310 in
1007 3271 1082 3326 pace,
1136 3259 1167 3310 13
1201 3261 1341 3310 veteranus
1358 3259 1514 3310 restituetur
1531 3259 1559 3310 et
1580 3261 1689 3310 omenta
1706 3257 1826 3324 accipiet.
1856 3255 1941 3320 Miles,

275 3329 305 3378 ut
322 3325 420 3392 captivi
436 3325 618 3378 redderentur.
962 3327 963 3330 ’
1135 3323 1182 3392 qui
1203 3325 1232 3376 in
1252 3325 1323 3378 bello
1345 3337 1419 3378 arma
1437 3323 1527 3376 ambit
1543 3323 1585 3376 vel
1601 3323 1735 3390 alienavit,
1759 3325 1848 3406 capite
1864 3323 1942 3394 puni-

309 3389 349 3450 29
367 3391 447 3448 lusu
467 3393 534 3448 libro
553 3397 631 3448 sento
648 3391 786 3464 pitbunon
809 3393 933 3448 uPuuto
954 3393 1082 3462 epitomu—
1136 3397 1168 3446 14
1202 3397 1259 3448 tur:
1283 3393 1398 3446 humane
1418 3391 1540 3446 militiam
1562 3397 1655 3446 mutat.
1691 3391 1743 3460 Qui
1765 3391 1852 3448 aliem
1869 3409 1944 3446 arma

276 3465 364 3514 torum
399 3459 427 3514 Si
443 3461 605 3530 postliminio
623 3461 729 3526 redisti,
747 3461 823 3528 nihil,
842 3463 906 3516 dum
922 3463 951 3514 in
967 3461 1084 3516 hostium
1137 3465 1167 3514 15
1202 3461 1343 3530 subripuit,
1360 3459 1446 3528 mado
1463 3461 1572 3514 militiae
1586 3459 1727 3580 pellendus
1745 3465 1794 3514 est.
1823 3459 1942 3514 inbelle

275 3533 408 3598 potestate
425 3529 525 3594 fuistii,
544 3545 692 3598 usucapere
708 3531 826 3598 potrusti.
862 3529 986 3584 Pennus
1003 3529 1083 3584 immo
1135 3529 1257 3598 quirem
1274 3545 1292 3580 a
1313 3529 1381 3582 duce
1402 3529 1564 3598 prohibitam
1598 3529 1650 3582 ecit
1673 3535 1722 3582 aut
1742 3529 1869 3582 mandata
1889 3545 1943 3582 uon

275 3595 298 3650 si
317 3595 381 3664 quid
397 3611 488 3666 sersus
505 3601 568 3650 tuus
605 3597 684 3650 eouiii
699 3597 818 3662 nomine,
836 3599 899 3652 dum
916 3597 944 3650 iu
961 3613 993 3652 eo
1010 3603 1083 3652 statu
1134 3595 1261 3662 serravit,
1284 3595 1373 3664 capite
1394 3597 1517 3664 punitur,
1542 3595 1645 3650 etamsi
1666 3613 1709 3650 res
1730 3597 1799 3652 bens
1840 3595 1941 3650 asserit.

275 3679 362 3728 esses,
385 3663 547 3732 possederit,
570 3613 602 3718 id
617 3679 648 3718 eo
672 3681 777 3736 quoque
800 3671 919 3734 tempore
936 3679 1084 3734 usucapere
1120 3667 1167 3718 16
1202 3663 1254 3718 Sed
1278 3665 1323 3732 qui
1344 3679 1438 3732 agmen
1461 3665 1587 3730 excessit,
1614 3679 1647 3718 er
1669 3679 1752 3720 causa
1767 3663 1809 3718 111
1822 3613 1943 3720 dustibus

274 3733 391 3856 didit
411 3733 1083 3858 tittitttt,statibilitatem
1134 3731 1943 3870 1111111111111111111111111

275 3875 399 3938 postumo
417 3875 465 3922 aut
482 3869 599 3922 nondum
622 3869 696 3924 adita
712 3871 804 3938 augeri
821 3887 870 3940 per
886 3885 991 3924 semum
1006 3869 1083 3924 here·
1135 3871 1167 3920 18
1200 3867 1373 3934 ingrediatur,
1391 3871 1479 3936 capite
1496 3869 1615 3938 punitur.
1643 3869 1671 3922 Si
1687 3883 1749 3922 vero
1767 3869 1826 3938 quis
1843 3867 1943 3924 fossam

277 3937 401 3992 ditarium
417 3937 494 3992 solet.
1136 3939 1169 3988 19
1202 3935 1345 4002 transiluit,
1363 3937 1458 3988 militia
1474 3935 1591 3990 reicitur.
1627 3935 1679 4004 Qui
1696 3937 1852 3990 seditionem
1869 3941 1942 3990 atro·

309 4001 447 4064 3011111
466 4003 936 4078 librocctuuopitdununuPuulo
955 4007 1083 4078 epitomu—
1134 4007 1166 4056 20
1201 4017 1258 4056 cem
1274 4003 1388 4058 militum
1405 4005 1554 4070 concitavit,
1574 4003 1661 4074 eapite
1679 4005 1801 4072 punitur:
1826 4003 1855 4060 Si
1871 4003 1944 4058 intra

276 4079 363 4128 turum
398 4073 427 4128 Si
449 4075 488 4140 id,
513 4075 585 4144 quod
605 4081 726 4130 nostrum
746 4075 838 4128 hostes
863 4079 1002 4144 ceperunt,
1027 4075 1083 4130 eius
1133 4069 1349 4126 vociferationem
1367 4079 1415 4128 aut
1432 4073 1515 4126 levem
1532 4073 1676 4142 querellam
1691 4073 1785 4128 seditio
1803 4077 1876 4126 mota
1892 4077 1941 4138 est,

275 4143 378 4212 generis
396 4147 444 4210 est,
461 4145 492 4196 ut
509 4141 671 4210 postliminio
689 4141 775 4198 redire
792 4141 888 4210 possit:
907 4143 1083 4212 simulatque
1134 4145 1164 4194 21
1200 4145 1265 4194 tunc
1281 4141 1365 4222 gradu
1382 4141 1491 4196 militiae
1514 4141 1633 4196 deicitur,
1669 4141 1785 4196 Etcum
1801 4141 1878 4196 multi
1894 4141 1941 4194 mi-

276 4211 311 4266 ad
327 4227 377 4266 nos
393 4211 621 4266 redeundicausa
643 4211 762 4280 profugit
777 4211 812 4264 ab
830 4211 952 4266 hostibus
971 4215 998 4266 et
1013 4213 1084 4264 intra
1133 4207 1192 4264 lites
1210 4209 1238 4264 in
1255 4209 1363 4280 ahquod
1380 4209 1510 4278 flagidm
1527 4209 1681 4278 conspirent
1703 4209 1745 4264 rei
1766 4209 1788 4264 si
1811 4209 1878 4278 legio
1897 4209 1941 4264 de-

275 4279 341 4334 fines
363 4279 468 4348 imperii
490 4279 576 4334 nostri
596 4295 656 4334 esse
679 4279 780 4358 coepit,
804 4279 966 4346 postliminio
983 4279 1083 4334 redisse
1133 4281 1166 4330 22
1200 4277 1280 4344 ficiat,
1298 4277 1656 4334 avocarimilitiasolent14.
1692 4277 1744 4344 Qui
1760 4275 1943 4348 praepositum

276 4345 480 4402 existimandum
498 4353 546 4402 est.
582 4345 705 4400 Paucos.
732 4363 812 4400 ummo
830 4363 890 4401 oum
908 4363 999 4402 servus
1019 4347 1083 4402 ciris
1133 4361 1211 4400 suum
1227 4351 1368 4414 protegere
1385 4345 1529 4400 noluerunt
1544 4345 1586 4398 rel
1602 4345 1785 4410 deseruerunt,
1803 4345 1892 4402 occiso
1911 4361 1942 4400 eo

275 4415 361 4468 nostri
377 4415 412 4470 ab
429 4415 552 4474 hostibus
568 4419 662 4484 captus
679 4413 740 4468 inde
757 4413 861 4482 aufugit
878 4419 905 4468 ct
917 4415 958 4468 rel
974 4417 1002 4468 in
1016 4415 1083 4468 urbe
1133 4413 1221 4480 capite
1237 4415 1394 4480 puniuntur.

275 4483 362 4538 Roma
382 4483 420 4538 ita
443 4487 495 4548 est,
518 4487 549 4536 ut
570 4481 701 4550 usquein
723 4481 823 4536 domini
840 4483 882 4536 sni
898 4487 1032 4552 potestate
1049 4483 1083 4538 sit
1167 4479 1187 4536 4
1211 4481 1326 4534 Aurius
1340 4479 1508 4534 Mnuuunua
1531 4479 1597 4534 libro
1616 4481 1709 4550 primo
1730 4479 1764 4534 de
1784 4495 1815 4534 re
1831 4479 1944 4534 militari

275 4567 360 4676 nepus
377 4551 425 4606 ulli
443 4549 548 4674 serviat,
566 4549 684 4606 nondum
699 4549 861 4618 postliminio
875 4551 976 4606 redisse
993 4551 1081 4606 existi·
1133 4549 1267 4672 ffirirhitfflr
1288 4563 1342 4672 ugro
1355 4549 1492 4672 {cedoald
1508 4547 1942 4670 {affistequipemamisitaniurg

275 4635 467 4676 manumes.
1235 4633 1418 4672 rseunum
1469 4633 1549 4670 mr
1637 4633 1721 4672 rsorr
1770 4633 1855 4670 m:n

1133 4683 1215 4740 duces
1238 4683 1314 4738 Sulla
1337 4689 1363 4738 et
1385 4683 1465 4738 Cotta
1485 4689 1667 4738 memorantur
1689 4633 1836 4738 eopbabitu
1859 4683 1942 4738 fuisse

947 4819 952 4824 η
1135 4757 1147 4804 1
1182 4757 1304 4806 naturae.
1338 4753 1382 4804 Ad
1398 4753 1500 4808 bestias
1518 4753 1596 4808 datus
1615 4751 1638 4808 si
1654 4751 1773 4820 profugit
1790 4757 1817 4806 et
1833 4751 1942 4804 militiae

626 4825 696 4884 XVI
704 4825 734 4884 ¹⁰,
1132 4835 1163 4876 se
1181 4819 1268 4886 dedit,
1292 4819 1452 4942 quandoaue
1474 4819 1595 4874 inuentus
1614 4821 1702 4888 capite
1718 4819 1869 4888 puniendus
1886 4825 1940 4874 est:

532 4927 579 4976 u
596 4925 642 4974 e
1131 4887 1941 5024 111111111111111111111111

314 5023 327 5082 1
353 5025 498 5082 Uerrurus
518 5025 585 5080 libro
608 5029 687 5078 scuto
710 5023 747 5078 nd
767 5023 882 5078 edictum
922 5023 1013 5090 Miles,
1037 5023 1083 5092 qui
1132 5023 1409 5078 11111111111111115
1426 5023 1608 5088 dissimularit,
1626 5023 1876 5092 capitapuniendus
1892 5029 1940 5078 est.

277 5097 304 5148 in
323 5095 499 5148 commeatu¹²
522 5093 589 5162 agit,
614 5107 667 5146 nou
683 5091 788 5146 ridetur
804 5091 843 5146 rei
859 5089 984 5160 publicae
1001 5107 1083 5146 causa
1136 5095 1151 5144 3
1184 5091 1416 5159 Temporariunrffi
1438 5091 1546 5146 exilium
1566 5091 1716 5148 rolunmrio
1739 5091 1816 5146 militi
1836 5089 1941 5146 insulae

278 5165 379 5218 abesse.
1133 5159 1320 5240 relegationem
1337 5159 1469 5228 adsignat,
1490 5159 1692 5214 fidissimorum
1709 5165 1868 5230 perpetuum
1885 5159 1941 5212 exi-

311 5227 330 5284 2
354 5231 468 5284 Aesius
485 5227 651 5282 Mnuurnna
674 5227 741 5282 libro
758 5227 852 5298 primo
870 5227 904 5282 uu
920 5243 951 5280 rc
972 5227 1084 5282 militari
1133 5233 1151 5280 4
1182 5227 1256 5282 hum.
1290 5227 1334 5282 Ad
1349 5233 1456 5296 tempus
1478 5227 1611 5296 relegatus
1629 5227 1653 5284 si
1671 5229 1775 5296 explete
1793 5227 1880 5296 spatio
1898 5227 1938 5282 f-

276 5295 391 5350 Militum
413 5297 510 5350 delicta
533 5297 588 5350 sire
609 5293 726 5350 admissa
749 5301 796 5350 ant
817 5293 928 5366 propria
950 5299 1013 5350 suut
1036 5299 1083 5350 ant
1132 5311 1182 5362 gae
1198 5293 1307 5350 militem
1324 5311 1353 5350 se
1375 5293 1461 5362 dedit,
1484 5311 1567 5350 causa
1589 5293 1764 5350 damnationis
1788 5295 1941 5364 quaerenda

277 5379 338 5418 cum
355 5363 450 5416 ceteris
467 5363 628 5418 communia:
651 5363 722 5418 unde
740 5371 766 5420 et
782 5363 933 5434 persecutio
956 5367 1004 5416 aut
1019 5379 1082 5434 pro·
1134 5367 1188 5430 est,
1205 5365 1251 5428 ut,
1268 5365 1291 5420 si
1308 5365 1445 5420 contineat
1460 5363 1596 5420 infamiam
1613 5367 1782 5434 perpetuam,
1803 5359 1938 5420 11111011-

275 5431 405 5500 priaant
427 5431 643 5488 communisset.
683 5433 820 5502 proprium
842 5431 957 5486 militare
980 5437 1020 5486 est
1037 5431 1082 5486 de·
1134 5435 1267 5498 serratim,
1292 5433 1500 5488 siuamanom
1517 5433 1550 5488 de
1570 5431 1660 5488 futuro
1678 5431 1713 5488 sit
1730 5437 1757 5488 et
1773 5431 1803 5488 in
1819 5431 1938 5488 ordinem

275 5605 303 5666 (1)
323 5599 636 5656 fibommluuusuuuu
671 5605 702 5668 (2)
718 5605 833 5672 esd-sb.
845 5617 860 5656 t.
871 5605 936 5656 ctD.
947 5605 1080 5670 38,11,1,3
1166 5603 1212 5668 (td)
1229 5605 1278 5656 Ed.
1287 5617 1350 5664 1...1;
1369 5605 1431 5656 sot.
1442 5617 1518 5664 8.·.1d;
1537 5605 1601 5672 Pop.
1610 5615 1643 5656 15.
1653 5615 1686 5660 tt.
1700 5633 1735 5646 -
1750 5605 1814 5658 Bur.
1823 5609 1890 5672 57,1.
1904 5633 1940 5646 -

275 5671 306 5734 (a)
325 5671 422 5736 quitur.
483 5671 764 5736 (alliciebantur
821 5675 855 5738 (t)
872 5673 1088 5740 recuperentan
1134 5671 1242 5740 010111.
1255 5675 1294 5740 11,
1302 5683 1330 5726 st
1384 5677 1425 5740 (11)
1443 5673 1653 5726 annonarum
1694 5677 1739 5742 (12)
1756 5675 1944 5728 desertorumF

274 5739 306 5800 (t)
325 5741 462 5792 venamur
494 5741 527 5804 11)
540 5741 952 5808 etamissumbelloreccptumina
988 5743 1023 5810 (s)
1037 5743 1079 5794 de-
1131 5743 1175 5806 (1t)
1193 5741 1332 5794 tmnscedat
1345 5741 1374 5794 F
1458 5745 1502 5808 (rr)
1520 5741 1583 5794 solet
1597 5745 1623 5796 F
1707 5745 1751 5812 (lt)
1769 5743 1848 5798 lectus
1862 5743 1946 5796 11111Ι

275 5809 378 5858 mumF
437 5809 471 5874 (a)
488 5809 583 5862 maur
1131 5811 1178 5878 (rt)
1195 5811 1382 5878 temporiumF
1394 5875 1396 5880 ,
1413 5877 1418 5882 ..
1448 5813 1493 5878 (rt)
1510 5809 1575 5866 lecto
1586 5815 1632 5868 ina
