4366 6258
272 355 330 422 XV
353 363 366 424 1
634 329 636 334 ’
1064 349 1125 424 200
1713 373 1758 422 me
1779 373 1925 454 racemo

269 547 386 610 nuptura
407 531 592 594 filiofamilias
610 539 679 592 dotis
697 537 1075 608 nominecertampecuoiam
1126 541 1188 596 culii
1214 541 1468 598 administrationem
1495 541 1630 608 concedit,
1655 541 1758 596 videtur
1780 541 1930 610 permittere

270 607 418 682 promiserit
440 611 466 662 ιι
488 607 598 662 divortio
616 607 688 662 iacto
706 613 768 676 agat
784 607 818 662 de
835 607 897 664 dote
914 625 974 664 cum
989 613 1073 676 patre,
1125 611 1289 680 generaliter,
1307 611 1377 680 quod
1395 617 1422 664 et
1439 611 1588 680 specialiter
1625 609 1779 664 erinissurus
1798 613 1844 664 ιιι.

273 685 395 732 ιιιιιιιιιιι
410 679 469 730 tota
485 675 659 754 promissione
675 691 710 728 an
728 673 841 752 deducto
860 685 900 744 eo,
918 673 989 754 quod
1005 677 1076 744 patri
1160 675 1199 736 47
1218 677 1298 732 ioan
1316 679 1383 734 libro
1407 685 1506 748 quarto
1529 679 1566 734 ad
1582 627 1719 734 Plautium
1753 677 1880 748 Quotiens
1901 679 1931 732 in

272 745 339 800 filius
357 745 465 808 debeat,
488 745 595 822 liberari
612 759 671 798 earo
689 745 841 812 oporteret?
866 743 1002 814 respondit
1017 749 1075 798 tota
1124 747 1237 802 taberna
1253 747 1291 800 ita
1308 747 1436 816 scripturo
1449 745 1545 802 ιιιιιιιι
1561 751 1630 802 ‘cum
1644 747 1768 802 Ianuario
1782 763 1857 802 serso
1872 763 1930 802 meo

271 811 442 884 promissione
460 827 518 866 eam
534 811 697 866 hberandam
714 827 780 878 esse,
795 829 860 868 cum
878 819 948 870 certe
965 817 991 866 et
1005 811 1028 866 si
1043 827 1075 866 ex
1126 817 1190 884 ‘geri
1206 815 1339 884 negotium
1355 815 1433 880 veto‘,
1451 815 1503 870 hoc
1521 817 1605 870 solum
1623 821 1794 870 consecutum
1811 829 1870 872 esse
1884 817 1931 868 do·

271 879 443 950 promissione
466 895 527 934 cum
550 895 582 934 ea
598 885 733 950 ageretur,
761 883 916 952 exceptione
938 879 991 934 doli
1013 881 1075 934 mali
1125 881 1226 938 minum
1244 889 1362 950 constat,
1379 899 1413 938 ne
1429 883 1562 938 institoria
1578 889 1713 950 teneatur,
1730 901 1784 940 non
1803 883 1881 940 etiam
1898 883 1932 938 de

272 955 287 1002 2
321 949 389 1002 tueri
413 963 443 1002 se
464 953 563 1018 posset.
599 947 705 1002 Stichus
727 949 809 1006 habet
830 953 859 1006 in
875 949 978 1020 pecude
996 949 1072 1002 Pam·
1128 957 1139 1006 1
1175 951 1288 1022 peculio.
1324 951 1437 1006 Sabinus
1461 953 1598 1022 respondit
1614 969 1668 1008 non
1685 953 1751 1006 alias
1769 951 1881 1006 dandam
1899 951 1932 1006 de

271 1015 372 1084 philam
389 1017 434 1084 qui
451 1021 492 1072 est
509 1015 608 1082 decem,
625 1015 695 1072 idem
708 1017 863 1088 Pamphilus
877 1017 954 1072 debet
968 1015 1074 1070 domino
1124 1021 1229 1090 peculio
1238 1021 1369 1074 actionem
1377 1021 1406 1072 in
1414 1021 1556 1086 dominum,
1574 1037 1633 1074 curn
1648 1035 1737 1074 servus
1752 1021 1932 1084 fideiussisset,

274 1083 394 1152 quinque.
420 1083 444 1138 si
460 1087 554 1152 agatur
572 1083 604 1138 de
621 1085 725 1152 peculio
744 1085 828 1140 Stichi
845 1087 963 1148 nomine,
985 1085 1075 1152 place·
1126 1087 1178 1142 nisi
1193 1089 1221 1142 in
1238 1105 1293 1142 rem
1311 1087 1409 1142 domini
1426 1093 1474 1140 aut
1491 1087 1526 1142 ob
1542 1105 1598 1142 rem
1614 1089 1774 1156 peculiarem
1787 1087 1931 1142 fideiussis-

275 1153 319 1206 bat
335 1151 468 1206 aestimari
485 1151 581 1204 dehere
594 1153 707 1220 pretium
720 1153 852 1222 Pamphili
869 1159 896 1208 et
913 1151 1017 1220 quidem
1033 1157 1074 1206 to·
1127 1159 1152 1210 2Ἰ
1176 1161 1224 1210 set.
1261 1155 1290 1210 Si
1306 1157 1387 1210 semel
1404 1161 1494 1210 actum
1511 1155 1546 1210 sit
1563 1157 1596 1210 de
1612 1155 1730 1224 peculio,
1748 1157 1866 1224 quamuis
1883 1157 1931 1210 mi·

271 1225 398 1298 tumnon
416 1219 529 1298 deducto
547 1235 587 1284 eo,
605 1219 676 1298 quod
694 1219 797 1276 domino
815 1219 967 1288 Pamphilus
983 1219 1074 1298 debet:
1126 1241 1176 1278 nus
1191 1225 1341 1276 inveniatur
1355 1225 1392 1278 rei
1406 1223 1563 1278 iudicandae
1577 1229 1695 1292 tempore
1703 1225 1732 1276 in
1740 1223 1843 1292 peculio
1853 1239 1933 1304 quarn

272 1303 400 1342 neminem
423 1303 492 1342 enim
514 1301 593 1354 posse
614 1289 729 1358 mtellegi
751 1291 839 1358 ipsum
860 1289 888 1342 in
905 1303 953 1342 suo
970 1287 1074 1354 peculio
1127 1291 1218 1356 debet,
1241 1297 1330 1344 tamen
1349 1291 1515 1344 cautionibus
1532 1291 1619 1344 locum
1637 1305 1694 1344 esse
1711 1309 1766 1346 uon
1781 1293 1884 1360 plaourt
1901 1291 1934 1344 de

274 1369 343 1408 esser
361 1355 413 1408 hoo
430 1369 489 1424 ergo
509 1369 573 1408 casu
590 1353 714 1412 damnum
731 1357 866 1412 dominnm
879 1369 1028 1422 passurum,
1045 1359 1076 1408 ut
1125 1357 1216 1414 tuturo
1242 1359 1404 1414 incremento
1431 1357 1541 1426 pecrdiir
1567 1357 1619 1412 hoc
1641 1359 1709 1412 enim
1731 1359 1759 1412 in
1784 1375 1833 1426 pio
1860 1359 1932 1414 socio

272 1429 422 1492 pateretur,
440 1423 463 1476 si
480 1423 588 1478 cuilibet
604 1423 649 1476 alii
665 1441 801 1480 serrorum
818 1437 927 1476 suorum
944 1423 1076 1492 peculium
1127 1427 1230 1480 actione
1253 1427 1341 1480 locum
1362 1429 1458 1492 habet,
1482 1425 1544 1494 quia
1566 1427 1654 1480 socius
1677 1425 1828 1480 ιιιιιιιιιιιιιι
1845 1427 1932 1480 debet.

272 1505 326 1544 non
341 1489 451 1544 habenti
468 1489 629 1544 credidisset.
660 1493 688 1546 id
706 1507 740 1546 ιιι
756 1493 794 1546 ιιι
811 1507 840 1546 ιι
856 1489 954 1544 habere
972 1489 1075 1544 eviden-
1128 1497 1143 1546 3
1178 1493 1206 1546 Si
1224 1493 1338 1548 creditor
1361 1495 1428 1548 servi
1451 1493 1485 1548 ab
1511 1501 1628 1562 emptore
1652 1499 1722 1546 esset
1763 1499 1845 1548 artem
1869 1509 1932 1548 con-

222 1629 223 1632 *
272 1559 324 1612 tius
342 1559 523 1626 appariturum
538 1557 584 1624 ait,
601 1509 727 1614 sidticlo
743 1559 876 1628 peculium
889 1557 1004 1626 legatum
1019 1573 1077 1612 esse
1127 1567 1248 1626 secutus,
1272 1567 1422 1628 competere
1443 1561 1472 1616 in
1494 1561 1623 1630 reliquum
1646 1561 1740 1616 insen
1761 1561 1852 1614 'torem
1868 1561 1933 1614 utile

272 1631 449 1746 proponatur:
468 1625 513 1694 qui
531 1633 603 1682 certe
620 1627 642 1680 si
659 1643 692 1682 ex
708 1629 867 1680 testamento
886 1633 961 1694 agat,
980 1641 1074 1694 cogen-
1127 1627 1251 1682 iudicium
1268 1627 1398 1682 Proculus
1415 1627 1468 1694 ait,
1492 1629 1540 1684 sed
1562 1645 1590 1684 re
1607 1629 1710 1696 integra
1727 1643 1780 1682 non
1797 1645 1856 1684 esse
1872 1645 1933 1698 per·

291 1709 322 1748 us
340 1709 393 1748 non
412 1699 453 1748 est
476 1693 545 1760 eius,
569 1695 639 1764 quod
661 1695 780 1750 alcarius
797 1709 862 1748 suus
886 1693 976 1756 debet,
1001 1693 1077 1748 aliter
1127 1695 1284 1750 mittendum
1309 1695 1395 1750 actori
1418 1695 1533 1750 diuidere
1555 1697 1698 1762 actionem,
1721 1701 1751 1750 ut
1773 1695 1850 1750 simul
1874 1711 1934 1750 cunr

272 1777 351 1882 praru
374 1777 406 1814 ax
428 1761 531 1828 pecidio
554 1763 637 1832 ipsius
661 1761 844 1816 deductionem
867 1763 936 1830 pati:
960 1761 1077 1830 ahoquin
1128 1769 1245 1832 emptore
1263 1767 1290 1816 ιι
1304 1779 1365 1818 cum
1377 1763 1516 1816 ιιιιιιιιοιι
1530 1765 1692 1832 experiatur:
1712 1763 1776 1816 satis
1792 1765 1861 1818 enirn
1876 1779 1934 1818 esse

284 1835 403 1894 uturum,
426 1837 469 1896 ut,
494 1831 518 1884 si
545 1831 701 1886 tantundem
717 1829 832 1882 vicarius
849 1829 955 1885 domino
973 1831 1076 1894 debeat,
1127 1831 1179 1884 hoc
1196 1831 1281 1886 solum
1298 1831 1322 1884 ei
1338 1831 1421 1884 tribui
1430 1833 1447 1896 ¹,
1465 1837 1496 1884 ut
1511 1831 1623 1886 rescisso
1642 1831 1777 1900 superiore
1793 1831 1933 1886 iudiciuin

272 1897 329 1966 ipse
345 1897 410 1950 nihil
425 1897 453 1952 in
489 1901 573 1954 oculto
591 1899 689 1952 habere
705 1897 888 1966 intellegatur,
913 1897 983 1966 qnod
1006 1903 1077 1954 certe
1127 1899 1239 1954 alterurn
1256 1899 1333 1952 detur
1350 1897 1374 1952 ei
1391 1899 1476 1964 actio,
1502 1915 1561 1954 cunr
1584 1899 1667 1954 electo
1691 1915 1737 1952 reo
1760 1899 1846 1952 minus
1864 1903 1935 1954 esset

273 1969 288 2020 3
323 1969 363 2020 est
379 1915 531 2020 absurdpurn.
565 1967 646 2020 Servo
661 1981 738 2034 quem
752 1965 801 2018 tibi
815 1963 983 2020 vendideram
995 1981 1075 2034 pecu·
1127 1971 1143 2020 4
1178 1971 1349 2020 consecutus:
1369 1971 1397 2020 et
1412 1965 1464 2020 hoc
1478 1967 1536 2020 iure
1550 1967 1656 2020 utimur.
1690 1965 1752 2020 Non
1766 1969 1869 2020 tantum
1885 1983 1932 2020 au-

272 2035 343 2086 niam
360 2033 471 2088 credidit
494 2035 641 2104 quaesitum
659 2037 712 2096 est,
729 2047 764 2086 an
780 2033 819 2086 ita
836 2033 900 2086 inihi
916 2035 945 2086 in
961 2041 988 2088 te
1006 2033 1075 2088 actio
1126 2039 1179 2090 tem
1193 2035 1276 2104 quiris
1292 2033 1407 2086 creditor
1421 2049 1482 2086 oum
1495 2035 1629 2090 venditore
1646 2049 1678 2088 ex
1692 2039 1755 2086 ante
1767 2039 1841 2102 gesto
1856 2049 1934 2104 agere

272 2101 305 2156 de
320 2101 423 2170 peculio
443 2101 625 2166 corruerem,
644 2105 674 2152 ut
692 2099 840 2154 deducatur
855 2101 897 2166 id,
916 2101 1076 2172 quodapud
1126 2107 1227 2170 potest,
1247 2101 1293 2158 sed
1311 2107 1338 2154 et
1353 2101 1412 2170 ipse
1429 2107 1545 2170 emptor,
1563 2103 1643 2170 idque
1660 2107 1686 2156 et
1703 2101 1806 2154 Iuliano
1822 2101 1933 2168 ridetur,

271 2185 312 2224 me
335 2185 368 2224 ex
391 2185 421 2224 eo
444 2169 608 2224 remanserit
635 2167 707 2236 quod
729 2167 836 2238 quidem
858 2169 963 2224 minime
984 2185 1075 2224 rerum
1127 2171 1244 2238 quamtis
1259 2175 1286 2224 et
1301 2169 1431 2224 deducere
1445 2171 1503 2238 ipse
1516 2175 1605 2238 potest
1619 2169 1744 2224 adversus
1759 2169 1839 2224 aliurn
1853 2185 1932 2238 agen-

272 2243 325 2304 est,
342 2253 392 2292 nec
409 2239 540 2304 intererit,
563 2239 633 2290 intra
650 2251 750 2290 annum
767 2251 846 2308 quarn
860 2237 1023 2292 ¹vendiderim
1040 2253 1076 2292 an
1126 2243 1188 2302 tem,
1206 2239 1269 2292 dum
1285 2243 1374 2292 tamen
1390 2237 1433 2302 id,
1451 2237 1524 2306 quod
1541 2237 1612 2306 apud
1629 2239 1770 2302 sehabet,
1789 2243 1930 2306 computet.

270 2311 363 2376 postea
385 2307 518 2376 experiar:
542 2321 603 2358 nam
620 2321 669 2358 nec
686 2305 780 2360 ceteris
799 2305 918 2374 quidem,
942 2305 987 2374 qui
1010 2311 1075 2360 tuno
1126 2311 1140 2360 5
1177 2305 1206 2360 Si
1222 2323 1312 2362 smnus
1330 2305 1444 2360 deducto
1461 2305 1566 2374 peculio
1589 2305 1710 2360 venditus
1734 2305 1782 2370 ιιι,
1805 2307 1932 2374 procedit,

272 2389 331 2428 oum
349 2389 379 2428 eo
403 2373 597 2438 contraxerint,
618 2373 647 2426 in
663 2389 706 2426 me
722 2373 792 2428 actio
811 2375 897 2428 datur.
923 2373 952 2428 in
969 2379 1074 2428 conna—
1125 2377 1156 2428 ut
1172 2373 1293 2428 venditor
1310 2379 1337 2428 ιι
1352 2373 1511 2428 deductione
1525 2373 1565 2428 uti
1579 2375 1688 2442 possiet
1706 2377 1741 2438 et,
1760 2373 1782 2426 si
1796 2379 1858 2440 post
1870 2389 1932 2428 ven·

269 2443 339 2496 rium
356 2455 460 2512 quoque
477 2439 613 2508 agentibus
635 2455 739 2494 mecum
761 2441 818 2506 his,
843 2443 889 2562 qiui
911 2447 991 2496 antea
1014 2457 1074 2496 oum
1126 2441 1251 2496 didonem
1265 2443 1383 2512 coeperit
1397 2441 1497 2512 ahquid
1511 2441 1641 2496 venditori
1655 2455 1744 2496 serius
1760 2441 1864 2506 dehere,
1879 2459 1933 2496 non

270 2525 301 2562 eo
316 2525 390 2564 servo
402 2509 603 2572 contraxissent,
620 2525 675 2562 non
693 2507 849 2562 deducami
869 2551 876 2574 ,
893 2510 964 2578 qnod
980 2515 1075 2578 postea
1126 2513 1141 2564 6
1175 2509 1269 2562 minuit
1292 2509 1429 2578 penulae,
1452 2509 1515 2578 quia
1537 2525 1591 2562 non
1613 2509 1719 2564 domino
1738 2509 1824 2562 debet.
1860 2509 1934 2576 Quae

271 2575 334 2630 milri
351 2577 446 2630 debere
464 2591 511 2630 coe
531 2575 588 2628 erit.
621 2591 654 2630 ex
671 2589 723 2644 quo
740 2583 854 2644 apparet
871 2593 938 2630 onus
955 2577 1011 2632 eius
1027 2593 1074 2644 pe·
1125 2575 1238 2630 diximus
1255 2577 1283 2630 in
1301 2581 1419 2646 emptore
1442 2581 1470 2630 et
1491 2577 1640 2642 venditore,
1664 2577 1755 2632 eadem
1778 2581 1840 2632 sunt
1862 2583 1889 2632 et
1911 2577 1934 2632 si

271 2643 345 2708 tulii,
364 2643 435 2714 quod
452 2593 529 2712 apul
541 2657 583 2696 me
599 2643 768 2708 remanserit,
786 2641 822 2698 ad
838 2643 991 2712 posterioris
1008 2649 1074 2698 tem·
1126 2643 1177 2698 alio
1197 2645 1288 2712 quovis
1304 2659 1401 2712 genere
1418 2643 1563 2698 dominium
1579 2647 1710 2698 mutatum
1728 2645 1771 2710 sit,
1788 2649 1820 2698 ut
1836 2645 1932 2712 legato,

269 2711 341 2780 poris
359 2717 512 2766 contractus
529 2709 662 2780 pertinere
678 2725 732 2764 non
750 2711 855 2766 debere.
1126 2711 1195 2766 dotis
1213 2711 1335 2778 datione,
1353 2713 1416 2792 quia
1433 2713 1509 2780 quasi
1526 2711 1713 2782 patrimonium
1729 2713 1806 2768 liberi
1821 2713 1933 2768 hominis

303 2773 343 2836 39
360 2779 998 2836 Fcocrnmncslicroaaaectmotartitaaoaum
1023 2779 1074 2834 Pe-
1125 2779 1257 2850 peculium
1275 2779 1343 2834 servi
1358 2779 1528 2848 intellegitur,
1545 2779 1705 2848 ubicumque
1722 2785 1800 2836 esset.

242 2891 243 2894 ,
271 2847 368 2902 culium
385 2851 411 2902 et
428 2863 461 2902 ex
478 2863 509 2902 eo
527 2845 661 2914 consistit,
680 2845 752 2916 quod
768 2847 932 2916 parsimonia
950 2863 998 2902 sua
1016 2847 1074 2916 quis
1148 2843 1200 2906 ¹48
1217 2847 1296 2902 lonii
1317 2849 1384 2902 libro
1408 2849 1521 2918 reptilae
1545 2847 1646 2902 decimo
1664 2849 1701 2902 ad
1716 2847 1854 2902 Plautiam
1888 2849 1933 2902 Li-

269 2915 372 2984 pararit
387 2915 429 2968 vel
445 2913 534 2968 officio
551 2917 676 2968 meruerit
692 2931 711 2970 a
726 2915 846 2984 quolibet
863 2917 913 2970 sibi
929 2915 1021 2970 donari
1034 2915 1074 2968 id·
1124 2917 1191 2972 bera
1206 2917 1304 2986 peculii
1321 2915 1515 2970 administratio
1533 2931 1587 2970 non
1601 2923 1738 2986 permanet
1751 2933 1837 2986 neque
1850 2917 1878 2972 in
1891 2917 1933 2970 fu-

270 2999 320 3052 que
343 2983 413 3038 relat
437 2983 573 3052 proprium
595 2983 783 3052 patrimonium
805 3001 910 3040 serrum
933 2999 1010 3038 sunm
1026 2983 1074 3038 ha·
1124 2985 1203 3054 gitiro
1220 2999 1306 3052 neque
1322 2985 1351 3038 in
1368 2985 1495 3054 subrepto
1514 2999 1599 3052 neque
1614 2983 1643 3038 in
1661 3001 1701 3050 eo,
1719 2985 1752 3040 de
1766 3001 1818 3054 quo
1833 2985 1935 3040 nesciat

269 3051 331 3106 bere
348 3051 405 3120 quis
422 3051 541 3106 voluerit.
1127 3059 1139 3106 1
1177 3051 1248 3134 quis,
1271 3053 1342 3106 ιιιιι
1359 3069 1394 3106 an
1411 3057 1533 3108 mortuus
1550 3053 1593 3106 sit.
1628 3051 1679 3106 Cui
1694 3053 1791 3122 peculii
1809 3053 1933 3108 adminis-

303 3115 342 3176 40
360 3119 537 3174 Maecianus
551 3119 618 3174 libro
636 3121 729 3188 quicto
747 3121 904 3192 regulorum
938 3119 1075 3174 Peculium
1125 3127 1204 3176 ιιιιιο
1223 3121 1285 3174 data
1302 3127 1351 3186 est,
1369 3121 1491 3190 delegare
1508 3121 1653 3176 debitorem
1669 3137 1747 3176 suum
1763 3127 1860 3190 potest.

269 3187 387 3242 nascitur
403 3187 500 3242 crescit
517 3187 646 3242 decrescit
662 3187 790 3254 moritur,
817 3193 843 3242 ιι
866 3187 924 3242 ideo
944 3187 1076 3256 eleganter
1160 3185 1200 3246 49
1217 3187 1389 3244 Pomponius
1409 3189 1478 3244 libro
1501 3193 1599 3260 quarto
1616 3189 1655 3244 cd
1670 3187 1797 3254 Quintam
1814 3187 1934 3244 Mucium

268 3253 390 3322 Papirius
407 3255 509 3310 Fronto
527 3255 633 3310 dicebat
650 3255 781 3324 peculium
796 3255 881 3310 simile
896 3271 953 3310 esse
966 3255 1073 3310 homini.
1124 3257 1188 3314 Non
1214 3259 1299 3312 solum
1324 3257 1353 3316 id
1373 3259 1508 3326 peculium
1532 3265 1587 3322 ιιι,
1613 3257 1686 3326 quod
1711 3257 1833 3312 dominns
1859 3273 1933 3312 servo

271 3329 282 3376 1
318 3321 453 3390 Quomodo
469 3329 558 3378 autem
571 3323 705 3394 pecudum
718 3325 845 3390 nascitur,
863 3323 1011 3406 quaesitum
1026 3329 1073 3378 est.
1127 3325 1271 3392 concessit,
1294 3341 1385 3380 verum
1400 3325 1429 3380 id
1446 3341 1564 3394 quoque,
1589 3325 1661 3394 quod
1676 3325 1814 3394 ignorante
1831 3325 1932 3394 quidem

269 3395 296 3444 et
311 3391 350 3444 ita
365 3397 465 3446 veteres
484 3391 656 3460 distinguunt,
674 3393 698 3448 si
714 3391 742 3446 id
758 3393 885 3462 adquisirt
899 3407 987 3446 servus
1004 3391 1075 3460 quod
1126 3409 1157 3450 ιο
1175 3393 1335 3464 adquisitum
1352 3393 1400 3458 sit,
1418 3397 1516 3460 tamea
1535 3393 1558 3448 si
1574 3395 1713 3459 rescisset,
1730 3409 1859 3464 passurus
1877 3399 1930 3448 erat

269 3457 389 3514 dominus
406 3475 515 3514 necesse
532 3461 684 3514 nonhabet
719 3467 853 3524 masters,
871 3459 899 3514 id
917 3475 975 3514 esse
991 3475 1074 3528 pecu·
1127 3465 1140 3516 1
1177 3477 1235 3516 ιιιι
1260 3463 1287 3516 in
1313 3463 1426 3530 peculio.
1461 3461 1491 3516 Si
1512 3461 1651 3532 ignorante
1673 3477 1716 3516 ine
1742 3477 1833 3516 servus
1859 3477 1932 3516 meus

268 3527 345 3606 hum,
370 3527 393 3580 si
414 3541 477 3582 iero
494 3529 599 3584 tunicas
617 3533 664 3582 aut
680 3477 780 3598 ollquid
797 3529 882 3582 simile
899 3527 970 3596 quod
987 3527 1074 3606 eido-
1126 3529 1233 3598 negotia
1253 3545 1313 3584 mea
1335 3529 1571 3596 administraverit,
1593 3529 1722 3584 tantidem
1745 3529 1849 3584 debitor
1871 3531 1935 3584 mihi

267 3609 354 3648 minus
371 3609 480 3650 necesse
495 3595 579 3648 habet
599 3601 750 3664 praestare,
776 3613 831 3650 non
854 3611 912 3650 esse
934 3595 1073 3664 pecuhurn.
1125 3597 1304 3666 intellegetur,
1328 3597 1420 3666 quanti
1436 3597 1593 3664 tenebatur,
1614 3599 1637 3652 si
1658 3599 1725 3652 liber
1748 3599 1854 3668 negotia
1875 3613 1932 3652 mea

269 3663 308 3716 ita
331 3659 411 3730 igitur
433 3661 553 3718 nascitur
574 3663 721 3732 peccham:
748 3663 858 3730 crescit,
883 3667 1075 3718 camenctum
1126 3669 1141 3718 2
1177 3665 1394 3720 administrasset.
1430 3665 1467 3720 Ut
1484 3665 1587 3720 debitor
1603 3667 1645 3720 ιιι
1662 3681 1753 3720 servus
1772 3667 1875 3720 domino
1894 3667 1936 3720 rel

267 3729 360 3810 luerit:
385 3729 529 3794 decrescit,
559 3747 620 3786 oum
642 3733 711 3784 servi
732 3733 825 3786 ιιιιιιι
846 3731 1008 3796 moriuntur,
1031 3745 1074 3784 ies
1127 3733 1248 3788 domiuus
1265 3749 1341 3788 servo
1364 3733 1546 3802 intellegatur,
1571 3749 1709 3788 excausa
1733 3733 1802 3788 civili
1826 3751 1933 3802 compu-

267 3797 439 3852 intercidunt:
456 3799 576 3864 moritur,
595 3815 655 3854 cuin
671 3799 825 3868 ademptum
842 3799 885 3854 ιιι.
1125 3800 1235 3855 tandum
1253 3805 1305 3856 est:
1323 3801 1437 3870 ideoque
1454 3801 1478 3856 si
1495 3801 1617 3856 domium
1633 3801 1662 3856 iu
1678 3803 1794 3856 rationes
1813 3817 1875 3856 suas
1892 3817 1933 3856 re·

302 3863 339 3924 41
365 3865 510 3922 Uarianos
524 3865 591 3922 libro
609 3867 715 3938 quadra
734 3869 836 3922 ausimo
856 3869 933 3922 tertio
948 3865 986 3922 ad
998 3865 1075 3922 Sabi·
1125 3867 1233 3924 ieratse
1243 3869 1338 3924 dehere
1353 3885 1428 3924 serio
1443 3885 1501 3936 suo,
1517 3885 1578 3924 cum
1592 3871 1698 3924 omnino
1713 3885 1747 3924 ne
1766 3885 1800 3924 ue
1814 3875 1935 3940 motuum

215 3943 216 3946 ’
267 3951 332 3990 aum
365 3933 423 3990 Nec
446 3951 536 4016 servus
554 3935 695 4006 quicquam
713 3885 810 3992 lebera
827 3941 916 4016 potest
932 3951 982 3990 nec
1000 3951 1074 3990 serio
1127 3937 1259 4006 acceperit
1273 3953 1359 4008 neque
1372 3937 1428 3994 ulla
1442 3955 1526 3994 cansa
1534 3943 1715 4008 praecesserat
1724 3939 1758 3994 de
1778 3937 1845 4006 endi,
1862 3937 1935 3994 nuda

268 4007 357 4072 potest
378 4003 480 4070 deberi,
505 4003 552 4060 sed
576 4021 637 4060 curn
655 4021 685 4060 ιο
703 4005 783 4060 uerbo
802 4005 951 4070 abutimur,
973 4003 1076 4058 factum
1125 4005 1194 4060 ratio
1211 4021 1265 4060 non
1280 4005 1348 4060 iacit
1365 4021 1425 4060 eum
1442 4007 1598 4062 debitorem.
1919 4023 1920 4026 ¹

269 4071 351 4152 inagis
374 4071 582 4126 demonstramus
607 4087 686 4142 quam
710 4073 744 4126 ad
768 4073 810 4128 ius
838 4073 912 4126 ιιι-ιιι
937 4071 1075 4126 referimus
1160 4069 1200 4130 50
1217 4071 1484 4130 pisianactiam
1501 4091 1572 4128 acac
1591 4075 1776 4144 qaaestionem
1808 4075 1851 4128 Eo
1868 4079 1933 4126 tem-

268 4141 461 4210 obhgationem.
488 4141 579 4210 itaque
596 4139 668 4210 quod
685 4155 759 4196 servo
779 4141 904 4206 debetur,
928 4141 961 4194 ab
986 4145 1075 4194 extra-
1125 4156 1199 4210 pore,
1217 4157 1269 4210 quo
1287 4141 1315 4194 in
1331 4143 1436 4212 pecidio
1451 4141 1518 4196 nibil
1532 4147 1581 4208 est,
1599 4147 1676 4210 pater
1689 4143 1790 4198 latitat:
1808 4143 1837 4196 in
1850 4143 1933 4196 bono·

268 4209 323 4264 aeis
341 4207 461 4264 ιιοιιιιιιιιι
479 4213 552 4264 recte
568 4213 649 4278 petet,
668 4209 739 4278 quod
757 4223 848 4264 servus
864 4209 921 4276 ipse
938 4207 1025 4274 debet,
1043 4223 1074 4264 ιο
1125 4225 1185 4264 rum
1201 4211 1395 4276 possessionem
1413 4211 1470 4264 eius
1487 4211 1527 4264 ιιι
1544 4211 1687 4264 servandae
1703 4225 1785 4264 causa
1797 4209 1867 4264 mitti
1880 4225 1934 4264 non

269 4277 372 4332 nomine
387 4277 416 4330 in
432 4275 565 4344 peculium
582 4281 623 4342 ιι,
647 4277 669 4330 si
693 4277 757 4346 quid
780 4275 842 4330 inde
858 4277 887 4330 in
903 4291 960 4330 rem
977 4275 1075 4330 domini
1125 4291 1248 4346 possum,
1270 4279 1314 4346 qui
1338 4277 1371 4332 de
1392 4279 1497 4348 peculio
1522 4295 1583 4332 cnm
1600 4291 1630 4332 eo
1650 4283 1758 4332 acturus
1776 4295 1849 4342 sum,
1872 4279 1934 4346 quia

272 4359 372 4402 tersum
389 4351 437 4410 est,
453 4345 482 4398 in
498 4343 633 4398 dominum
650 4345 720 4398 actio
738 4345 825 4398 datur.
1125 4361 1180 4398 non
1195 4343 1372 4400 fraudationis
1391 4359 1474 4400 causa
1490 4345 1580 4400 latitat
1614 4345 1656 4412 ui,
1679 4345 1702 4400 si
1718 4345 1845 4400 iudicium
1862 4345 1932 4398 acci-

301 4409 341 4470 42
358 4411 519 4468 Innadbrc
536 4413 691 4468 duodecimo
708 4411 876 4468 meledictum
896 4413 942 4468 'In
963 4413 1074 4480 adroga·
1125 4417 1213 4480 peret,
1237 4411 1338 4466 absolvi
1362 4411 1478 4468 deberet.
1505 4429 1554 4468 nec
1577 4363 1615 4468 al
1634 4429 1689 4468 rem
1712 4413 1839 4482 pertinet,
1880 4411 1934 4466 uod

268 4487 350 4536 torem
382 4481 415 4536 de
438 4479 543 4550 peculio
570 4481 702 4534 actionem
728 4479 844 4534 dandm
870 4479 977 4550 quidam
1001 4485 1075 4536 recte
1124 4481 1183 4534 fieri
1199 4483 1296 4550 potest,
1313 4485 1344 4534 nt
1361 4481 1497 4534 damnatio
1511 4487 1652 4550 aequaturi
1670 4497 1732 4534 narn
1747 4487 1773 4534 et
1788 4481 1811 4534 si
1824 4479 1853 4534 in
1886 4481 1934 4534 'em

267 4555 371 4618 putant,
389 4549 507 4618 quamvis
524 4547 639 4602 Sabinus
657 4554 684 4602 et
701 4547 809 4602 Cassius
827 4563 861 4602 eir
877 4553 939 4602 ante
953 4553 1027 4618 gesto
1042 4549 1075 4604 de
1124 4547 1165 4602 ιιι
1183 4549 1233 4602 sub
1251 4547 1406 4602 condicione
1424 4547 1568 4612 debeatur,
1586 4549 1762 4602 fraudationis
1781 4563 1863 4602 causa
1880 4561 1935 4602 non

267 4617 369 4688 peculio
387 4619 519 4672 actionem
536 4633 590 4672 non
608 4631 666 4672 esse
683 4615 799 4670 dandam
816 4615 975 4672 existimant.
1124 4615 1228 4670 ridetur
1249 4615 1369 4680 latitare,
1392 4615 1500 4670 tametsi
1516 4621 1611 4684 'potest
1633 4615 1728 4670 iudicis
1749 4615 1848 4670 iniuria
1871 4631 1932 4670 con-

209 4749 210 4752 ,
302 4681 341 4744 43
360 4685 480 4740 Pincus
491 4683 558 4740 libro
574 4685 729 4756 trigessimo
737 4683 776 4738 ad
783 4685 898 4740 edictam
932 4683 1074 4756 Sipostea-
1125 4683 1251 4738 demirari.
1278 4681 1325 4738 sed
1349 4683 1533 4738 fideiussorem
1556 4683 1647 4738 datum
1671 4699 1701 4738 ιο
1727 4687 1857 4752 tempore,
1882 4697 1933 4750 quo

267 4769 347 4822 quam
364 4759 453 4808 tecum
470 4753 503 4808 ιιι
539 4753 624 4808 eculio
643 4753 691 4820 egi,
709 4757 772 4806 ante
788 4769 845 4806 rem
861 4753 1005 4806 iudicatam
1019 4769 1074 4808 ser·
1124 4751 1191 4804 nihil
1206 4751 1235 4804 in
1250 4751 1355 4820 peculio
1373 4757 1427 4816 est,
1450 4751 1538 4804 teneri
1559 4755 1637 4820 putat
1653 4751 1787 4816 Iulianus,
1811 4751 1934 4820 quoniam

266 4839 329 4878 rum
345 4821 500 4888 vendideris,
517 4769 609 4876 liabeo
627 4821 666 4876 ait
683 4821 762 4874 etiarn
779 4821 837 4876 eius
850 4819 948 4888 peculii
960 4821 1074 4888 nomine,
1124 4819 1265 4874 fideiussor
1286 4819 1393 4872 futurae
1417 4835 1523 4888 quoque
1546 4819 1658 4874 actionis
1682 4819 1768 4888 accipi
1790 4819 1889 4888 possit,
1912 4815 1934 4870 si

268 4891 338 4960 quod
355 4891 426 4960 apud
444 4893 590 5010 emptorem
607 4889 764 4958 quaesierit,
788 4889 910 4942 damnari
932 4893 960 4942 te
977 4891 1074 4942 debere
1128 4895 1138 4940 1
1175 4893 1266 4942 ιιιιιιι
1282 4885 1321 4942 ιιι
1338 4891 1466 4954 acceptus
1484 4891 1533 4940 est
1568 4885 1597 4942 Si
1614 4887 1730 4942 creditor
1745 4893 1864 4954 patrem,
1888 4885 1932 4954 qui

267 4973 316 5012 nec
333 4973 477 5014 succrmren
495 4973 541 5012 um
557 4957 621 5010 tibi:
644 4957 723 5026 culpa
740 4957 810 5010 enim
827 4963 876 5010 tua
891 4955 919 5008 id
936 4957 1074 5022 accidisse,
1125 4955 1158 5010 de
1174 4955 1278 5024 pecnho
1295 4955 1450 5018 tenebatur,
1468 4953 1592 5008 heredem
1606 4953 1766 5018 instituerit,
1785 4955 1848 5022 qnia
1865 4969 1933 5008 moi-

267 5025 312 5092 qui
329 5041 432 5080 serrum
449 5023 619 5080 vendidisses.
742 5051 743 5054 ι
1124 5023 1158 5076 tis
1176 5029 1280 5102 tempus
1297 5023 1326 5074 in
1342 5021 1479 5076 Falcidiae
1496 5021 1599 5074 ratione
1617 5025 1761 5090 spectatur,
1779 5021 1850 5074 illius
1867 5025 1932 5074 tem-

301 5089 342 5150 44
364 5091 509 5148 Uarianae
522 5093 591 5148 libro
608 5091 797 5162 sexagensimo
815 5091 893 5146 tertio
911 5091 948 5146 ccl
960 5089 1075 5146 edictam
1126 5095 1140 5144 2
1175 5105 1247 5158 pons
1289 5089 1402 5144 ecuhnm
1426 5089 1644 5144 considerabitur.
1680 5089 1770 5142 Etiam
1793 5095 1933 5158 postquam

267 5157 377 5228 Siquis
401 5175 461 5214 cum
483 5157 675 5214 filiofamilias
701 5157 878 5224 contraxerit,
905 5159 971 5214 duos
993 5159 1075 5214 habet
1125 5157 1247 5212 dominus
1268 5105 1306 5236 lle
1331 5155 1434 5224 pecrdio
1461 5161 1607 5236 concentus
1633 5161 1687 5222 est,
1719 5155 1860 5212 fideiussor
1884 5169 1932 5224 pro

267 5225 414 5292 debitores,
437 5227 520 5282 filium
544 5227 572 5280 in
590 5225 703 5282 solidum
720 5229 747 5280 et
764 5231 869 5294 patrem
886 5227 1025 5280 dumtaxat
1041 5227 1076 5280 de
1125 5239 1201 5278 servo
1220 5239 1278 5278 acor
1296 5239 1306 5276 1
1328 5229 1418 5292 potest
1441 5229 1468 5278 et
1490 5223 1581 5290 ideal,
1609 5239 1662 5292 qua
1685 5225 1800 5288 radone,
1828 5225 1851 5278 si
1873 5225 1934 5292 post

267 5293 378 5360 pecuho.
470 5315 471 5318 ¹
1125 5293 1257 5346 actionem
1293 5291 1400 5344 'statam
1424 5305 1515 5344 serras
1538 5291 1680 5360 pecuniam
1703 5291 1857 5358 exsolverit,
1880 5305 1933 5344 nou

302 5355 342 5414 45
359 5359 479 5416 Paucos
498 5359 567 5416 libro
590 5359 778 5430 sexagensimo
796 5361 890 5430 primo
908 5359 945 5416 ad
961 5359 1074 5416 edictam
1124 5359 1206 5428 magis
1223 5363 1343 5428 repetere
1360 5363 1450 5428 potest
1467 5373 1548 5430 quam
1562 5359 1585 5414 si
1598 5359 1724 5414 iudicium
1739 5359 1866 5416 dictatum
1879 5373 1933 5414 non

267 5425 383 5494 Ideoque
399 5427 422 5480 si
437 5431 515 5496 pater
530 5425 585 5482 filio
602 5425 735 5506 peculium
753 5427 909 5494 ademisset,
926 5427 1008 5482 nihilo
1025 5429 1075 5482 mi·
1124 5425 1233 5492 brissei,
1257 5425 1348 5482 eadem
1370 5427 1475 5482 ratione
1491 5425 1632 5482 fideiussor
1649 5443 1755 5496 quoque
1772 5427 1872 5482 utiliter
1888 5443 1932 5482 ac·

267 5507 318 5546 nus
335 5493 478 5548 creditores
497 5509 556 5548 cnm
572 5491 627 5548 fiho
644 5507 724 5562 agere
739 5501 861 5562 possunt.
1126 5497 1218 5562 ceptus
1235 5493 1374 5560 videbitur,
1390 5493 1453 5562 qnia
1466 5495 1598 5550 naturalis
1611 5495 1746 5564 obligatio,
1762 5511 1842 5566 quam
1856 5497 1933 5552 etiam

300 5553 437 5614 461n1rn
455 5557 524 5614 libro
545 5561 921 5632 sexagensimoadcdictam
955 5561 1006 5630 Qui
1027 5575 1074 5630 pe-
1125 5575 1216 5614 servns
1234 5561 1370 5630 suscipere
1385 5561 1517 5628 videtur⁵,
1533 5563 1562 5616 in
1577 5563 1651 5616 litem
1667 5563 1799 5618 ιιιιιιιιιι
1815 5581 1871 5620 non
1884 5569 1931 5620 est.

266 5725 296 5786 (1)
314 5725 417 5776 tribu-W
519 5727 552 5788 (ι)
569 5727 593 5776 si
602 5731 660 5778 ante
668 5729 840 5780 venditionem
850 5747 934 5780 servus
944 5731 967 5778 ei
976 5731 1073 5794 aliquid
1124 5731 1155 5794 (4)
1173 5715 1285 5782 ideodcl.
1355 5733 1387 5796 (t)
1405 5731 1581 5786 ιιιιιιιιιιιιΕ2

266 5789 380 5846 debuerit
393 5791 432 5842 vel
443 5791 535 5842 similia
549 5795 594 5842 ina.
722 5803 754 5854 ιι)
771 5797 870 5848 minuat
884 5797 1010 5860 peculium
1025 5815 1071 5848 scr.
