4366 6258
247 371 288 418 nu
311 331 470 418 nunniuss.
494 371 537 416 aa:
558 371 705 418 sinuosa.
1040 349 1104 422 739

923 445 1225 458 -ι-ι-Ι-ᾱι--ι-

715 681 849 754 LIBER
872 675 1235 770 outheleesntbs
1258 683 1434 758 SEXTUS.

629 871 670 932 1¹⁴
1101 865 1256 932 obhgationi
1276 883 1368 934 posse,
1390 869 1444 922 sive
1466 883 1494 922 re
1516 865 1570 920 sive
1588 863 1674 918 verbis
1692 861 1902 942 sivelcousensu.

302 973 349 1024 DE
366 967 645 1022 amnesamnes
660 971 705 1020 ΕΤ
723 967 996 1018 Menestam·
1102 931 1533 1068 {bastetaniam
1541 931 1684 1056 littei
1703 931 1905 1066 sittim
1951 957 1952 960 ‘

283 1073 294 1128 l
326 1069 472 1124 Uarianos
497 1067 564 1122 libro
587 1069 741 1138 triquetrae
764 1081 834 1120 nono
863 1065 900 1118 oct
922 1063 1050 1118 Sabinum
1100 1065 1174 1120 litem
1197 1071 1373 1120 contestatam
1394 1067 1534 1122 fideiussor
1554 1065 1641 1136 accipi
1664 1069 1768 1138 potest,
1795 1063 1857 1132 quie
1878 1069 1905 1118 et

251 1139 322 1202 omni
340 1135 495 1204 obligationi
511 1133 651 1190 fideiussor
670 1133 796 1188 accedere
814 1137 909 1204 potest.
1101 1133 1183 1188 civilis
1202 1139 1229 1186 et
1245 1135 1374 1188 naturalis
1392 1136 1484 1192 subest
1499 1135 1639 1204 obligatio:
1664 1139 1691 1188 et
1711 1135 1763 1190 hoo
1780 1139 1807 1186 et
1823 1131 1903 1186 Iulia-

280 1207 298 1266 2
317 1205 486 1260 Ponrourns
502 1203 569 1258 libro
583 1205 723 1258 uicensimo
738 1201 855 1256 secundo
870 1201 907 1254 od
921 1199 1050 1254 Setinum
1100 1219 1150 1258 nus
1169 1201 1284 1256 admittit
1301 1217 1385 1270 ecque
1401 1203 1459 1258 iure
1472 1203 1578 1258 utimur.
1604 1219 1639 1258 an
1653 1218 1714 1270 ergo
1727 1203 1902 1258 condemnato

250 1283 283 1336 Et
299 1271 459 1330 commodati
476 1277 503 1324 et
521 1269 634 1338 depositi
650 1269 789 1324 fideiussor
806 1269 893 1338 accipi
935 1273 1005 1324 otest
1025 1273 1052 1322 et
1101 1287 1147 1324 reo
1166 1271 1320 1338 exceptione
1337 1269 1377 1324 nti
1393 1271 1490 1338 possit,
1514 1271 1661 1340 quaeritur:
1685 1285 1747 1324 nam
1767 1271 1826 1342 ipso
1848 1271 1905 1326 iore

250 1349 357 1406 senetur,
376 1339 481 1394 etiamsi
497 1339 569 1408 apud
586 1353 689 1392 servum
705 1337 889 1406 velpupillum
921 1337 1070 1408 epositum
1101 1357 1155 1408 non
1175 1339 1313 1400 liberatur.
1349 1343 1376 1392 et
1392 1339 1415 1392 si
1433 1339 1536 1406 quidem
1553 1339 1662 1392 iudiomi
1679 1339 1791 1396 actionis
1810 1355 1904 1408 accep-

250 1409 471 1470 sommodatumve
492 1405 586 1472 fuerit,
611 1406 657 1460 sed
677 1407 716 1458 ita
737 1405 856 1470 demum,
880 1405 903 1458 si
924 1411 972 1460 aut
989 1405 1050 1460 dolo
1100 1411 1144 1462 tus
1159 1411 1275 1472 nonest,
1295 1405 1342 1462 sed
1355 1411 1459 1460 tantum
1470 1405 1523 1460 litis
1540 1405 1743 1472 exercitationis,
1760 1409 1905 1462 rectissime

249 1481 314 1536 malo
328 1483 375 1530 ant
388 1477 468 1544 culpa
480 1475 509 1530 hi
521 1475 648 1540 fecerunt,
662 1489 710 1542 pro
726 1473 822 1542 quibus
834 1471 989 1528 fideiussum
1001 1481 1050 1528 est.
1102 1477 1206 1528 dicetur
1226 1475 1265 1528 uti
1281 1489 1341 1528 euru
1359 1473 1514 1544 exceptione
1530 1489 1623 1542 posse:
1648 1475 1671 1528 si
1693 1491 1755 1528 vero
1779 1481 1904 1544 acceptus

280 1543 466 1604 {idumaeus
485 1543 553 1598 dhre
575 1543 801 1622 quadragensimo
820 1543 897 1596 tertio
920 1543 957 1598 ed
974 1541 1050 1598 Sota·-
1102 1549 1118 1598 4
1151 1543 1233 1598 fuerit
1251 1543 1329 1596 etiam
1346 1541 1428 1594 totius
1448 1555 1556 1606 causae,
1580 1543 1695 1596 cessabit
1715 1543 1845 1612 exceptio.
1880 1543 1905 1596 A

250 1633 308 1672 :auru
347 1611 398 1678 Qui
421 1611 552 1666 satisdare
575 1609 708 1680 promise,
737 1611 775 1666 ita
800 1609 905 1666 demum
927 1611 1051 1682 implesse
1101 1617 1202 1678 tutore,
1221 1611 1266 1680 qui
1283 1615 1441 1666 testamento
1460 1609 1538 1664 datus
1556 1615 1609 1676 est,
1628 1609 1749 1666 siluerit
1766 1611 1905 1666 fideiussor

251 1681 443 1750 stipulationem
465 1677 646 1734 satisdationis
668 1677 785 1744 videtur,
815 1681 839 1734 si
866 1697 927 1736 euru
949 1679 1052 1734 dederit
1102 1687 1116 1734 5
1153 1681 1371 1746 demutaretur.
1397 1677 1449 1732 Sed
1466 1683 1493 1732 et
1511 1677 1533 1732 si
1550 1693 1584 1732 ex
1599 1679 1695 1732 delicto
1709 1681 1812 1734 oriatur
1826 1681 1904 1744 actio,

250 1749 405 1806 accessionis
428 1749 502 1814 loco,
533 1747 578 1816 qui
606 1747 716 1816 obligari
740 1755 830 1818 potest
853 1755 880 1804 et
903 1747 1050 1804 conveniri:
1102 1755 1117 1804 6
1151 1747 1234 1816 magis
1256 1753 1380 1816 putamus
1403 1745 1487 1800 teneri
1508 1745 1696 1802 fideiussorem.
1736 1747 1774 1802 Et
1794 1765 1904 1828 mnesa-

250 1825 361 1874 ceterum
386 1817 411 1870 si
436 1815 537 1870 dederit
560 1833 664 1870 servum
687 1823 733 1870 aut
755 1817 839 1870 fihum
862 1817 989 1882 familias,
1017 1831 1050 1870 ex
1100 1819 1161 1870 liter
1179 1817 1295 1870 omnium
1313 1815 1502 1884 obligationum
1519 1813 1700 1870 fideiussorem
1722 1817 1809 1886 accipi
1826 1831 1905 1886 posse

250 1885 339 1956 quibus
358 1885 447 1940 causis
465 1885 497 1938 de
514 1885 618 1954 peculio
637 1885 706 1940 actio
723 1903 777 1940 non
795 1887 882 1954 datur,
899 1887 942 1940 vel
958 1885 1049 1940 mulie-
1102 1891 1116 1938 t
1151 1885 1249 1940 nemini
1271 1885 1381 1938 dubium
1405 1887 1452 1938 est.
1487 1885 1557 1938 illud
1579 1899 1717 1938 commune
1739 1885 1829 1938 estin
1846 1885 1905 1938 uni-

249 1969 312 2014 rcm,
332 1969 400 2020 quae
417 1953 516 2008 auxilio
534 1959 641 2008 senatus
659 1955 774 2008 consuti
790 1955 887 2020 utitur,
910 1953 1049 2008 dicendum
1100 1953 1196 2018 versis,
1223 1953 1267 2022 qui
1283 1969 1333 2024 pro
1351 1951 1409 2006 aliis
1427 1951 1590 2020 obligentur,
1615 1953 1699 2034 quod,
1722 1951 1746 2006 si
1763 1951 1861 2008 fuerint
1876 1953 1905 2008 iu

250 2025 287 2076 est
311 2035 365 2074 non
393 2037 453 2076 esse
480 2021 615 2092 impletam
641 2023 820 2076 satisdationis
844 2023 1049 2092 stipulationem.
1101 2021 1235 2076 duriorem
1253 2037 1368 2084 ¹causam
1389 2019 1513 2086 adhibiti,
1538 2021 1638 2090 placurt
1659 2035 1704 2074 eos
1727 2021 1833 2076 omnino
1850 2037 1905 2076 non

250 2089 323 2158 plane
346 2089 370 2142 si
392 2105 447 2144 non
469 2089 593 2144 idoneum
615 2089 795 2146 fideiussorem
816 2089 942 2156 dederit2,
966 2107 1010 2144 ma
1028 2089 1050 2144 's
1102 2089 1225 2158 obligari:
1248 2091 1276 2144 in
1297 2089 1421 2146 leviorem
1443 2088 1522 2158 plene
1545 2103 1654 2142 causam
1676 2089 1761 2158 accipi
1803 2095 1904 2154 ossunt,

251 2161 299 2218 est,
323 2161 353 2208 ut
370 2157 537 2212 satisfactum
554 2159 602 2222 sit,
627 2159 688 2226 quia
712 2157 756 2226 qui
779 2157 886 2212 admisit
907 2157 1004 2212 eumd
1023 2173 1050 2212 e·
1100 2163 1211 2228 propter
1232 2159 1302 2226 quod
1323 2161 1352 2212 in
1372 2159 1499 2212 minorem
1521 2173 1650 2214 summurn
1672 2161 1745 2210 recte
1766 2105 1905 2212 fiieiussor

250 2223 386 2290 iubentem,
404 2227 528 2280 idoneum
544 2241 603 2280 esse
622 2227 810 2294 comprobavit.
1101 2227 1255 2296 accipietur.
1290 2227 1353 2280 item
1376 2231 1486 2296 accepto
1508 2241 1554 2280 reo
1576 2239 1644 2294 pure
1664 2225 1722 2294 ipse
1742 2239 1776 2278 ex
1799 2223 1842 2280 die
1863 2227 1905 2280 vel

280 2287 396 2346 dinen
416 2293 483 2348 libro
506 2293 731 2374 quadrupensimc
749 2295 843 2362 quinto
867 2293 904 2348 ud
920 2293 1050 2348 Sabinum
1101 2295 1151 2350 snb
1175 2295 1328 2350 condicione
1346 2293 1433 2362 accipi
1448 2299 1548 2362 potest:
1572 2293 1704 2348 enimvero
1727 2293 1751 2346 si
1771 2307 1832 2346 reus
1854 2293 1904 2346 sub

250 2359 337 2412 Potest
350 2359 438 2428 accipi
451 2359 591 2414 fiderussor
603 2361 659 2416 eius
674 2363 794 2428 actionis,
813 2377 893 2428 quam
909 2361 1050 2416 habiturus
1101 2361 1257 2416 condicione
1275 2363 1310 2416 sit
1328 2367 1461 2430 acceptus,
1478 2361 1619 2416 fideiussor
1634 2375 1714 2430 pure,
1732 2375 1787 2414 non
1804 2359 1903 2428 obliga·

251 2441 304 2480 sum
326 2425 452 2482 adversus
476 2443 547 2492 eum,
571 2443 621 2496 pro
644 2445 695 2496 quo
718 2429 847 2496 fideiussi,
869 2429 910 2482 vel
931 2429 1050 2484 mandati
1101 2435 1116 2486 8
1151 2431 1230 2486 bitur.
1267 2431 1295 2484 Si
1312 2431 1374 2500 ιιιιι8
1392 2431 1510 2484 Stichum
1529 2429 1670 2500 stipulatus
1688 2429 1779 2494 fuerit,
1797 2429 1905 2482 fideius-

255 2501 261 2546 l
295 2493 336 2548 vel
352 2497 519 2564 negotiorum
532 2501 673 2564 gestorum.
701 2497 857 2552 Fideiussor
870 2497 968 2566 etipse
983 2497 1049 2552 obli-
1101 2515 1188 2554 sorem
1210 2499 1249 2554 ita
1271 2499 1416 2568 acceperit:
1448 2497 1576 2554 ‘Stichum
1595 2503 1642 2554 aut
1664 2497 1754 2552 decern
1779 2497 1831 2552 lide
1857 2503 1905 2552 tua

250 2565 322 2640 gatar
334 2569 361 2616 et
373 2563 497 2618 heredem
510 2563 655 2632 obligatum
668 2565 819 2634 relinquiti,
837 2581 897 2620 curn
909 2565 950 2620 rei
962 2566 1050 2620 locum
1101 2567 1186 2622 ‘iubes
1192 2569 1221 2634 ?',
1240 2583 1293 2620 non
1311 2568 1422 2638 obigari
1439 2567 1620 2622 fideiussorem
1637 2565 1756 2620 Iulianus
1774 2565 1824 2634 ait,
1842 2567 1905 2636 qnia

251 2635 372 2698 optineat.
967 2701 969 2706 χ
1100 2633 1193 2690 ιιιιιιοι
1210 2635 1266 2690 eiua
1283 2635 1314 2688 fit
1331 2635 1467 2700 condicio,
1486 2641 1578 2704 utpote
1596 2651 1656 2690 cum
1672 2635 1791 2688 futurum
1808 2635 1856 2700 sit,
1874 2641 1905 2688 ut

281 2695 297 2752 5
321 2697 402 2752 Innu
422 2699 489 2754 libro
513 2701 737 2770 quedruqeust'mo
760 2703 838 2754 sento
862 2701 899 2754 cd
920 2699 1049 2756 Setinum
1100 2707 1207 2758 mortuo
1221 2703 1311 2758 Sticho
1324 2709 1455 2758 teneatur.
1481 2701 1626 2758 Marcellus
1640 2709 1728 2758 eutem
1743 2703 1905 2758 ιιοιιιιιιοιι9

252 2765 412 2820 Generaliter
434 2767 552 2822 Iudinnns
577 2767 615 2820 eit
636 2785 708 2832 euna,
732 2767 778 2836 qui
800 2767 878 2824 heres
900 2767 999 2822 exstitit
1017 2769 1057 2832 ei,
1100 2769 1160 2824 ideo
1178 2775 1282 2824 tantum
1299 2787 1353 2824 non
1370 2769 1488 2838 obligari,
1507 2771 1569 2840 quia
1585 2771 1614 2824 in
1626 2771 1757 2824 duriorem
1771 2769 1902 2824 condicio·

251 2849 294 2902 pro
335 2851 370 2888 uo
392 2833 583 2902 intervenerat,
606 2835 713 2892 liberari
735 2851 769 2890 ex
789 2851 873 2890 causa
890 2835 1049 2890 accessionis
1100 2853 1161 2890 nem
1179 2844 1305 2908 acceptus
1322 2845 1374 2906 est,
1399 2839 1446 2892 sed
1484 2839 1529 2892 uia
1546 2839 1616 2894 etin
1634 2839 1712 2892 aliam
1730 2839 1819 2908 potius
1837 2839 1902 2892 obli-

251 2851 459 2982 etsoiumrnodo
473 2903 559 2982 'quasi
587 2903 722 2982 heredem·
738 2903 777 2982 rei
803 2905 895 2982 teneri.
937 2903 1050 2968 denique
1100 2905 1234 2974 gationem
1252 2911 1377 2974 acceptus
1395 2911 1450 2962 est:
1466 2855 1533 2960 huni
1551 2921 1585 2960 ue
1607 2921 1656 2974 pro
1679 2923 1723 2974 eo,
1749 2905 1794 2974 qui
1816 2905 1904 2962 decem

251 2975 359 3046 scnpsrt,
377 2985 402 3022 su
418 2969 560 3024 fiderussur
576 2971 651 3024 heres
669 2975 787 3024 extiterat
803 2985 835 3036 eu,
853 2985 901 3040 pro
917 2985 969 3040 quo
983 2971 1049 3024 fide·
1101 2971 1290 3042 promiseritffl,
1317 2989 1371 3028 non
1396 2975 1494 3042 poterit
1521 2923 1662 3028 fiheiussor
1686 2973 1726 3028 ita
1748 2973 1848 3044 accipi,
1874 2981 1905 3028 ut

250 3037 333 3100 iussrt,
361 3037 438 3104 quasi
458 3051 534 3092 reum
556 3053 614 3092 esse
636 3037 792 3106 obligatum,
821 3051 855 3092 ex
881 3053 962 3092 cerusa
983 3037 1049 3090 fide-
1101 3041 1192 3094 decem
1210 3047 1257 3094 eut
1274 3039 1392 3094 Stichum
1409 3043 1557 3110 promittat,
1582 3041 1700 3112 quamvis
1718 3055 1751 3098 eo
1769 3055 1834 3096 casu
1850 3057 1905 3096 nou

251 3103 368 3160 iussionis
391 3104 514 3160 liberari:
542 3121 617 3160 reum
646 3121 708 3162 vero
734 3121 780 3160 reo
807 3103 991 3160 succedentem
1017 3121 1050 3158 ex
1101 3113 1116 3160 9
1151 3109 1182 3160 fit
1199 3109 1255 3162 eius
1274 3107 1364 3162 durior
1381 3109 1510 3162 condicio.
1535 3109 1608 3162 Iden
1626 3109 1745 3164 Iulianus
1763 3109 1814 3162 ait:
1832 3109 1856 3164 si
1873 3109 1902 3176 is,

252 3175 348 3226 duabus
366 3173 454 3226 causis
473 3187 531 3226 esse
549 3173 700 3240 obligatum.
731 3187 780 3226 nec
797 3173 867 3226 enim
884 3177 972 3242 potest
989 3189 1048 3240 rep·
1101 3175 1147 3242 qui
1164 3175 1295 3228 hominem
1313 3181 1360 3228 aut
1377 3175 1466 3230 decem
1484 3175 1543 3230 dari
1559 3175 1701 3244 stiptdatus
1718 3177 1818 3242 fuerat,
1839 3175 1902 3232 lide·

251 3241 333 3310 periri,
349 3255 417 3310 quae
431 3241 556 3308 obligatio
572 3255 650 3308 qnam
661 3247 793 3310 peremat:
812 3247 840 3292 at
851 3241 880 3292 in
895 3237 1050 3292 fideiussore
1100 3243 1229 3296 iussorem
1246 3243 1284 3296 ita
1301 3243 1446 3312 acceperit:
1469 3243 1609 3298 ‘hominem
1627 3249 1674 3298 ant
1691 3243 1791 3308 decem,
1816 3249 1904 3298 utrum

251 3313 331 3364 etreo
344 3307 504 3376 repperitur,
522 3307 584 3376 quia
599 3307 638 3360 rei
653 3307 778 3376 obligatio
793 3307 897 3376 plenior
911 3313 960 3362 est.
988 3323 1050 3360 uam
1102 3313 1158 3378 ‘ego
1182 3311 1295 3376 veliml’,
1322 3325 1377 3364 non
1403 3309 1527 3382 obligavit
1547 3325 1621 3380 eum,
1649 3311 1711 3378 qnia
1733 3311 1825 3366 durior
1847 3313 1905 3366 eius

251 3377 293 3430 ubi
310 3375 345 3430 ali
363 3391 399 3430 ua
418 3373 566 3430 differentia
587 3381 628 3430 est
650 3375 851 3442 obligationum,
875 3379 963 3442 potest
986 3391 1050 3430 cou-
1104 3381 1134 3430 to
1170 3377 1289 3432 condicio
1306 3375 1380 3430 facta
1397 3385 1445 3432 est.
1481 3377 1581 3432 Contra
1598 3381 1686 3434 autem
1702 3379 1726 3434 si
1742 3379 1773 3444 is,
1793 3379 1838 3448 qui
1855 3379 1903 3434 ho·

252 3445 321 3500 stitui
343 3393 453 3498 iterem
474 3457 524 3512 per
546 3445 655 3496 alteram
676 3443 788 3514 peremi:
816 3457 876 3496 cnm
896 3457 958 3496 vero
982 3443 1050 3496 duae
1100 3445 1197 3500 minem
1220 3451 1267 3498 aut
1288 3445 1390 3508 decem,
1415 3451 1503 3500 utrum
1520 3445 1736 3514 ipse-stipulator
1751 3447 1834 3512 volet,
1857 3447 1903 3502 sti·

251 3511 362 3568 eiusdem
385 3511 438 3566 sint
460 3511 615 3580 potestatis,
642 3527 696 3564 uon
720 3513 810 3578 potest
830 3511 975 3578 repperiri,
1004 3527 1051 3562 our
1100 3511 1208 3580 pulatus
1233 3517 1286 3576 est,
1309 3517 1380 3566 recte
1402 3511 1582 3568 fideiussorem
1598 3513 1636 3568 ita
1654 3513 1780 3582 accipiet:
1805 3515 1904 3568 ‘decem

252 3581 330 3634 altera
341 3579 431 3648 potius
446 3593 526 3646 quam
539 3577 624 3632 altera
637 3583 843 3632 consumeretur.
867 3577 950 3632 refert
962 3583 1049 3630 autem
1101 3585 1158 3632 ‘aut
1175 3579 1313 3642 hominem,
1332 3585 1423 3634 utrum
1436 3587 1467 3634 tu
1480 3581 1579 3634 volesi’
1597 3579 1629 3634 fit
1645 3581 1721 3646 enim,
1739 3583 1833 3650 inquit,
1850 3583 1903 3636 hoc

251 3649 312 3700 haec
335 3649 370 3700 ad
392 3647 521 3714 speciem,
549 3647 578 3700 in
601 3661 654 3713 qua
674 3647 730 3700 vult
753 3643 892 3700 ostendere
914 3661 969 3700 non
992 3659 1050 3700 esse
1104 3651 1131 3700 11
1169 3647 1246 3700 modo
1257 3645 1422 3702 fideiussoris
1434 3647 1554 3702 condicio
1565 3649 1665 3702 melior·
1694 3649 1746 3700 Sed
1758 3655 1785 3702 et
1796 3649 1820 3704 si
1830 3665 1905 3702 reum

251 3733 355 3780 novum,
379 3721 410 3766 ut
430 3713 499 3766 dnae
521 3713 693 3782 obligationes
712 3715 740 3766 in
756 3711 835 3768 unius
853 3727 969 3784 persona
987 3729 1049 3768 eon·
1100 3715 1140 3770 sic
1161 3715 1356 3782 interrogavero
1375 3715 1502 3768 ‘Stichum
1526 3721 1552 3768 et
1568 3715 1773 3784 Pamphilum?’‚
1796 3715 1904 3770 fideius-

252 3789 363 3838 currant.
389 3787 432 3836 est
448 3787 537 3836 autem
555 3781 657 3850 species
673 3781 743 3836 talis.
770 3781 793 3836 ei
807 3797 868 3836 reus
881 3781 1050 3850 promittendi
1101 3797 1187 3838 sorem
1205 3781 1331 3836 ‘Stichum
1354 3789 1401 3836 aut
1417 3781 1619 3850 Pamphilumf',
1642 3787 1715 3838 recte
1736 3783 1903 3850 interrogem,

252 3867 293 3906 reo
318 3849 489 3922 promittendi
515 3849 592 3904 heres
620 3849 750 3912 extiterit,
780 3847 846 3904 duas
876 3849 1050 3918 obligationes
1103 3855 1133 3904 ιι
1169 3851 1231 3920 quia
1252 3849 1335 3904 levior
1355 3849 1517 3904 fideiussoris
1541 3849 1661 3906 condicio
1685 3855 1734 3908 est.
1767 3849 1821 3906 Pro
1838 3851 1903 3906 fide-

252 3921 373 3976 sustinet:
386 3951 387 3954 =
398 3919 461 3974 item
482 3917 506 3972 si
525 3933 588 3972 reus
610 3919 644 3972 sti
662 3917 753 3972 mandi
770 3917 900 3972 exstiterit
916 3919 994 3972 heres
1011 3919 1051 3972 rei
1100 3919 1204 3974 iussore
1219 3917 1402 3972 fideiussorem
1419 3919 1503 3988 accipi
1520 3935 1689 3988 nequaquam
1704 3919 1815 3972 dubium
1832 3925 1878 3974 est.

251 3987 398 4056 stipulandi,
416 3987 482 4042 duas
500 3985 601 4056 species
617 3985 669 4040 ob'
688 3985 783 4042 ationis
797 3985 945 4040 sustinebit.
971 3987 1050 4054 plane
1136 3983 1155 4042 9
1178 3985 1347 4040 Pareamus
1367 3985 1434 4040 libro
1457 3987 1597 4040 vicensimo
1619 3991 1698 4040 sento
1721 3985 1759 4040 ed
1774 3985 1903 4040 Sabinum

252 4057 272 4110 si
287 4071 320 4110 ex
336 4057 421 4110 altera
438 4069 531 4108 earum
548 4053 636 4122 egerit,
654 4059 793 4122 utramque
811 4059 961 4118 consumet,
978 4053 1050 4108 vide-
1100 4053 1283 4108 Fideiussores
1301 4059 1327 4106 et
1343 4053 1371 4108 in
1387 4057 1490 4122 partem
1512 4055 1640 4122 pecuniae
1658 4057 1685 4108 et
1700 4053 1729 4106 ιιι
1745 4057 1848 4120 partem
1865 4053 1905 4106 rei

252 4123 309 4178 licet
320 4123 382 4192 quia
396 4129 494 4178 natura
507 4121 693 4190 obligationum
710 4121 829 4188 duarum,
848 4137 915 4202 quas
930 4121 1049 4184 haberet,
1100 4129 1172 4178 recte
1189 4123 1275 4192 accipi
1291 4129 1413 4190 possunt.

253 4207 280 4246 ea
296 4199 379 4256 esset,
398 4197 440 4258 ut,
459 4207 519 4246 cum
536 4191 623 4246 altera
640 4205 730 4246 earum
747 4189 777 4246 in
791 4189 918 4246 iudic1um
936 4189 1048 4244 deduce·
1136 4187 1174 4248 10
1198 4189 1341 4244 Uarianos
1356 4189 1423 4246 libro
1439 4189 1551 4260 septima
1568 4189 1779 4258 imputationum
1811 4189 1837 4240 Si
1855 4187 1903 4240 du-

252 4267 328 4324 retur,
347 4261 432 4312 altera
449 4261 657 4312 consumeretur.
1100 4257 1168 4312 bitet
1186 4257 1307 4324 creditor,
1326 4273 1361 4310 an
1377 4255 1545 4312 fideiussores
1563 4255 1688 4310 solvendo
1706 4255 1773 4318 sint,
1791 4261 1819 4308 et
1835 4271 1904 4308 unus

283 4323 300 4384 6
317 4327 399 4382 inan
412 4327 479 4386 titre
497 4327 722 4396 quadragensimo
740 4343 768 4378 se
788 4327 851 4380 timo
870 4325 906 4380 od
920 4323 1050 4392 Sabinum
1100 4327 1134 4380 ab
1153 4341 1184 4380 eo
1202 4325 1301 4380 electus
1323 4333 1433 4396 paratus
1451 4323 1486 4380 sit
1504 4323 1597 4378 offerre
1620 4321 1783 4386 cautionem,
1807 4327 1838 4374 ιιι
1854 4337 1902 4376 suo

253 4393 396 4464 Stipuletns
410 4411 469 4450 snm
483 4409 501 4448 a
513 4409 559 4448 reo
574 4407 625 4450 nec
638 4393 729 4474 accepi
742 4341 937 4450 dieiussorem:
956 4399 1050 4462 postea
1101 4393 1220 4462 periculo
1238 4393 1457 4448 confideiussores
1475 4391 1675 4468 conveniantur,
1698 4389 1727 4444 in
1748 4387 1902 4470 parte-dico

253 4465 306 4518 volo
334 4463 439 4534 adicere
464 4461 659 4518 fideiussorem:
692 4477 714 4516 su
743 4463 878 4528 adiecero,
910 4461 1052 4516 fideiussor
1101 4461 1259 4516 audiendum
1277 4477 1337 4516 cum
1355 4477 1420 4526 esse,
1438 4461 1475 4514 ita
1492 4465 1588 4526 temen,
1607 4465 1634 4512 et
1651 4459 1701 4514 su¹¹
1718 4457 1904 4512 satisdationes

256 4537 264 4582 ι
299 4531 437 4600 obligetur.
469 4531 507 4582 Et
522 4531 598 4600 parvi
614 4529 703 4594 refert,
721 4535 811 4584 utrum
827 4547 894 4600 pure
911 4531 1049 4584 fideiusso-
1101 4529 1195 4584 offeram
1211 4535 1238 4584 et
1254 4545 1344 4586 omnes
1362 4527 1593 4592 confideiusaores,
1618 4525 1662 4594 qui
1683 4525 1771 4580 idonei
1787 4541 1846 4580 esse
1863 4525 1902 4580 di·

254 4601 267 4648 ‘t
298 4615 354 4654 rem
376 4599 489 4666 obligem
512 4613 547 4652 an
567 4613 600 4652 ex
616 4597 659 4652 die
676 4613 711 4652 an
728 4601 778 4654 sub
797 4599 960 4652 condicione.
995 4597 1050 4652 Ad·
1103 4603 1211 4664 cuntur,
1240 4603 1346 4666 praesto
1368 4597 1434 4652 sint:
1463 4611 1514 4648 nec
1536 4595 1604 4648 enim
1628 4609 1730 4662 semper
1754 4591 1839 4648 facilis
1862 4599 1903 4648 est

253 4663 333 4720 hiberi
348 4673 438 4720 antem
451 4663 591 4720 fideiussor
605 4671 659 4720 tam
671 4665 777 4720 futurae
791 4681 869 4734 quam
881 4665 1051 4734 praecedenti
1100 4665 1214 4720 nominis
1232 4681 1272 4718 em
1290 4665 1342 4730 tio,
1361 4679 1422 4720 cum
1439 4663 1584 4718 numeratio
1601 4663 1683 4716 totius
1701 4661 1783 4715 debiti
1799 4663 1904 4718 nonsit

254 4733 402 4802 obligationi
422 4737 523 4802 potest,
547 4733 687 4788 dummodo
705 4735 740 4788 sit
757 4733 846 4802 aliqua
863 4735 903 4788 vel
921 4735 1050 4788 naturalis
1103 4737 1114 4786 l
1151 4735 1179 4786 in
1201 4747 1266 4802 expe
1285 4733 1330 4786 'to
1364 4735 1407 4786 Ita
1430 4733 1534 4786 demum
1554 4731 1624 4786 inter
1647 4729 1815 4786 fideiussores
1838 4729 1902 4786 divi·

253 4797 339 4856 fultura
355 4801 489 4870 obligatio.
1102 4799 1174 4854 ditur
1199 4801 1282 4868 actio,
1316 4801 1341 4856 si
1367 4817 1422 4854 non
1448 4799 1605 4854 initientur:
1638 4813 1700 4852 nanu
1727 4797 1901 4856 initiantibus

284 4867 461 4924 'lluurnrus
482 4869 548 4924 libro
572 4871 810 4942 quinquagensimo
835 4871 912 4924 tertio
935 4869 1051 4942 digesto·
1103 4873 1116 4922 2
1152 4867 1278 4922 auxiium
1300 4869 1434 4924 divisionis
1456 4873 1567 4922 nonest
1586 4867 1782 4936 indulgendum.
1818 4869 1902 4924 Filius

253 4949 308 4990 rum
347 4937 425 5004 Quod
446 4939 516 4992 enim
540 4939 656 4992 solutum
676 4939 762 5006 repeti
783 4955 837 4992 non
859 4943 962 5008 potest,
986 4953 1050 4992 oon·
1100 4935 1215 4990 familias
1240 4953 1289 5006 pro
1337 4943 1394 4990 atre
1415 4937 1513 5006 poterit
1538 4935 1682 4990 fideiuhere
1703 4951 1753 4992 nec
1775 4937 1825 4990 erit
1844 4939 1902 4994 sine

254 5005 354 5060 veniens
377 5013 419 5062 est
440 5005 519 5060 huius
536 5005 665 5060 naturalis
683 5005 851 5074 obligationis
869 5005 1050 5062 fideiussorem
1102 5005 1197 5060 effectu
1214 5005 1279 5060 haec
1294 4957 1437 5074 fiieiussio,
1454 5005 1537 5074 primo
1556 5004 1673 5074 quidem,
1691 5005 1762 5074 quod
1779 5007 1821 5062 sui
1837 5007 1902 5062 iuris

254 5073 335 5142 accipi
351 5089 438 5140 posse.
1103 5073 1212 5128 effectus
1228 5075 1326 5144 poterit
1341 5075 1428 5128 tenen
1445 5073 1517 5128 inid
1533 5073 1605 5144 quod
1620 5073 1709 5130 facere
1718 5081 1821 5200 dpotest,
1841 5077 1901 5132 dein

285 5137 320 5198 8⁴
347 5143 492 5198 Uarianos
518 5143 586 5200 libro
618 5143 840 5214 quadragensimo
871 5143 983 5214 septimo
1015 5143 1052 5200 ad
1103 5142 1203 5212 ιιιιοιι12
1220 5149 1257 5212 et,
1281 5143 1344 5198 dum
1360 5143 1388 5196 iu
1404 5149 1536 5212 potestate
1552 5149 1648 5210 manet,
1667 5161 1717 5200 con
1736 5145 1836 5200 emnari
1853 5161 1900 5214 po-

254 5201 377 5266 Sabinum
410 5211 512 5268 Graece
529 5211 673 5278 fideiussor,
694 5211 774 5266 etita
790 5211 934 5280 accipitur:
952 5213 984 5284 τῇ
1002 5215 1050 5284 ἐμῇ
1101 5219 1161 5266 test.
1197 5213 1244 5266 sed
1265 5227 1301 5266 an
1316 5217 1393 5284 pater
1410 5227 1443 5266 ex
1464 5213 1515 5266 hac
1534 5227 1615 5268 causa
1633 5215 1703 5284 quod
1719 5215 1793 5270 iussu
1811 5221 1900 5270 tenea-

254 5277 336 5352 acosu
359 5277 455 5332 aetates
477 5279 543 5352 mue:
566 5279 658 5332 celat
682 5279 736 5334 sive
761 5277 923 5348 βούιομαιιε
953 5281 1052 5336 sedet
1100 5287 1159 5346 tur,
1183 5281 1329 5336 videamus:
1354 5287 1380 5334 et
1400 5287 1466 5350 puto
1487 5281 1523 5336 ad
1546 5297 1635 5338 omnes
1659 5289 1812 5338 contractus
1830 5281 1902 5354 quod

254 5353 274 5392 n
295 5347 379 5412 φημι7
400 5347 507 5418 dixerit,
527 5365 580 5472 qno
603 5365 634 5404 eo
657 5347 707 5404 erit
723 5353 803 5416 atque
820 5349 843 5404 si
861 5347 956 5404 dherit
973 5347 1048 5420 ia'yea
1100 5349 1175 5404 iussu
1196 5349 1276 5404 etiam
1296 5349 1397 5404 referri.
1432 5349 1479 5406 sed
1501 5351 1524 5406 si
1544 5351 1682 5422 ignorante
1703 5357 1779 5424 patre
1802 5369 1851 5422 pro
1869 5367 1900 5408 eo

256 5411 265 5458 l
298 5409 440 5468 Praeterea
452 5419 525 5472 scien
544 5435 588 5470 um
602 5423 643 5474 est
654 5417 834 5472 fideiussorem
846 5417 965 5474 adhiberi
980 5419 1050 5472 omni
1101 5417 1271 5486 fideiusserit,
1294 5423 1382 5474 cessat
1404 5419 1456 5472 ista
1477 5421 1560 5476 actio:
1588 5427 1677 5476 tamen
1700 5421 1775 5492 quasi
1795 5421 1824 5476 ιιι
1846 5431 1901 5476 rem

256 5521 1897 5548 -ffiffl-...mfflffl

284 5583 312 5646 (1)
330 5583 582 5650 Sut.s...1e.u...m;
600 5591 906 5650 Ed.ao.as...u.ec.ra;
928 5591 991 5656 App.
1009 5603 1048 5652 rs:
1100 5587 1173 5640 iubeo
1188 5587 1314 5642 doovclo
1394 5597 1426 5656 tc)
1444 5595 1472 5644 id
1485 5607 1533 5648 eu:
1550 5593 1608 5648 volo
1689 5599 1721 5660 (v)
1739 5595 1828 5646 idest:
1846 5591 1901 5642 dion

256 5645 525 5726 Permittite-Bos.
536 5659 834 5722 no,r.-0fltt:1.8,u
894 5659 926 5722 (ι)
945 5673 1050 5722 eumque
1102 5659 1134 5722 (8)
1153 5659 1209 5724 quia
1224 5659 1250 5710 F
1336 5663 1369 5724 te)
1388 5665 1497 5716 nondet
1513 5663 1552 5714 ΡΞ
1641 5665 1686 5728 (ιι)
1702 5661 1847 5728 promiserat
1862 5657 1899 5710 Ρ

254 5715 356 5792 traditor
368 5721 447 5770 sciens
461 5721 587 5774 admiserit
600 5727 717 5776 sirniliooe
731 5727 870 5776 ecciderunt
941 5727 973 5788 (3)
991 5725 1050 5776 reli-
1102 5727 1142 5788 (ιι)
1161 5725 1395 5790 :inmeritum
1461 5735 1504 5796 (ιι)
1523 5727 1770 5794 deindeinquodF²

255 5785 338 5842 qth
392 5791 423 5848 tl]
444 5791 734 5856 adpr.cfi1net.3,2c,·l
786 5795 819 5856 (5)
837 5795 922 5844 idest:
938 5791 1050 5846 menide
1737 5815 1738 5818 ’

1651 5883 1701 5932 93*
