<?xml version="1.0" encoding="UTF-8"?>
<!DOCTYPE html PUBLIC "-//W3C//DTD XHTML 1.0 Transitional//EN"
    "http://www.w3.org/TR/xhtml1/DTD/xhtml1-transitional.dtd">
<html xmlns="http://www.w3.org/1999/xhtml" xml:lang="en" lang="en">
 <head>
  <title>
</title>
<meta http-equiv="Content-Type" content="text/html;charset=utf-8" />
  <meta name='ocr-system' content='tesseract 3.04.00' />
  <meta name='ocr-capabilities' content='ocr_page ocr_carea ocr_par ocr_line ocrx_word'/>
</head>
<body>
  <div class='ocr_page' id='page_1' title='image "./corpusiuriscivi00schogoog/corpusiuriscivi00schogoog_0794.png"; bbox 0 0 4366 6258; ppageno 0'>
   <div class='ocr_carea' id='block_1_1' title="bbox 249 331 1916 442">
    <p class='ocr_par' dir='ltr' id='par_1_1' title="bbox 249 331 1916 442">
     <span class='ocr_line' id='line_1_1' title="bbox 249 331 1916 442; baseline -0.002 -6"><span class='ocrx_word' id='word_1_1' title='bbox 249 391 291 436; x_wconf 85' lang='lat' dir='ltr'><strong>nu</strong></span> <span class='ocrx_word' id='word_1_2' title='bbox 314 391 454 438; x_wconf 78' lang='lat' dir='ltr'><strong>ussurus</strong></span> <span class='ocrx_word' id='word_1_3' title='bbox 476 391 681 442; x_wconf 77' lang='grc' dir='ltr'>ιιιιιιιιιιιιιι</span> <span class='ocrx_word' id='word_1_4' title='bbox 1043 369 1105 442; x_wconf 78' lang='grc'><strong>683</strong></span> <span class='ocrx_word' id='word_1_5' title='bbox 1166 435 1168 440; x_wconf 89' lang='grc'>,</span> <span class='ocrx_word' id='word_1_6' title='bbox 1221 331 1224 342; x_wconf 18' lang='lat'><strong>²</strong></span> <span class='ocrx_word' id='word_1_7' title='bbox 1555 367 1730 434; x_wconf 84' lang='lat' dir='ltr'><strong>XXXXIll</strong></span> <span class='ocrx_word' id='word_1_8' title='bbox 1754 373 1782 430; x_wconf 84' lang='lat' dir='ltr'><strong>t.</strong></span> <span class='ocrx_word' id='word_1_9' title='bbox 1802 375 1829 432; x_wconf 86' lang='lat'><strong>5.</strong></span> <span class='ocrx_word' id='word_1_10' title='bbox 1850 373 1916 434; x_wconf 76' lang='lat' dir='ltr'><strong>ut</strong></span> 
     </span>
    </p>
   </div>
   <div class='ocr_carea' id='block_1_2' title="bbox 244 549 1967 5178">
    <p class='ocr_par' dir='ltr' id='par_1_2' title="bbox 244 549 1967 5178">
     <span class='ocr_line' id='line_1_2' title="bbox 248 549 1967 630; baseline -0.001 -16"><span class='ocrx_word' id='word_1_11' title='bbox 248 557 375 630; x_wconf 85' lang='lat' dir='ltr'><strong>praetoris</strong></span> <span class='ocrx_word' id='word_1_12' title='bbox 394 555 511 610; x_wconf 87' lang='lat' dir='ltr'><strong>adeundi</strong></span> <span class='ocrx_word' id='word_1_13' title='bbox 528 559 647 622; x_wconf 89' lang='lat' dir='ltr'><strong>potestas</strong></span> <span class='ocrx_word' id='word_1_14' title='bbox 665 573 719 610; x_wconf 89' lang='lat' dir='ltr'><strong>non</strong></span> <span class='ocrx_word' id='word_1_15' title='bbox 736 555 825 622; x_wconf 88' lang='lat' dir='ltr'><strong>fuerit,</strong></span> <span class='ocrx_word' id='word_1_16' title='bbox 844 557 945 610; x_wconf 89' lang='lat' dir='ltr'><strong>scilicet</strong></span> <span class='ocrx_word' id='word_1_17' title='bbox 962 559 1001 620; x_wconf 89' lang='lat' dir='ltr'><strong>ut,</strong></span> <span class='ocrx_word' id='word_1_18' title='bbox 1025 555 1056 620; x_wconf 92' lang='lat' dir='ltr'><strong>si,</strong></span> <span class='ocrx_word' id='word_1_19' title='bbox 1107 569 1141 606; x_wconf 88' lang='lat' dir='ltr'><strong>ne</strong></span> <span class='ocrx_word' id='word_1_20' title='bbox 1159 569 1203 608; x_wconf 88' lang='lat' dir='ltr'><strong>aas</strong></span> <span class='ocrx_word' id='word_1_21' title='bbox 1221 557 1409 614; x_wconf 69' lang='grc' dir='ltr'><strong>ιιιιιιιιιιιιιιι6</strong></span> <span class='ocrx_word' id='word_1_22' title='bbox 1425 557 1574 618; x_wconf 85' lang='lat' dir='ltr'><strong>exhiheret,</strong></span> <span class='ocrx_word' id='word_1_23' title='bbox 1595 553 1648 604; x_wconf 92' lang='lat' dir='ltr'><strong>hoc</strong></span> <span class='ocrx_word' id='word_1_24' title='bbox 1671 553 1712 604; x_wconf 89' lang='lat' dir='ltr'><strong>est</strong></span> <span class='ocrx_word' id='word_1_25' title='bbox 1733 549 1758 604; x_wconf 90' lang='lat' dir='ltr'><strong>si</strong></span> <span class='ocrx_word' id='word_1_26' title='bbox 1778 565 1832 606; x_wconf 88' lang='lat' dir='ltr'><strong>nou</strong></span> <span class='ocrx_word' id='word_1_27' title='bbox 1854 567 1917 622; x_wconf 86' lang='lat' dir='ltr'><strong>sup·</strong></span> <span class='ocrx_word' id='word_1_28' title='bbox 1966 611 1967 614; x_wconf 72' lang='grc'>,</span> 
     </span>
     <span class='ocr_line' id='line_1_3' title="bbox 249 617 1918 692; baseline -0.005 -11"><span class='ocrx_word' id='word_1_29' title='bbox 249 633 311 682; x_wconf 89' lang='lat' dir='ltr'><strong>cum</strong></span> <span class='ocrx_word' id='word_1_30' title='bbox 323 629 444 692; x_wconf 89' lang='lat' dir='ltr'><strong>potestas</strong></span> <span class='ocrx_word' id='word_1_31' title='bbox 461 625 594 690; x_wconf 88' lang='lat' dir='ltr'><strong>praetoris</strong></span> <span class='ocrx_word' id='word_1_32' title='bbox 611 623 726 678; x_wconf 88' lang='lat' dir='ltr'><strong>adeundi</strong></span> <span class='ocrx_word' id='word_1_33' title='bbox 747 641 801 678; x_wconf 90' lang='lat' dir='ltr'><strong>uon</strong></span> <span class='ocrx_word' id='word_1_34' title='bbox 823 631 907 688; x_wconf 90' lang='lat' dir='ltr'><strong>esset,</strong></span> <span class='ocrx_word' id='word_1_35' title='bbox 932 625 1056 676; x_wconf 88' lang='lat' dir='ltr'><strong>damnum</strong></span> <span class='ocrx_word' id='word_1_36' title='bbox 1108 621 1238 688; x_wconf 89' lang='lat' dir='ltr'><strong>primeudi</strong></span> <span class='ocrx_word' id='word_1_37' title='bbox 1260 627 1347 678; x_wconf 81' lang='lat' dir='ltr'><strong>animo</strong></span> <span class='ocrx_word' id='word_1_38' title='bbox 1370 627 1411 682; x_wconf 84' lang='lat' dir='ltr'><strong>rel</strong></span> <span class='ocrx_word' id='word_1_39' title='bbox 1435 625 1546 680; x_wconf 92' lang='lat' dir='ltr'><strong>consilio</strong></span> <span class='ocrx_word' id='word_1_40' title='bbox 1569 619 1647 682; x_wconf 88' lang='lat' dir='ltr'><strong>fecit,</strong></span> <span class='ocrx_word' id='word_1_41' title='bbox 1671 617 1719 670; x_wconf 87' lang='lat' dir='ltr'><strong>sed</strong></span> <span class='ocrx_word' id='word_1_42' title='bbox 1739 631 1773 670; x_wconf 89' lang='lat' dir='ltr'><strong>ne</strong></span> <span class='ocrx_word' id='word_1_43' title='bbox 1789 619 1854 672; x_wconf 87' lang='lat' dir='ltr'><strong>huic</strong></span> <span class='ocrx_word' id='word_1_44' title='bbox 1871 635 1918 672; x_wconf 84' lang='grc' dir='ltr'>ιιι-</span> 
     </span>
     <span class='ocr_line' id='line_1_4' title="bbox 249 685 1918 760; baseline -0.009 -9"><span class='ocrx_word' id='word_1_45' title='bbox 249 693 349 752; x_wconf 84' lang='lat' dir='ltr'>interim</span> <span class='ocrx_word' id='word_1_46' title='bbox 373 691 465 744; x_wconf 90' lang='lat' dir='ltr'><strong>datum</strong></span> <span class='ocrx_word' id='word_1_47' title='bbox 488 695 544 754; x_wconf 90' lang='lat' dir='ltr'><strong>est,</strong></span> <span class='ocrx_word' id='word_1_48' title='bbox 571 691 683 744; x_wconf 87' lang='lat' dir='ltr'><strong>haberet</strong></span> <span class='ocrx_word' id='word_1_49' title='bbox 708 691 835 744; x_wconf 90' lang='lat' dir='ltr'><strong>iudicium</strong></span> <span class='ocrx_word' id='word_1_50' title='bbox 863 691 908 760; x_wconf 90' lang='lat' dir='ltr'><strong>qui</strong></span> <span class='ocrx_word' id='word_1_51' title='bbox 932 691 1056 744; x_wconf 89' lang='lat' dir='ltr'><strong>damnum</strong></span> <span class='ocrx_word' id='word_1_52' title='bbox 1108 691 1157 740; x_wconf 76' lang='lat' dir='ltr'><strong>ts</strong></span> <span class='ocrx_word' id='word_1_53' title='bbox 1192 689 1303 742; x_wconf 78' lang='lat' dir='ltr'>biberet.</span> <span class='ocrx_word' id='word_1_54' title='bbox 1325 693 1385 746; x_wconf 89' lang='lat' dir='ltr'><strong>Hoc</strong></span> <span class='ocrx_word' id='word_1_55' title='bbox 1396 691 1567 748; x_wconf 89' lang='lat' dir='ltr'><strong>interdictum</strong></span> <span class='ocrx_word' id='word_1_56' title='bbox 1580 685 1767 742; x_wconf 82' lang='lat' dir='ltr'><strong>exhibitorium</strong></span> <span class='ocrx_word' id='word_1_57' title='bbox 1777 691 1825 738; x_wconf 87' lang='lat' dir='ltr'><strong>est.</strong></span> <span class='ocrx_word' id='word_1_58' title='bbox 1849 685 1918 754; x_wconf 76' lang='lat' dir='ltr'><strong>Quid</strong></span> 
     </span>
     <span class='ocr_line' id='line_1_5' title="bbox 250 755 1918 828; baseline -0.005 -12"><span class='ocrx_word' id='word_1_59' title='bbox 250 771 262 816; x_wconf 88' lang='lat' dir='ltr'><strong>t</strong></span> <span class='ocrx_word' id='word_1_60' title='bbox 296 773 392 828; x_wconf 88' lang='lat' dir='ltr'><strong>passus</strong></span> <span class='ocrx_word' id='word_1_61' title='bbox 410 763 460 810; x_wconf 87' lang='lat' dir='ltr'><strong>cst.</strong></span> <span class='ocrx_word' id='word_1_62' title='bbox 495 757 564 810; x_wconf 85' lang='lat' dir='ltr'><strong>Item</strong></span> <span class='ocrx_word' id='word_1_63' title='bbox 581 759 744 824; x_wconf 88' lang='lat' dir='ltr'><strong>subiectum,</strong></span> <span class='ocrx_word' id='word_1_64' title='bbox 768 759 790 812; x_wconf 91' lang='lat' dir='ltr'><strong>si</strong></span> <span class='ocrx_word' id='word_1_65' title='bbox 809 775 841 810; x_wconf 84' lang='lat' dir='ltr'><strong>ex</strong></span> <span class='ocrx_word' id='word_1_66' title='bbox 859 759 912 812; x_wconf 90' lang='lat' dir='ltr'><strong>alia</strong></span> <span class='ocrx_word' id='word_1_67' title='bbox 930 771 1012 810; x_wconf 87' lang='lat' dir='ltr'><strong>causa</strong></span> <span class='ocrx_word' id='word_1_68' title='bbox 1028 757 1057 810; x_wconf 91' lang='lat' dir='ltr'><strong>iu</strong></span> <span class='ocrx_word' id='word_1_69' title='bbox 1108 755 1143 808; x_wconf 93' lang='lat' dir='ltr'><strong>sit</strong></span> <span class='ocrx_word' id='word_1_70' title='bbox 1160 757 1298 820; x_wconf 72' lang='lat' dir='ltr'><strong>exhibere,</strong></span> <span class='ocrx_word' id='word_1_71' title='bbox 1327 757 1471 814; x_wconf 85' lang='lat' dir='ltr'><strong>rideamus.</strong></span> <span class='ocrx_word' id='word_1_72' title='bbox 1508 757 1634 814; x_wconf 83' lang='lat' dir='ltr'><strong>exhibere</strong></span> <span class='ocrx_word' id='word_1_73' title='bbox 1655 755 1707 808; x_wconf 92' lang='lat' dir='ltr'><strong>hoc</strong></span> <span class='ocrx_word' id='word_1_74' title='bbox 1730 757 1770 808; x_wconf 90' lang='lat' dir='ltr'><strong>est</strong></span> <span class='ocrx_word' id='word_1_75' title='bbox 1791 755 1918 808; x_wconf 89' lang='lat' dir='ltr'><strong>materiae</strong></span> 
     </span>
     <span class='ocr_line' id='line_1_6' title="bbox 249 819 1917 902; baseline -0.007 -17"><span class='ocrx_word' id='word_1_76' title='bbox 249 827 441 902; x_wconf 86' lang='lat' dir='ltr'><strong>possessionem</strong></span> <span class='ocrx_word' id='word_1_77' title='bbox 457 823 554 880; x_wconf 88' lang='lat' dir='ltr'><strong>missus</strong></span> <span class='ocrx_word' id='word_1_78' title='bbox 571 825 720 894; x_wconf 88' lang='lat' dir='ltr'><strong>prohibitus</strong></span> <span class='ocrx_word' id='word_1_79' title='bbox 739 839 798 880; x_wconf 90' lang='lat' dir='ltr'><strong>essa</strong></span> <span class='ocrx_word' id='word_1_80' title='bbox 816 825 933 892; x_wconf 88' lang='lat' dir='ltr'><strong>dicetur,</strong></span> <span class='ocrx_word' id='word_1_81' title='bbox 956 823 1056 878; x_wconf 89' lang='lat' dir='ltr'><strong>habere</strong></span> <span class='ocrx_word' id='word_1_82' title='bbox 1109 827 1123 874; x_wconf 78' lang='grc' dir='ltr'><strong>ι</strong></span> <span class='ocrx_word' id='word_1_83' title='bbox 1157 823 1242 892; x_wconf 87' lang='lat' dir='ltr'><strong>ipsius</strong></span> <span class='ocrx_word' id='word_1_84' title='bbox 1265 823 1503 892; x_wconf 82' lang='lat' dir='ltr'><strong>adprehendendus</strong></span> <span class='ocrx_word' id='word_1_85' title='bbox 1526 825 1631 896; x_wconf 89' lang='lat' dir='ltr'><strong>copiam</strong></span> <span class='ocrx_word' id='word_1_86' title='bbox 1647 823 1746 876; x_wconf 87' lang='lat' dir='ltr'><strong>facere.</strong></span> <span class='ocrx_word' id='word_1_87' title='bbox 1781 819 1917 876; x_wconf 82' lang='lat' dir='ltr'><strong>Exhibera</strong></span> 
     </span>
     <span class='ocr_line' id='line_1_7' title="bbox 249 889 1917 1012; baseline -0.005 -60"><span class='ocrx_word' id='word_1_88' title='bbox 249 903 275 952; x_wconf 91' lang='lat' dir='ltr'><strong>in</strong></span> <span class='ocrx_word' id='word_1_89' title='bbox 291 895 392 950; x_wconf 88' lang='lat' dir='ltr'><strong>factum</strong></span> <span class='ocrx_word' id='word_1_90' title='bbox 410 893 551 946; x_wconf 80' lang='lat' dir='ltr'><strong>actionem.</strong></span> <span class='ocrx_word' id='word_1_91' title='bbox 1108 895 1197 946; x_wconf 87' lang='lat' dir='ltr'><strong>eutem</strong></span> <span class='ocrx_word' id='word_1_92' title='bbox 1213 889 1285 960; x_wconf 88' lang='lat' dir='ltr'><strong>apud</strong></span> <span class='ocrx_word' id='word_1_93' title='bbox 1291 897 1449 1012; x_wconf 48' lang='lat' dir='ltr'><strong>[structorem</strong></span> <span class='ocrx_word' id='word_1_94' title='bbox 1464 901 1577 964; x_wconf 82' lang='lat' dir='ltr'><strong>oportet,</strong></span> <span class='ocrx_word' id='word_1_95' title='bbox 1595 895 1627 946; x_wconf 92' lang='lat' dir='ltr'><strong>ut</strong></span> <span class='ocrx_word' id='word_1_96' title='bbox 1640 907 1674 946; x_wconf 86' lang='lat' dir='ltr'><strong>ex</strong></span> <span class='ocrx_word' id='word_1_97' title='bbox 1687 889 1847 946; x_wconf 86' lang='lat' dir='ltr'><strong>auctoritate</strong></span> <span class='ocrx_word' id='word_1_98' title='bbox 1859 889 1917 944; x_wconf 88' lang='lat' dir='ltr'><strong>eius</strong></span> 
     </span>
     <span class='ocr_line' id='line_1_8' title="bbox 1108 957 1916 1030; baseline -0.001 -18"><span class='ocrx_word' id='word_1_99' title='bbox 1108 959 1255 1028; x_wconf 77' lang='lat' dir='ltr'><strong>signatores</strong></span> <span class='ocrx_word' id='word_1_100' title='bbox 1274 973 1290 1014; x_wconf 93' lang='lat' dir='ltr'><strong>a</strong></span> <span class='ocrx_word' id='word_1_101' title='bbox 1309 959 1401 1012; x_wconf 87' lang='lat' dir='ltr'><strong>moniti</strong></span> <span class='ocrx_word' id='word_1_102' title='bbox 1414 963 1533 1018; x_wconf 80' lang='lat' dir='ltr'><strong>uenirent</strong></span> <span class='ocrx_word' id='word_1_103' title='bbox 1547 961 1583 1016; x_wconf 91' lang='lat' dir='ltr'><strong>ad</strong></span> <span class='ocrx_word' id='word_1_104' title='bbox 1597 959 1812 1030; x_wconf 85' lang='lat' dir='ltr'><strong>recognoscenda</strong></span> <span class='ocrx_word' id='word_1_105' title='bbox 1826 957 1916 1026; x_wconf 84' lang='lat' dir='ltr'><strong>sigua:</strong></span> 
     </span>
     <span class='ocr_line' id='line_1_9' title="bbox 1108 1027 1917 1096; baseline -0.004 -14"><span class='ocrx_word' id='word_1_106' title='bbox 1108 1033 1134 1082; x_wconf 92' lang='lat' dir='ltr'><strong>et</strong></span> <span class='ocrx_word' id='word_1_107' title='bbox 1158 1027 1181 1082; x_wconf 91' lang='lat' dir='ltr'><strong>si</strong></span> <span class='ocrx_word' id='word_1_108' title='bbox 1203 1027 1273 1082; x_wconf 86' lang='lat' dir='ltr'><strong>forte</strong></span> <span class='ocrx_word' id='word_1_109' title='bbox 1298 1043 1353 1080; x_wconf 92' lang='lat' dir='ltr'><strong>non</strong></span> <span class='ocrx_word' id='word_1_110' title='bbox 1376 1033 1558 1096; x_wconf 84' lang='lat' dir='ltr'><strong>optemperant</strong></span> <span class='ocrx_word' id='word_1_111' title='bbox 1581 1035 1678 1096; x_wconf 88' lang='lat' dir='ltr'><strong>testes,</strong></span> <span class='ocrx_word' id='word_1_112' title='bbox 1706 1029 1798 1084; x_wconf 81' lang='lat' dir='ltr'><strong>Labeo</strong></span> <span class='ocrx_word' id='word_1_113' title='bbox 1823 1027 1917 1084; x_wconf 84' lang='lat' dir='ltr'><strong>scribit</strong></span> 
     </span>
     <span class='ocr_line' id='line_1_10' title="bbox 629 1095 1918 1174; baseline 0.002 -26"><span class='ocrx_word' id='word_1_114' title='bbox 629 1105 682 1164; x_wconf 66' lang='grc' dir='ltr'><strong>γ’,</strong></span> <span class='ocrx_word' id='word_1_115' title='bbox 1110 1099 1140 1148; x_wconf 86' lang='lat' dir='ltr'><strong>to</strong></span> <span class='ocrx_word' id='word_1_116' title='bbox 1177 1095 1295 1150; x_wconf 83' lang='lat' dir='ltr'><strong>coerceri</strong></span> <span class='ocrx_word' id='word_1_117' title='bbox 1319 1111 1364 1150; x_wconf 90' lang='lat' dir='ltr'><strong>eos</strong></span> <span class='ocrx_word' id='word_1_118' title='bbox 1388 1111 1405 1146; x_wconf 92' lang='lat' dir='ltr'><strong>a</strong></span> <span class='ocrx_word' id='word_1_119' title='bbox 1418 1105 1551 1174; x_wconf 33' lang='lat' dir='ltr'><strong>‘praetore</strong></span> <span class='ocrx_word' id='word_1_120' title='bbox 1574 1099 1678 1170; x_wconf 88' lang='lat' dir='ltr'><strong>debere.</strong></span> <span class='ocrx_word' id='word_1_121' title='bbox 1715 1097 1807 1152; x_wconf 88' lang='lat' dir='ltr'><strong>Solent</strong></span> <span class='ocrx_word' id='word_1_122' title='bbox 1828 1101 1918 1150; x_wconf 89' lang='lat' dir='ltr'><strong>autem</strong></span> 
     </span>
     <span class='ocr_line' id='line_1_11' title="bbox 428 1161 1917 1300; baseline 0.001 -14"><span class='ocrx_word' id='word_1_123' title='bbox 428 1205 475 1254; x_wconf 75' lang='lat' dir='ltr'><strong>u</strong></span> <span class='ocrx_word' id='word_1_124' title='bbox 654 1201 879 1254; x_wconf 61' lang='lat' dir='ltr'><strong>mamm</strong></span> <span class='ocrx_word' id='word_1_125' title='bbox 1109 1161 1917 1300; x_wconf 48' lang='lat' dir='ltr'><strong>tlttitilussteterumttrandent</strong></span> 
     </span>
     <span class='ocr_line' id='line_1_12' title="bbox 285 1297 1917 1372; baseline -0.002 -12"><span class='ocrx_word' id='word_1_126' title='bbox 285 1303 298 1364; x_wconf 89' lang='lat'>1</span> <span class='ocrx_word' id='word_1_127' title='bbox 326 1303 471 1360; x_wconf 77' lang='lat' dir='ltr'><strong>Unrrrnos</strong></span> <span class='ocrx_word' id='word_1_128' title='bbox 485 1303 552 1358; x_wconf 80' lang='lat' dir='ltr'><strong>libro</strong></span> <span class='ocrx_word' id='word_1_129' title='bbox 569 1301 759 1372; x_wconf 79' lang='lat' dir='ltr'><strong>renupeurimo</strong></span> <span class='ocrx_word' id='word_1_130' title='bbox 776 1303 871 1354; x_wconf 85' lang='lat' dir='ltr'><strong>oetaeo</strong></span> <span class='ocrx_word' id='word_1_131' title='bbox 889 1297 926 1352; x_wconf 83' lang='lat' dir='ltr'><strong>nd</strong></span> <span class='ocrx_word' id='word_1_132' title='bbox 942 1297 1056 1352; x_wconf 84' lang='lat' dir='ltr'><strong>edietum</strong></span> <span class='ocrx_word' id='word_1_133' title='bbox 1109 1305 1197 1354; x_wconf 91' lang='lat' dir='ltr'><strong>autem</strong></span> <span class='ocrx_word' id='word_1_134' title='bbox 1214 1301 1294 1356; x_wconf 92' lang='lat' dir='ltr'><strong>huius</strong></span> <span class='ocrx_word' id='word_1_135' title='bbox 1311 1297 1403 1354; x_wconf 89' lang='lat' dir='ltr'><strong>iudicii</strong></span> <span class='ocrx_word' id='word_1_136' title='bbox 1421 1299 1514 1368; x_wconf 88' lang='lat' dir='ltr'><strong>quanti</strong></span> <span class='ocrx_word' id='word_1_137' title='bbox 1531 1301 1652 1354; x_wconf 78' lang='lat' dir='ltr'><strong>interfuit</strong></span> <span class='ocrx_word' id='word_1_138' title='bbox 1673 1303 1814 1358; x_wconf 50' lang='lat' dir='ltr'><strong>aestimari¹</strong></span> <span class='ocrx_word' id='word_1_139' title='bbox 1829 1303 1917 1358; x_wconf 89' lang='lat' dir='ltr'><strong>debet.</strong></span> 
     </span>
     <span class='ocr_line' id='line_1_13' title="bbox 251 1365 1917 1442; baseline -0.003 -11"><span class='ocrx_word' id='word_1_140' title='bbox 251 1375 360 1432; x_wconf 80' lang='lat' dir='ltr'><strong>Praetor</strong></span> <span class='ocrx_word' id='word_1_141' title='bbox 378 1369 429 1424; x_wconf 84' lang='lat' dir='ltr'><strong>ait:</strong></span> <span class='ocrx_word' id='word_1_142' title='bbox 451 1371 531 1438; x_wconf 80' lang='lat' dir='ltr'><strong>‘Quas</strong></span> <span class='ocrx_word' id='word_1_143' title='bbox 548 1369 654 1424; x_wconf 88' lang='lat' dir='ltr'><strong>tabulas</strong></span> <span class='ocrx_word' id='word_1_144' title='bbox 671 1369 773 1422; x_wconf 85' lang='lat' dir='ltr'><strong>Lucius</strong></span> <span class='ocrx_word' id='word_1_145' title='bbox 791 1367 878 1422; x_wconf 84' lang='lat' dir='ltr'><strong>Titius</strong></span> <span class='ocrx_word' id='word_1_146' title='bbox 896 1365 930 1420; x_wconf 94' lang='lat' dir='ltr'><strong>ad</strong></span> <span class='ocrx_word' id='word_1_147' title='bbox 948 1381 1057 1420; x_wconf 88' lang='lat' dir='ltr'><strong>eausam</strong></span> <span class='ocrx_word' id='word_1_148' title='bbox 1111 1375 1139 1422; x_wconf 82' lang='lat'><strong>12</strong></span> <span class='ocrx_word' id='word_1_149' title='bbox 1176 1369 1264 1436; x_wconf 82' lang='lat' dir='ltr'><strong>Quare</strong></span> <span class='ocrx_word' id='word_1_150' title='bbox 1279 1369 1302 1424; x_wconf 91' lang='lat' dir='ltr'><strong>si</strong></span> <span class='ocrx_word' id='word_1_151' title='bbox 1316 1369 1392 1422; x_wconf 90' lang='lat' dir='ltr'><strong>heres</strong></span> <span class='ocrx_word' id='word_1_152' title='bbox 1408 1367 1461 1422; x_wconf 90' lang='lat' dir='ltr'><strong>scri</strong></span> <span class='ocrx_word' id='word_1_153' title='bbox 1480 1375 1524 1420; x_wconf 84' lang='lat' dir='ltr'><strong>tus</strong></span> <span class='ocrx_word' id='word_1_154' title='bbox 1538 1369 1589 1424; x_wconf 90' lang='lat' dir='ltr'><strong>hoc</strong></span> <span class='ocrx_word' id='word_1_155' title='bbox 1601 1369 1743 1426; x_wconf 90' lang='lat' dir='ltr'><strong>interdicto</strong></span> <span class='ocrx_word' id='word_1_156' title='bbox 1757 1371 1917 1442; x_wconf 80' lang='lat' dir='ltr'><strong>experiatur,</strong></span> 
     </span>
     <span class='ocr_line' id='line_1_14' title="bbox 251 1385 1917 1508; baseline -0.001 -12"><span class='ocrx_word' id='word_1_157' title='bbox 251 1441 407 1496; x_wconf 73' lang='lat' dir='ltr'><strong>‘testamenti</strong></span> <span class='ocrx_word' id='word_1_158' title='bbox 425 1439 467 1494; x_wconf 91' lang='lat' dir='ltr'><strong>sui</strong></span> <span class='ocrx_word' id='word_1_159' title='bbox 484 1437 646 1508; x_wconf 88' lang='lat' dir='ltr'><strong>pertinentes</strong></span> <span class='ocrx_word' id='word_1_160' title='bbox 663 1435 803 1506; x_wconf 72' lang='lat' dir='ltr'><strong>reliquisse</strong></span> <span class='ocrx_word' id='word_1_161' title='bbox 820 1435 939 1502; x_wconf 86' lang='lat' dir='ltr'><strong>dicetur,</strong></span> <span class='ocrx_word' id='word_1_162' title='bbox 962 1435 984 1490; x_wconf 90' lang='lat' dir='ltr'><strong>si</strong></span> <span class='ocrx_word' id='word_1_163' title='bbox 1006 1435 1058 1490; x_wconf 91' lang='lat' dir='ltr'><strong>hae</strong></span> <span class='ocrx_word' id='word_1_164' title='bbox 1110 1441 1140 1492; x_wconf 91' lang='grc'><strong>13</strong></span> <span class='ocrx_word' id='word_1_165' title='bbox 1176 1437 1210 1492; x_wconf 89' lang='lat' dir='ltr'><strong>ad</strong></span> <span class='ocrx_word' id='word_1_166' title='bbox 1233 1435 1408 1492; x_wconf 76' lang='lat' dir='ltr'><strong>hereditatem</strong></span> <span class='ocrx_word' id='word_1_167' title='bbox 1427 1385 1567 1490; x_wconf 62' lang='lat' dir='ltr'><strong>rodrocus</strong></span> <span class='ocrx_word' id='word_1_168' title='bbox 1590 1441 1631 1492; x_wconf 90' lang='lat' dir='ltr'><strong>est</strong></span> <span class='ocrx_word' id='word_1_169' title='bbox 1653 1441 1816 1496; x_wconf 80' lang='lat' dir='ltr'><strong>aestimatio:</strong></span> <span class='ocrx_word' id='word_1_170' title='bbox 1840 1441 1917 1496; x_wconf 86' lang='lat' dir='ltr'><strong>Etsi</strong></span> 
     </span>
     <span class='ocr_line' id='line_1_15' title="bbox 252 1503 1917 1580; baseline -0.001 -16"><span class='ocrx_word' id='word_1_171' title='bbox 252 1519 338 1580; x_wconf 86' lang='lat' dir='ltr'><strong>‘penes</strong></span> <span class='ocrx_word' id='word_1_172' title='bbox 355 1513 383 1562; x_wconf 90' lang='lat' dir='ltr'><strong>tc</strong></span> <span class='ocrx_word' id='word_1_173' title='bbox 400 1513 463 1564; x_wconf 91' lang='lat' dir='ltr'><strong>sunt</strong></span> <span class='ocrx_word' id='word_1_174' title='bbox 481 1513 528 1562; x_wconf 90' lang='lat' dir='ltr'><strong>aut</strong></span> <span class='ocrx_word' id='word_1_175' title='bbox 546 1507 607 1560; x_wconf 89' lang='lat' dir='ltr'><strong>dolo</strong></span> <span class='ocrx_word' id='word_1_176' title='bbox 625 1507 695 1560; x_wconf 87' lang='lat' dir='ltr'><strong>malo</strong></span> <span class='ocrx_word' id='word_1_177' title='bbox 712 1511 759 1560; x_wconf 91' lang='lat' dir='ltr'><strong>tuo</strong></span> <span class='ocrx_word' id='word_1_178' title='bbox 777 1503 944 1570; x_wconf 80' lang='lat' dir='ltr'><strong>factumest,</strong></span> <span class='ocrx_word' id='word_1_179' title='bbox 962 1507 993 1558; x_wconf 90' lang='lat' dir='ltr'><strong>ut</strong></span> <span class='ocrx_word' id='word_1_180' title='bbox 1011 1505 1056 1558; x_wconf 90' lang='lat' dir='ltr'><strong>de·</strong></span> <span class='ocrx_word' id='word_1_181' title='bbox 1107 1507 1224 1576; x_wconf 84' lang='lat' dir='ltr'><strong>legatum</strong></span> <span class='ocrx_word' id='word_1_182' title='bbox 1242 1507 1285 1572; x_wconf 90' lang='lat' dir='ltr'><strong>sit,</strong></span> <span class='ocrx_word' id='word_1_183' title='bbox 1302 1511 1408 1560; x_wconf 88' lang='lat' dir='ltr'><strong>tautum</strong></span> <span class='ocrx_word' id='word_1_184' title='bbox 1425 1505 1538 1558; x_wconf 86' lang='lat' dir='ltr'><strong>venitin</strong></span> <span class='ocrx_word' id='word_1_185' title='bbox 1552 1507 1770 1576; x_wconf 86' lang='lat' dir='ltr'><strong>aestimationem,</strong></span> <span class='ocrx_word' id='word_1_186' title='bbox 1789 1513 1917 1576; x_wconf 89' lang='lat' dir='ltr'><strong>quantum</strong></span> 
     </span>
     <span class='ocr_line' id='line_1_16' title="bbox 251 1573 1917 1646; baseline -0.001 -14"><span class='ocrx_word' id='word_1_187' title='bbox 251 1579 375 1634; x_wconf 85' lang='lat' dir='ltr'><strong>‘sinerent</strong></span> <span class='ocrx_word' id='word_1_188' title='bbox 393 1591 465 1642; x_wconf 89' lang='lat' dir='ltr'><strong>esse,</strong></span> <span class='ocrx_word' id='word_1_189' title='bbox 487 1577 527 1630; x_wconf 87' lang='lat' dir='ltr'><strong>ite</strong></span> <span class='ocrx_word' id='word_1_190' title='bbox 543 1589 588 1630; x_wconf 86' lang='lat' dir='ltr'><strong>eas</strong></span> <span class='ocrx_word' id='word_1_191' title='bbox 605 1573 644 1628; x_wconf 88' lang='lat' dir='ltr'><strong>illi</strong></span> <span class='ocrx_word' id='word_1_192' title='bbox 661 1573 795 1630; x_wconf 84' lang='lat' dir='ltr'><strong>exhibeas.</strong></span> <span class='ocrx_word' id='word_1_193' title='bbox 830 1573 894 1628; x_wconf 88' lang='lat' dir='ltr'><strong>item</strong></span> <span class='ocrx_word' id='word_1_194' title='bbox 913 1573 936 1630; x_wconf 91' lang='lat' dir='ltr'><strong>si</strong></span> <span class='ocrx_word' id='word_1_195' title='bbox 953 1573 1056 1630; x_wconf 85' lang='lat' dir='ltr'><strong>libellus</strong></span> <span class='ocrx_word' id='word_1_196' title='bbox 1110 1583 1140 1630; x_wconf 86' lang='grc'><strong>14</strong></span> <span class='ocrx_word' id='word_1_197' title='bbox 1175 1577 1211 1630; x_wconf 87' lang='grc' dir='ltr'><strong>ιιι</strong></span> <span class='ocrx_word' id='word_1_198' title='bbox 1227 1575 1255 1630; x_wconf 84' lang='grc' dir='ltr'><strong>ιιι</strong></span> <span class='ocrx_word' id='word_1_199' title='bbox 1272 1575 1374 1642; x_wconf 80' lang='lat' dir='ltr'><strong>legato:</strong></span> <span class='ocrx_word' id='word_1_200' title='bbox 1397 1573 1435 1630; x_wconf 86' lang='grc' dir='ltr'><strong>Ει</strong></span> <span class='ocrx_word' id='word_1_201' title='bbox 1457 1573 1479 1628; x_wconf 88' lang='lat' dir='ltr'><strong>si</strong></span> <span class='ocrx_word' id='word_1_202' title='bbox 1501 1573 1551 1628; x_wconf 90' lang='lat' dir='ltr'><strong>sub</strong></span> <span class='ocrx_word' id='word_1_203' title='bbox 1569 1575 1724 1630; x_wconf 87' lang='lat' dir='ltr'><strong>condicione</strong></span> <span class='ocrx_word' id='word_1_204' title='bbox 1742 1577 1857 1646; x_wconf 84' lang='lat' dir='ltr'><strong>legatum</strong></span> <span class='ocrx_word' id='word_1_205' title='bbox 1874 1579 1917 1642; x_wconf 89' lang='lat' dir='ltr'><strong>sit,</strong></span> 
     </span>
     <span class='ocr_line' id='line_1_17' title="bbox 251 1641 1917 1714; baseline 0 -14"><span class='ocrx_word' id='word_1_206' title='bbox 251 1645 362 1700; x_wconf 75' lang='lat' dir='ltr'><strong>‘ahudrc</strong></span> <span class='ocrx_word' id='word_1_207' title='bbox 380 1645 444 1714; x_wconf 91' lang='lat' dir='ltr'><strong>quid</strong></span> <span class='ocrx_word' id='word_1_208' title='bbox 460 1645 583 1698; x_wconf 88' lang='lat' dir='ltr'><strong>relictum</strong></span> <span class='ocrx_word' id='word_1_209' title='bbox 601 1657 658 1698; x_wconf 88' lang='lat' dir='ltr'><strong>esse</strong></span> <span class='ocrx_word' id='word_1_210' title='bbox 676 1643 792 1708; x_wconf 88' lang='lat' dir='ltr'><strong>dicetur,</strong></span> <span class='ocrx_word' id='word_1_211' title='bbox 812 1641 918 1698; x_wconf 88' lang='lat' dir='ltr'><strong>decreto</strong></span> <span class='ocrx_word' id='word_1_212' title='bbox 937 1657 1057 1714; x_wconf 89' lang='lat' dir='ltr'><strong>compre·</strong></span> <span class='ocrx_word' id='word_1_213' title='bbox 1109 1645 1185 1714; x_wconf 88' lang='lat' dir='ltr'><strong>quasi</strong></span> <span class='ocrx_word' id='word_1_214' title='bbox 1203 1643 1358 1698; x_wconf 89' lang='lat' dir='ltr'><strong>condicione</strong></span> <span class='ocrx_word' id='word_1_215' title='bbox 1376 1643 1506 1698; x_wconf 79' lang='lat' dir='ltr'><strong>asistente</strong></span> <span class='ocrx_word' id='word_1_216' title='bbox 1523 1643 1562 1696; x_wconf 87' lang='lat' dir='ltr'><strong>sic</strong></span> <span class='ocrx_word' id='word_1_217' title='bbox 1579 1645 1772 1698; x_wconf 89' lang='lat' dir='ltr'><strong>aestimandum</strong></span> <span class='ocrx_word' id='word_1_218' title='bbox 1789 1651 1844 1710; x_wconf 93' lang='lat' dir='ltr'><strong>est,</strong></span> <span class='ocrx_word' id='word_1_219' title='bbox 1867 1661 1917 1700; x_wconf 89' lang='lat' dir='ltr'><strong>nec</strong></span> 
     </span>
     <span class='ocr_line' id='line_1_18' title="bbox 253 1711 1917 1782; baseline 0.001 -16"><span class='ocrx_word' id='word_1_220' title='bbox 253 1721 263 1766; x_wconf 92' lang='grc'>1</span> <span class='ocrx_word' id='word_1_221' title='bbox 301 1711 441 1768; x_wconf 88' lang='lat' dir='ltr'><strong>‘hendam’.</strong></span> <span class='ocrx_word' id='word_1_222' title='bbox 473 1711 502 1766; x_wconf 85' lang='lat' dir='ltr'><strong>Si</strong></span> <span class='ocrx_word' id='word_1_223' title='bbox 521 1711 579 1780; x_wconf 88' lang='lat' dir='ltr'><strong>quis</strong></span> <span class='ocrx_word' id='word_1_224' title='bbox 596 1711 665 1766; x_wconf 86' lang='lat' dir='ltr'><strong>forte</strong></span> <span class='ocrx_word' id='word_1_225' title='bbox 683 1711 844 1766; x_wconf 84' lang='lat' dir='ltr'><strong>confiteatur</strong></span> <span class='ocrx_word' id='word_1_226' title='bbox 858 1727 940 1780; x_wconf 87' lang='lat' dir='ltr'><strong>penes</strong></span> <span class='ocrx_word' id='word_1_227' title='bbox 956 1727 984 1768; x_wconf 88' lang='lat' dir='ltr'><strong>se</strong></span> <span class='ocrx_word' id='word_1_228' title='bbox 1000 1725 1057 1768; x_wconf 89' lang='lat' dir='ltr'><strong>esse</strong></span> <span class='ocrx_word' id='word_1_229' title='bbox 1109 1711 1230 1782; x_wconf 87' lang='lat' dir='ltr'><strong>compelli</strong></span> <span class='ocrx_word' id='word_1_230' title='bbox 1253 1711 1361 1766; x_wconf 88' lang='lat' dir='ltr'><strong>debebit</strong></span> <span class='ocrx_word' id='word_1_231' title='bbox 1382 1711 1418 1764; x_wconf 88' lang='lat' dir='ltr'><strong>ad</strong></span> <span class='ocrx_word' id='word_1_232' title='bbox 1441 1711 1601 1778; x_wconf 86' lang='lat' dir='ltr'><strong>cavendum,</strong></span> <span class='ocrx_word' id='word_1_233' title='bbox 1627 1717 1658 1764; x_wconf 91' lang='lat' dir='ltr'><strong>nt</strong></span> <span class='ocrx_word' id='word_1_234' title='bbox 1680 1729 1709 1768; x_wconf 91' lang='lat' dir='ltr'><strong>se</strong></span> <span class='ocrx_word' id='word_1_235' title='bbox 1731 1713 1917 1768; x_wconf 86' lang='lat' dir='ltr'><strong>restituturum</strong></span> 
     </span>
     <span class='ocr_line' id='line_1_19' title="bbox 251 1779 1917 1850; baseline 0 -16"><span class='ocrx_word' id='word_1_236' title='bbox 251 1785 447 1846; x_wconf 89' lang='lat' dir='ltr'><strong>testamentum,</strong></span> <span class='ocrx_word' id='word_1_237' title='bbox 471 1779 604 1834; x_wconf 87' lang='lat' dir='ltr'><strong>iubendus</strong></span> <span class='ocrx_word' id='word_1_238' title='bbox 627 1785 668 1834; x_wconf 89' lang='grc' dir='ltr'><strong>ιιι</strong></span> <span class='ocrx_word' id='word_1_239' title='bbox 692 1781 831 1846; x_wconf 82' lang='lat' dir='ltr'><strong>exhibere,</strong></span> <span class='ocrx_word' id='word_1_240' title='bbox 856 1785 883 1834; x_wconf 93' lang='lat' dir='ltr'><strong>et</strong></span> <span class='ocrx_word' id='word_1_241' title='bbox 904 1785 1009 1850; x_wconf 90' lang='lat' dir='ltr'><strong>tempus</strong></span> <span class='ocrx_word' id='word_1_242' title='bbox 1033 1779 1057 1834; x_wconf 90' lang='lat' dir='ltr'><strong>ei</strong></span> <span class='ocrx_word' id='word_1_243' title='bbox 1109 1787 1209 1848; x_wconf 84' lang='lat' dir='ltr'><strong>caveat,</strong></span> <span class='ocrx_word' id='word_1_244' title='bbox 1227 1779 1356 1848; x_wconf 91' lang='lat' dir='ltr'><strong>quidquid</strong></span> <span class='ocrx_word' id='word_1_245' title='bbox 1369 1785 1529 1834; x_wconf 87' lang='lat' dir='ltr'><strong>consecutos</strong></span> <span class='ocrx_word' id='word_1_246' title='bbox 1545 1783 1593 1842; x_wconf 91' lang='lat' dir='ltr'><strong>est,</strong></span> <span class='ocrx_word' id='word_1_247' title='bbox 1609 1779 1632 1832; x_wconf 90' lang='lat' dir='ltr'><strong>si</strong></span> <span class='ocrx_word' id='word_1_248' title='bbox 1646 1779 1766 1834; x_wconf 90' lang='lat' dir='ltr'><strong>condicio</strong></span> <span class='ocrx_word' id='word_1_249' title='bbox 1781 1781 1917 1846; x_wconf 84' lang='lat' dir='ltr'><strong>deiecerit,</strong></span> 
     </span>
     <span class='ocr_line' id='line_1_20' title="bbox 251 1847 1916 1918; baseline 0.001 -18"><span class='ocrx_word' id='word_1_250' title='bbox 251 1849 365 1900; x_wconf 89' lang='lat' dir='ltr'><strong>dandum</strong></span> <span class='ocrx_word' id='word_1_251' title='bbox 383 1853 436 1912; x_wconf 88' lang='lat' dir='ltr'><strong>est,</strong></span> <span class='ocrx_word' id='word_1_252' title='bbox 459 1853 490 1900; x_wconf 92' lang='lat' dir='ltr'><strong>ut</strong></span> <span class='ocrx_word' id='word_1_253' title='bbox 507 1847 643 1916; x_wconf 85' lang='lat' dir='ltr'><strong>exhibeat,</strong></span> <span class='ocrx_word' id='word_1_254' title='bbox 667 1847 690 1904; x_wconf 89' lang='lat' dir='ltr'><strong>si</strong></span> <span class='ocrx_word' id='word_1_255' title='bbox 707 1865 762 1902; x_wconf 90' lang='lat' dir='ltr'><strong>non</strong></span> <span class='ocrx_word' id='word_1_256' title='bbox 778 1853 869 1918; x_wconf 87' lang='lat' dir='ltr'><strong>potest</strong></span> <span class='ocrx_word' id='word_1_257' title='bbox 885 1849 914 1902; x_wconf 92' lang='lat' dir='ltr'><strong>in</strong></span> <span class='ocrx_word' id='word_1_258' title='bbox 930 1861 1056 1918; x_wconf 86' lang='lat' dir='ltr'><strong>praesen·</strong></span> <span class='ocrx_word' id='word_1_259' title='bbox 1109 1851 1171 1917; x_wconf 84' lang='lat' dir='ltr'><strong>quia</strong></span> <span class='ocrx_word' id='word_1_260' title='bbox 1183 1863 1272 1918; x_wconf 89' lang='lat' dir='ltr'><strong>poena</strong></span> <span class='ocrx_word' id='word_1_261' title='bbox 1287 1849 1470 1900; x_wconf 89' lang='lat' dir='ltr'><strong>contumaciae</strong></span> <span class='ocrx_word' id='word_1_262' title='bbox 1482 1851 1636 1916; x_wconf 86' lang='lat' dir='ltr'><strong>praestatur</strong></span> <span class='ocrx_word' id='word_1_263' title='bbox 1650 1847 1684 1900; x_wconf 90' lang='lat' dir='ltr'><strong>ab</strong></span> <span class='ocrx_word' id='word_1_264' title='bbox 1699 1863 1730 1902; x_wconf 91' lang='lat' dir='ltr'><strong>eo</strong></span> <span class='ocrx_word' id='word_1_265' title='bbox 1745 1849 1789 1916; x_wconf 88' lang='lat' dir='ltr'><strong>qui</strong></span> <span class='ocrx_word' id='word_1_266' title='bbox 1803 1865 1857 1904; x_wconf 91' lang='lat' dir='ltr'><strong>non</strong></span> <span class='ocrx_word' id='word_1_267' title='bbox 1870 1865 1916 1902; x_wconf 87' lang='lat' dir='ltr'><strong>ex-</strong></span> 
     </span>
     <span class='ocr_line' id='line_1_21' title="bbox 251 1915 1916 1988; baseline 0.002 -20"><span class='ocrx_word' id='word_1_268' title='bbox 251 1915 345 1968; x_wconf 87' lang='lat' dir='ltr'><strong>tiarum</strong></span> <span class='ocrx_word' id='word_1_269' title='bbox 363 1915 497 1988; x_wconf 81' lang='lat' dir='ltr'><strong>exhihere.</strong></span> <span class='ocrx_word' id='word_1_270' title='bbox 530 1917 578 1970; x_wconf 88' lang='lat' dir='ltr'><strong>sed</strong></span> <span class='ocrx_word' id='word_1_271' title='bbox 596 1917 618 1972; x_wconf 91' lang='lat' dir='ltr'><strong>si</strong></span> <span class='ocrx_word' id='word_1_272' title='bbox 635 1921 713 1984; x_wconf 82' lang='lat' dir='ltr'><strong>neget</strong></span> <span class='ocrx_word' id='word_1_273' title='bbox 731 1933 759 1972; x_wconf 90' lang='lat' dir='ltr'><strong>se</strong></span> <span class='ocrx_word' id='word_1_274' title='bbox 776 1917 901 1972; x_wconf 84' lang='lat' dir='ltr'><strong>exhibere</strong></span> <span class='ocrx_word' id='word_1_275' title='bbox 919 1931 999 1984; x_wconf 86' lang='lat' dir='ltr'><strong>posse</strong></span> <span class='ocrx_word' id='word_1_276' title='bbox 1015 1915 1057 1970; x_wconf 82' lang='lat' dir='ltr'><strong>vel</strong></span> <span class='ocrx_word' id='word_1_277' title='bbox 1111 1923 1140 1970; x_wconf 79' lang='lat' dir='ltr'><strong>ts</strong></span> <span class='ocrx_word' id='word_1_278' title='bbox 1175 1917 1257 1972; x_wconf 86' lang='lat' dir='ltr'><strong>hibet.</strong></span> <span class='ocrx_word' id='word_1_279' title='bbox 1292 1915 1356 1972; x_wconf 88' lang='lat' dir='ltr'><strong>lude</strong></span> <span class='ocrx_word' id='word_1_280' title='bbox 1375 1917 1520 1984; x_wconf 87' lang='lat' dir='ltr'><strong>quaeritur,</strong></span> <span class='ocrx_word' id='word_1_281' title='bbox 1538 1915 1561 1970; x_wconf 90' lang='lat' dir='ltr'><strong>si</strong></span> <span class='ocrx_word' id='word_1_282' title='bbox 1578 1915 1641 1968; x_wconf 88' lang='lat' dir='ltr'><strong>hine</strong></span> <span class='ocrx_word' id='word_1_283' title='bbox 1659 1921 1819 1972; x_wconf 86' lang='lat' dir='ltr'><strong>consecutus</strong></span> <span class='ocrx_word' id='word_1_284' title='bbox 1836 1917 1916 1972; x_wconf 89' lang='lat' dir='ltr'><strong>aesti-</strong></span> 
     </span>
     <span class='ocr_line' id='line_1_22' title="bbox 253 1983 1918 2054; baseline 0 -16"><span class='ocrx_word' id='word_1_285' title='bbox 253 1987 266 2038; x_wconf 82' lang='lat'>2</span> <span class='ocrx_word' id='word_1_286' title='bbox 301 1989 437 2050; x_wconf 83' lang='lat' dir='ltr'><strong>oportere,</strong></span> <span class='ocrx_word' id='word_1_287' title='bbox 460 1985 630 2038; x_wconf 89' lang='lat' dir='ltr'><strong>interdictum</strong></span> <span class='ocrx_word' id='word_1_288' title='bbox 650 1987 702 2038; x_wconf 89' lang='lat' dir='ltr'><strong>hoc</strong></span> <span class='ocrx_word' id='word_1_289' title='bbox 726 1987 860 2054; x_wconf 88' lang='lat' dir='ltr'><strong>competit.</strong></span> <span class='ocrx_word' id='word_1_290' title='bbox 896 1985 954 2038; x_wconf 88' lang='lat' dir='ltr'><strong>Hoc</strong></span> <span class='ocrx_word' id='word_1_291' title='bbox 975 1987 1056 2038; x_wconf 87' lang='lat' dir='ltr'><strong>inter·</strong></span> <span class='ocrx_word' id='word_1_292' title='bbox 1108 1987 1248 2040; x_wconf 86' lang='lat' dir='ltr'><strong>mationem</strong></span> <span class='ocrx_word' id='word_1_293' title='bbox 1271 1983 1416 2052; x_wconf 79' lang='lat' dir='ltr'><strong>legatarius</strong></span> <span class='ocrx_word' id='word_1_294' title='bbox 1441 1989 1537 2054; x_wconf 89' lang='lat' dir='ltr'><strong>postea</strong></span> <span class='ocrx_word' id='word_1_295' title='bbox 1565 1983 1679 2052; x_wconf 84' lang='lat' dir='ltr'><strong>legatum</strong></span> <span class='ocrx_word' id='word_1_296' title='bbox 1705 1989 1794 2052; x_wconf 89' lang='lat' dir='ltr'><strong>petat,</strong></span> <span class='ocrx_word' id='word_1_297' title='bbox 1824 1999 1859 2038; x_wconf 87' lang='lat' dir='ltr'><strong>au</strong></span> <span class='ocrx_word' id='word_1_298' title='bbox 1882 1985 1918 2040; x_wconf 85' lang='lat' dir='ltr'><strong>rit</strong></span> 
     </span>
     <span class='ocr_line' id='line_1_23' title="bbox 253 2051 1917 2122; baseline 0 -18"><span class='ocrx_word' id='word_1_299' title='bbox 253 2051 349 2104; x_wconf 88' lang='lat' dir='ltr'><strong>dictum</strong></span> <span class='ocrx_word' id='word_1_300' title='bbox 393 2053 489 2106; x_wconf 83' lang='grc' dir='ltr'>ιιιιιιιι</span> <span class='ocrx_word' id='word_1_301' title='bbox 509 2069 564 2106; x_wconf 88' lang='lat' dir='ltr'><strong>uon</strong></span> <span class='ocrx_word' id='word_1_302' title='bbox 584 2057 688 2106; x_wconf 88' lang='lat' dir='ltr'><strong>tautum</strong></span> <span class='ocrx_word' id='word_1_303' title='bbox 711 2053 746 2106; x_wconf 92' lang='lat' dir='ltr'><strong>ad</strong></span> <span class='ocrx_word' id='word_1_304' title='bbox 767 2053 920 2108; x_wconf 88' lang='lat' dir='ltr'><strong>testamenti</strong></span> <span class='ocrx_word' id='word_1_305' title='bbox 941 2053 1056 2116; x_wconf 79' lang='lat' dir='ltr'><strong>tabulas,</strong></span> <span class='ocrx_word' id='word_1_306' title='bbox 1109 2053 1265 2108; x_wconf 89' lang='lat' dir='ltr'><strong>audiendus.</strong></span> <span class='ocrx_word' id='word_1_307' title='bbox 1301 2059 1328 2106; x_wconf 93' lang='lat' dir='ltr'><strong>et</strong></span> <span class='ocrx_word' id='word_1_308' title='bbox 1350 2059 1455 2122; x_wconf 90' lang='lat' dir='ltr'><strong>putem,</strong></span> <span class='ocrx_word' id='word_1_309' title='bbox 1479 2053 1503 2108; x_wconf 89' lang='lat' dir='ltr'><strong>si</strong></span> <span class='ocrx_word' id='word_1_310' title='bbox 1520 2053 1596 2106; x_wconf 84' lang='lat' dir='ltr'><strong>heres</strong></span> <span class='ocrx_word' id='word_1_311' title='bbox 1613 2051 1684 2106; x_wconf 89' lang='lat' dir='ltr'><strong>idem</strong></span> <span class='ocrx_word' id='word_1_312' title='bbox 1700 2053 1847 2122; x_wconf 88' lang='lat' dir='ltr'><strong>praestitit,</strong></span> <span class='ocrx_word' id='word_1_313' title='bbox 1871 2069 1917 2104; x_wconf 84' lang='lat' dir='ltr'><strong>ex-</strong></span> 
     </span>
     <span class='ocr_line' id='line_1_24' title="bbox 251 2067 1917 2192; baseline 0 -18"><span class='ocrx_word' id='word_1_314' title='bbox 251 2135 340 2174; x_wconf 78' lang='lat' dir='ltr'><strong>terum</strong></span> <span class='ocrx_word' id='word_1_315' title='bbox 357 2067 392 2174; x_wconf 66' lang='lat' dir='ltr'><strong>ad</strong></span> <span class='ocrx_word' id='word_1_316' title='bbox 409 2121 512 2184; x_wconf 86' lang='lat' dir='ltr'><strong>omnia,</strong></span> <span class='ocrx_word' id='word_1_317' title='bbox 536 2137 606 2188; x_wconf 86' lang='lat' dir='ltr'><strong>quae</strong></span> <span class='ocrx_word' id='word_1_318' title='bbox 629 2121 663 2174; x_wconf 91' lang='lat' dir='ltr'><strong>ad</strong></span> <span class='ocrx_word' id='word_1_319' title='bbox 682 2137 790 2174; x_wconf 88' lang='lat' dir='ltr'><strong>causam</strong></span> <span class='ocrx_word' id='word_1_320' title='bbox 806 2121 960 2176; x_wconf 83' lang='lat' dir='ltr'><strong>testamenti</strong></span> <span class='ocrx_word' id='word_1_321' title='bbox 976 2121 1057 2190; x_wconf 89' lang='lat' dir='ltr'><strong>perti·</strong></span> <span class='ocrx_word' id='word_1_322' title='bbox 1109 2123 1229 2190; x_wconf 88' lang='lat' dir='ltr'><strong>ceptione</strong></span> <span class='ocrx_word' id='word_1_323' title='bbox 1241 2119 1300 2176; x_wconf 83' lang='lat' dir='ltr'><strong>&#39;doli</strong></span> <span class='ocrx_word' id='word_1_324' title='bbox 1317 2121 1506 2192; x_wconf 87' lang='lat' dir='ltr'><strong>repellendum,</strong></span> <span class='ocrx_word' id='word_1_325' title='bbox 1525 2121 1548 2176; x_wconf 89' lang='lat' dir='ltr'><strong>si</strong></span> <span class='ocrx_word' id='word_1_326' title='bbox 1565 2121 1642 2184; x_wconf 87' lang='lat' dir='ltr'><strong>alius,</strong></span> <span class='ocrx_word' id='word_1_327' title='bbox 1660 2119 1752 2188; x_wconf 86' lang='lat' dir='ltr'><strong>repelli</strong></span> <span class='ocrx_word' id='word_1_328' title='bbox 1765 2135 1820 2174; x_wconf 86' lang='lat' dir='ltr'><strong>non</strong></span> <span class='ocrx_word' id='word_1_329' title='bbox 1837 2137 1917 2188; x_wconf 88' lang='lat' dir='ltr'><strong>opor-</strong></span> 
     </span>
     <span class='ocr_line' id='line_1_25' title="bbox 252 2187 1917 2258; baseline 0 -16"><span class='ocrx_word' id='word_1_330' title='bbox 252 2195 266 2242; x_wconf 98' lang='grc'>3</span> <span class='ocrx_word' id='word_1_331' title='bbox 300 2191 377 2240; x_wconf 84' lang='lat' dir='ltr'><strong>nent:</strong></span> <span class='ocrx_word' id='word_1_332' title='bbox 395 2189 869 2258; x_wconf 83' lang='lat' dir='ltr'><strong>utputaetadeodicillospertinet.</strong></span> <span class='ocrx_word' id='word_1_333' title='bbox 896 2187 1056 2242; x_wconf 78' lang='lat' dir='ltr'><strong>Sireautem</strong></span> <span class='ocrx_word' id='word_1_334' title='bbox 1107 2197 1172 2244; x_wconf 88' lang='lat' dir='ltr'><strong>tere.</strong></span> <span class='ocrx_word' id='word_1_335' title='bbox 1213 2195 1239 2242; x_wconf 90' lang='lat' dir='ltr'><strong>et</strong></span> <span class='ocrx_word' id='word_1_336' title='bbox 1261 2189 1321 2244; x_wconf 88' lang='lat' dir='ltr'><strong>idco</strong></span> <span class='ocrx_word' id='word_1_337' title='bbox 1345 2195 1371 2244; x_wconf 91' lang='lat' dir='ltr'><strong>et</strong></span> <span class='ocrx_word' id='word_1_338' title='bbox 1394 2191 1417 2244; x_wconf 86' lang='lat' dir='ltr'><strong>si</strong></span> <span class='ocrx_word' id='word_1_339' title='bbox 1439 2191 1516 2242; x_wconf 89' lang='lat' dir='ltr'><strong>heres</strong></span> <span class='ocrx_word' id='word_1_340' title='bbox 1540 2189 1587 2254; x_wconf 88' lang='lat' dir='ltr'><strong>sit,</strong></span> <span class='ocrx_word' id='word_1_341' title='bbox 1619 2187 1665 2256; x_wconf 88' lang='lat' dir='ltr'><strong>qui</strong></span> <span class='ocrx_word' id='word_1_342' title='bbox 1686 2187 1828 2242; x_wconf 87' lang='lat' dir='ltr'><strong>interdicto</strong></span> <span class='ocrx_word' id='word_1_343' title='bbox 1851 2203 1917 2242; x_wconf 86' lang='lat' dir='ltr'><strong>usus</strong></span> 
     </span>
     <span class='ocr_line' id='line_1_26' title="bbox 251 2253 1916 2336; baseline 0 -28"><span class='ocrx_word' id='word_1_344' title='bbox 251 2253 320 2308; x_wconf 83' lang='lat' dir='ltr'><strong>salet</strong></span> <span class='ocrx_word' id='word_1_345' title='bbox 336 2259 524 2310; x_wconf 88' lang='lat' dir='ltr'><strong>testamcutum</strong></span> <span class='ocrx_word' id='word_1_346' title='bbox 541 2257 596 2310; x_wconf 86' lang='lat' dir='ltr'><strong>sive</strong></span> <span class='ocrx_word' id='word_1_347' title='bbox 612 2273 674 2320; x_wconf 92' lang='lat' dir='ltr'><strong>non,</strong></span> <span class='ocrx_word' id='word_1_348' title='bbox 692 2257 733 2310; x_wconf 82' lang='lat' dir='ltr'><strong>rel</strong></span> <span class='ocrx_word' id='word_1_349' title='bbox 751 2257 822 2336; x_wconf 87' lang='lat' dir='ltr'><strong>quod</strong></span> <span class='ocrx_word' id='word_1_350' title='bbox 837 2257 871 2310; x_wconf 93' lang='lat' dir='ltr'><strong>ab</strong></span> <span class='ocrx_word' id='word_1_351' title='bbox 886 2257 962 2310; x_wconf 90' lang='lat' dir='ltr'><strong>initio</strong></span> <span class='ocrx_word' id='word_1_352' title='bbox 977 2257 1056 2310; x_wconf 89' lang='lat' dir='ltr'><strong>inuti·</strong></span> <span class='ocrx_word' id='word_1_353' title='bbox 1109 2263 1148 2312; x_wconf 91' lang='lat' dir='ltr'><strong>est</strong></span> <span class='ocrx_word' id='word_1_354' title='bbox 1166 2257 1375 2314; x_wconf 87' lang='lat' dir='ltr'><strong>aestimationem</strong></span> <span class='ocrx_word' id='word_1_355' title='bbox 1393 2263 1568 2324; x_wconf 90' lang='lat' dir='ltr'><strong>consecutus,</strong></span> <span class='ocrx_word' id='word_1_356' title='bbox 1592 2257 1684 2310; x_wconf 90' lang='lat' dir='ltr'><strong>eadem</strong></span> <span class='ocrx_word' id='word_1_357' title='bbox 1707 2261 1749 2310; x_wconf 92' lang='lat' dir='ltr'><strong>est</strong></span> <span class='ocrx_word' id='word_1_358' title='bbox 1772 2255 1916 2310; x_wconf 89' lang='lat' dir='ltr'><strong>distinctio.</strong></span> 
     </span>
     <span class='ocr_line' id='line_1_27' title="bbox 251 2321 1915 2394; baseline -0.001 -16"><span class='ocrx_word' id='word_1_359' title='bbox 251 2323 311 2378; x_wconf 89' lang='lat' dir='ltr'><strong>liter</strong></span> <span class='ocrx_word' id='word_1_360' title='bbox 332 2321 434 2376; x_wconf 87' lang='lat' dir='ltr'><strong>iactum</strong></span> <span class='ocrx_word' id='word_1_361' title='bbox 455 2329 509 2388; x_wconf 90' lang='lat' dir='ltr'><strong>est,</strong></span> <span class='ocrx_word' id='word_1_362' title='bbox 532 2323 587 2378; x_wconf 88' lang='lat' dir='ltr'><strong>sive</strong></span> <span class='ocrx_word' id='word_1_363' title='bbox 609 2329 715 2392; x_wconf 89' lang='lat' dir='ltr'><strong>ruptum</strong></span> <span class='ocrx_word' id='word_1_364' title='bbox 738 2327 793 2378; x_wconf 85' lang='lat' dir='ltr'><strong>srt²</strong></span> <span class='ocrx_word' id='word_1_365' title='bbox 814 2325 856 2380; x_wconf 85' lang='lat' dir='ltr'><strong>rel</strong></span> <span class='ocrx_word' id='word_1_366' title='bbox 879 2325 907 2378; x_wconf 91' lang='lat' dir='ltr'><strong>in</strong></span> <span class='ocrx_word' id='word_1_367' title='bbox 930 2339 983 2392; x_wconf 89' lang='lat' dir='ltr'><strong>quo</strong></span> <span class='ocrx_word' id='word_1_368' title='bbox 1004 2325 1056 2380; x_wconf 88' lang='lat' dir='ltr'><strong>alio</strong></span> <span class='ocrx_word' id='word_1_369' title='bbox 1111 2333 1140 2380; x_wconf 85' lang='grc'><strong>16</strong></span> <span class='ocrx_word' id='word_1_370' title='bbox 1174 2327 1349 2380; x_wconf 84' lang='lat' dir='ltr'><strong>Interdictum</strong></span> <span class='ocrx_word' id='word_1_371' title='bbox 1370 2327 1423 2380; x_wconf 91' lang='lat' dir='ltr'><strong>hoc</strong></span> <span class='ocrx_word' id='word_1_372' title='bbox 1443 2331 1548 2394; x_wconf 89' lang='lat' dir='ltr'><strong>etpost</strong></span> <span class='ocrx_word' id='word_1_373' title='bbox 1565 2339 1665 2378; x_wconf 88' lang='lat' dir='ltr'><strong>aunum</strong></span> <span class='ocrx_word' id='word_1_374' title='bbox 1682 2327 1833 2392; x_wconf 86' lang='lat' dir='ltr'><strong>competere</strong></span> <span class='ocrx_word' id='word_1_375' title='bbox 1851 2339 1915 2376; x_wconf 89' lang='lat' dir='ltr'><strong>con-</strong></span> 
     </span>
     <span class='ocr_line' id='line_1_28' title="bbox 251 2389 1917 2462; baseline 0.001 -18"><span class='ocrx_word' id='word_1_376' title='bbox 251 2389 327 2454; x_wconf 78' lang='lat' dir='ltr'><strong>sitio,</strong></span> <span class='ocrx_word' id='word_1_377' title='bbox 353 2391 401 2444; x_wconf 86' lang='lat' dir='ltr'><strong>red</strong></span> <span class='ocrx_word' id='word_1_378' title='bbox 425 2391 506 2446; x_wconf 91' lang='lat' dir='ltr'><strong>etiam</strong></span> <span class='ocrx_word' id='word_1_379' title='bbox 529 2391 552 2446; x_wconf 90' lang='lat' dir='ltr'><strong>si</strong></span> <span class='ocrx_word' id='word_1_380' title='bbox 574 2391 669 2446; x_wconf 84' lang='lat' dir='ltr'><strong>falsum</strong></span> <span class='ocrx_word' id='word_1_381' title='bbox 693 2407 752 2446; x_wconf 89' lang='lat' dir='ltr'><strong>esse</strong></span> <span class='ocrx_word' id='word_1_382' title='bbox 775 2391 880 2446; x_wconf 87' lang='lat' dir='ltr'><strong>dicatur</strong></span> <span class='ocrx_word' id='word_1_383' title='bbox 902 2393 943 2446; x_wconf 82' lang='lat' dir='ltr'><strong>rel</strong></span> <span class='ocrx_word' id='word_1_384' title='bbox 966 2393 1000 2446; x_wconf 89' lang='lat' dir='ltr'><strong>ab</strong></span> <span class='ocrx_word' id='word_1_385' title='bbox 1025 2407 1056 2446; x_wconf 92' lang='lat' dir='ltr'><strong>co</strong></span> <span class='ocrx_word' id='word_1_386' title='bbox 1108 2399 1169 2448; x_wconf 89' lang='lat' dir='ltr'><strong>stat.</strong></span> <span class='ocrx_word' id='word_1_387' title='bbox 1198 2395 1245 2448; x_wconf 85' lang='lat' dir='ltr'><strong>sed</strong></span> <span class='ocrx_word' id='word_1_388' title='bbox 1258 2395 1390 2448; x_wconf 87' lang='lat' dir='ltr'><strong>etheredi</strong></span> <span class='ocrx_word' id='word_1_389' title='bbox 1404 2395 1551 2462; x_wconf 90' lang='lat' dir='ltr'><strong>ceterisque</strong></span> <span class='ocrx_word' id='word_1_390' title='bbox 1566 2393 1766 2448; x_wconf 86' lang='lat' dir='ltr'><strong>successoribus</strong></span> <span class='ocrx_word' id='word_1_391' title='bbox 1781 2391 1917 2460; x_wconf 89' lang='lat' dir='ltr'><strong>competit.</strong></span> 
     </span>
     <span class='ocr_line' id='line_1_29' title="bbox 251 2457 1917 2532; baseline 0 -20"><span class='ocrx_word' id='word_1_392' title='bbox 251 2459 351 2512; x_wconf 85' lang='lat' dir='ltr'><strong>lactum</strong></span> <span class='ocrx_word' id='word_1_393' title='bbox 373 2457 417 2526; x_wconf 90' lang='lat' dir='ltr'><strong>qui</strong></span> <span class='ocrx_word' id='word_1_394' title='bbox 438 2461 591 2512; x_wconf 86' lang='lat' dir='ltr'><strong>testamenti</strong></span> <span class='ocrx_word' id='word_1_395' title='bbox 613 2459 756 2514; x_wconf 80' lang='lat' dir='ltr'><strong>tardonem</strong></span> <span class='ocrx_word' id='word_1_396' title='bbox 778 2475 832 2514; x_wconf 89' lang='lat' dir='ltr'><strong>non</strong></span> <span class='ocrx_word' id='word_1_397' title='bbox 855 2461 992 2516; x_wconf 87' lang='lat' dir='ltr'><strong>habuerit:</strong></span> <span class='ocrx_word' id='word_1_398' title='bbox 1018 2461 1057 2514; x_wconf 92' lang='lat' dir='ltr'><strong>di·</strong></span> <span class='ocrx_word' id='word_1_399' title='bbox 1141 2461 1161 2518; x_wconf 84' lang='lat'>4</span> <span class='ocrx_word' id='word_1_400' title='bbox 1180 2461 1299 2518; x_wconf 78' lang='lat' dir='ltr'><strong>Pronus</strong></span> <span class='ocrx_word' id='word_1_401' title='bbox 1314 2463 1381 2518; x_wconf 85' lang='lat' dir='ltr'><strong>libro</strong></span> <span class='ocrx_word' id='word_1_402' title='bbox 1400 2461 1587 2532; x_wconf 72' lang='lat' dir='ltr'><strong>senapensimo</strong></span> <span class='ocrx_word' id='word_1_403' title='bbox 1604 2477 1676 2514; x_wconf 82' lang='lat' dir='ltr'><strong>nono</strong></span> <span class='ocrx_word' id='word_1_404' title='bbox 1694 2461 1732 2512; x_wconf 85' lang='lat' dir='ltr'><strong>ud</strong></span> <span class='ocrx_word' id='word_1_405' title='bbox 1745 2459 1860 2514; x_wconf 79' lang='lat' dir='ltr'><strong>edictam</strong></span> <span class='ocrx_word' id='word_1_406' title='bbox 1888 2459 1917 2512; x_wconf 82' lang='lat' dir='ltr'><strong>Si</strong></span> 
     </span>
     <span class='ocr_line' id='line_1_30' title="bbox 252 2525 1917 2598; baseline 0.001 -20"><span class='ocrx_word' id='word_1_407' title='bbox 252 2531 266 2578; x_wconf 85' lang='grc'>1</span> <span class='ocrx_word' id='word_1_408' title='bbox 302 2525 414 2580; x_wconf 89' lang='lat' dir='ltr'><strong>cendum</strong></span> <span class='ocrx_word' id='word_1_409' title='bbox 440 2533 483 2580; x_wconf 91' lang='lat' dir='ltr'><strong>est</strong></span> <span class='ocrx_word' id='word_1_410' title='bbox 507 2525 792 2596; x_wconf 83' lang='lat' dir='ltr'><strong>interdictumrelere.</strong></span> <span class='ocrx_word' id='word_1_411' title='bbox 833 2529 892 2584; x_wconf 82' lang='lat' dir='ltr'><strong>Sive</strong></span> <span class='ocrx_word' id='word_1_412' title='bbox 919 2543 1058 2596; x_wconf 87' lang='lat' dir='ltr'><strong>supremae</strong></span> <span class='ocrx_word' id='word_1_413' title='bbox 1108 2533 1161 2584; x_wconf 91' lang='lat' dir='ltr'><strong>siut</strong></span> <span class='ocrx_word' id='word_1_414' title='bbox 1184 2531 1292 2584; x_wconf 89' lang='lat' dir='ltr'><strong>tabulae</strong></span> <span class='ocrx_word' id='word_1_415' title='bbox 1315 2529 1386 2598; x_wconf 92' lang='lat' dir='ltr'><strong>apud</strong></span> <span class='ocrx_word' id='word_1_416' title='bbox 1405 2531 1536 2598; x_wconf 88' lang='lat' dir='ltr'><strong>pupillum</strong></span> <span class='ocrx_word' id='word_1_417' title='bbox 1553 2535 1580 2584; x_wconf 91' lang='lat' dir='ltr'><strong>et</strong></span> <span class='ocrx_word' id='word_1_418' title='bbox 1597 2527 1659 2584; x_wconf 91' lang='lat' dir='ltr'><strong>dolo</strong></span> <span class='ocrx_word' id='word_1_419' title='bbox 1676 2527 1773 2582; x_wconf 88' lang='lat' dir='ltr'><strong>tutoris</strong></span> <span class='ocrx_word' id='word_1_420' title='bbox 1791 2527 1917 2582; x_wconf 85' lang='lat' dir='ltr'><strong>desierint</strong></span> 
     </span>
     <span class='ocr_line' id='line_1_31' title="bbox 244 2593 1916 2666; baseline 0.002 -20"><span class='ocrx_word' id='word_1_421' title='bbox 244 2593 357 2646; x_wconf 85' lang='lat' dir='ltr'><strong>tabulae</strong></span> <span class='ocrx_word' id='word_1_422' title='bbox 380 2595 435 2648; x_wconf 89' lang='lat' dir='ltr'><strong>sint</strong></span> <span class='ocrx_word' id='word_1_423' title='bbox 458 2595 513 2650; x_wconf 86' lang='lat' dir='ltr'><strong>sire</strong></span> <span class='ocrx_word' id='word_1_424' title='bbox 536 2611 590 2650; x_wconf 89' lang='lat' dir='ltr'><strong>non</strong></span> <span class='ocrx_word' id='word_1_425' title='bbox 613 2595 677 2662; x_wconf 91' lang='lat' dir='ltr'><strong>sint,</strong></span> <span class='ocrx_word' id='word_1_426' title='bbox 706 2597 753 2650; x_wconf 91' lang='lat' dir='ltr'><strong>sed</strong></span> <span class='ocrx_word' id='word_1_427' title='bbox 776 2595 892 2664; x_wconf 85' lang='lat' dir='ltr'><strong>priores,</strong></span> <span class='ocrx_word' id='word_1_428' title='bbox 917 2597 1056 2650; x_wconf 87' lang='lat' dir='ltr'><strong>dicendum</strong></span> <span class='ocrx_word' id='word_1_429' title='bbox 1108 2613 1174 2664; x_wconf 86' lang='lat' dir='ltr'><strong>esse,</strong></span> <span class='ocrx_word' id='word_1_430' title='bbox 1188 2599 1216 2650; x_wconf 90' lang='lat' dir='ltr'><strong>in</strong></span> <span class='ocrx_word' id='word_1_431' title='bbox 1231 2599 1320 2666; x_wconf 89' lang='lat' dir='ltr'><strong>ipsum</strong></span> <span class='ocrx_word' id='word_1_432' title='bbox 1334 2603 1449 2652; x_wconf 89' lang='lat' dir='ltr'><strong>tutorem</strong></span> <span class='ocrx_word' id='word_1_433' title='bbox 1464 2596 1785 2666; x_wconf 85' lang='lat' dir='ltr'><strong>competitinterdictum:</strong></span> <span class='ocrx_word' id='word_1_434' title='bbox 1803 2611 1834 2650; x_wconf 92' lang='lat' dir='ltr'><strong>ae</strong></span> <span class='ocrx_word' id='word_1_435' title='bbox 1853 2611 1916 2650; x_wconf 86' lang='lat' dir='ltr'><strong>num</strong></span> 
     </span>
     <span class='ocr_line' id='line_1_32' title="bbox 253 2661 1914 2746; baseline 0.002 -33"><span class='ocrx_word' id='word_1_436' title='bbox 253 2667 266 2714; x_wconf 78' lang='grc' dir='ltr'><strong>ι</strong></span> <span class='ocrx_word' id='word_1_437' title='bbox 300 2661 471 2716; x_wconf 88' lang='lat' dir='ltr'><strong>interdictum</strong></span> <span class='ocrx_word' id='word_1_438' title='bbox 487 2665 539 2718; x_wconf 88' lang='lat' dir='ltr'><strong>hoe</strong></span> <span class='ocrx_word' id='word_1_439' title='bbox 557 2665 643 2716; x_wconf 90' lang='lat' dir='ltr'><strong>locum</strong></span> <span class='ocrx_word' id='word_1_440' title='bbox 660 2665 768 2718; x_wconf 88' lang='lat' dir='ltr'><strong>habere.</strong></span> <span class='ocrx_word' id='word_1_441' title='bbox 803 2665 897 2734; x_wconf 92' lang='lat' dir='ltr'><strong>Itaque</strong></span> <span class='ocrx_word' id='word_1_442' title='bbox 915 2665 1056 2718; x_wconf 91' lang='lat' dir='ltr'><strong>dicendum</strong></span> <span class='ocrx_word' id='word_1_443' title='bbox 1109 2667 1177 2720; x_wconf 87' lang='lat' dir='ltr'><strong>enim</strong></span> <span class='ocrx_word' id='word_1_444' title='bbox 1196 2671 1235 2720; x_wconf 90' lang='lat' dir='ltr'><strong>est</strong></span> <span class='ocrx_word' id='word_1_445' title='bbox 1251 2667 1340 2736; x_wconf 90' lang='lat' dir='ltr'><strong>ipsum</strong></span> <span class='ocrx_word' id='word_1_446' title='bbox 1357 2683 1390 2720; x_wconf 86' lang='lat' dir='ltr'><strong>ex</strong></span> <span class='ocrx_word' id='word_1_447' title='bbox 1408 2665 1504 2722; x_wconf 88' lang='lat' dir='ltr'><strong>delicto</strong></span> <span class='ocrx_word' id='word_1_448' title='bbox 1522 2683 1572 2722; x_wconf 90' lang='lat' dir='ltr'><strong>suo</strong></span> <span class='ocrx_word' id='word_1_449' title='bbox 1589 2665 1682 2728; x_wconf 87' lang='lat' dir='ltr'><strong>terreri,</strong></span> <span class='ocrx_word' id='word_1_450' title='bbox 1703 2679 1758 2718; x_wconf 89' lang='lat' dir='ltr'><strong>nou</strong></span> <span class='ocrx_word' id='word_1_451' title='bbox 1774 2665 1839 2746; x_wconf 81' lang='lat' dir='ltr'><strong>pup&#39;</strong></span> <span class='ocrx_word' id='word_1_452' title='bbox 1862 2679 1914 2718; x_wconf 91' lang='lat' dir='ltr'><strong>nm.</strong></span> 
     </span>
     <span class='ocr_line' id='line_1_33' title="bbox 252 2729 1916 2800; baseline 0.004 -18"><span class='ocrx_word' id='word_1_453' title='bbox 252 2735 291 2784; x_wconf 87' lang='lat' dir='ltr'><strong>est</strong></span> <span class='ocrx_word' id='word_1_454' title='bbox 315 2729 349 2784; x_wconf 89' lang='lat' dir='ltr'><strong>ad</strong></span> <span class='ocrx_word' id='word_1_455' title='bbox 373 2745 477 2784; x_wconf 89' lang='lat' dir='ltr'><strong>ornnem</strong></span> <span class='ocrx_word' id='word_1_456' title='bbox 500 2731 606 2788; x_wconf 88' lang='lat' dir='ltr'><strong>omuino</strong></span> <span class='ocrx_word' id='word_1_457' title='bbox 628 2735 786 2800; x_wconf 83' lang='lat' dir='ltr'><strong>scripturam</strong></span> <span class='ocrx_word' id='word_1_458' title='bbox 810 2733 976 2798; x_wconf 88' lang='lat' dir='ltr'><strong>testamenti,</strong></span> <span class='ocrx_word' id='word_1_459' title='bbox 1004 2733 1057 2788; x_wconf 82' lang='lat' dir='ltr'><strong>sive</strong></span> <span class='ocrx_word' id='word_1_460' title='bbox 1142 2733 1347 2790; x_wconf 71' lang='lat' dir='ltr'><strong>dirruentes</strong></span> <span class='ocrx_word' id='word_1_461' title='bbox 1367 2733 1435 2788; x_wconf 80' lang='lat' dir='ltr'><strong>libro</strong></span> <span class='ocrx_word' id='word_1_462' title='bbox 1458 2737 1536 2788; x_wconf 81' lang='lat' dir='ltr'><strong>tertio</strong></span> <span class='ocrx_word' id='word_1_463' title='bbox 1560 2735 1662 2790; x_wconf 84' lang='lat' dir='ltr'><strong>decimo</strong></span> <span class='ocrx_word' id='word_1_464' title='bbox 1683 2749 1721 2788; x_wconf 77' lang='lat' dir='ltr'><strong>ex</strong></span> <span class='ocrx_word' id='word_1_465' title='bbox 1745 2731 1836 2788; x_wconf 76' lang='grc' dir='ltr'>Οαιιιο</span> <span class='ocrx_word' id='word_1_466' title='bbox 1874 2731 1916 2788; x_wconf 83' lang='lat' dir='ltr'><strong>De</strong></span> 
     </span>
     <span class='ocr_line' id='line_1_34' title="bbox 253 2797 1914 2870; baseline 0.003 -20"><span class='ocrx_word' id='word_1_467' title='bbox 253 2797 396 2866; x_wconf 83' lang='lat' dir='ltr'><strong>perfectam</strong></span> <span class='ocrx_word' id='word_1_468' title='bbox 418 2799 473 2854; x_wconf 86' lang='lat' dir='ltr'><strong>sire</strong></span> <span class='ocrx_word' id='word_1_469' title='bbox 496 2799 691 2868; x_wconf 86' lang='lat' dir='ltr'><strong>imperfectam,</strong></span> <span class='ocrx_word' id='word_1_470' title='bbox 713 2801 882 2854; x_wconf 89' lang='lat' dir='ltr'><strong>interdictum</strong></span> <span class='ocrx_word' id='word_1_471' title='bbox 903 2803 954 2856; x_wconf 91' lang='lat' dir='ltr'><strong>hoc</strong></span> <span class='ocrx_word' id='word_1_472' title='bbox 976 2801 1056 2870; x_wconf 90' lang='lat' dir='ltr'><strong>perti·</strong></span> <span class='ocrx_word' id='word_1_473' title='bbox 1109 2803 1205 2856; x_wconf 90' lang='lat' dir='ltr'><strong>tabulis</strong></span> <span class='ocrx_word' id='word_1_474' title='bbox 1242 2801 1389 2856; x_wconf 85' lang='lat' dir='ltr'><strong>referendis</strong></span> <span class='ocrx_word' id='word_1_475' title='bbox 1406 2801 1574 2856; x_wconf 89' lang='lat' dir='ltr'><strong>interdictum</strong></span> <span class='ocrx_word' id='word_1_476' title='bbox 1594 2817 1653 2856; x_wconf 90' lang='lat' dir='ltr'><strong>com</strong></span> <span class='ocrx_word' id='word_1_477' title='bbox 1672 2807 1743 2856; x_wconf 88' lang='lat' dir='ltr'><strong>etere</strong></span> <span class='ocrx_word' id='word_1_478' title='bbox 1763 2817 1818 2856; x_wconf 91' lang='lat' dir='ltr'><strong>nou</strong></span> <span class='ocrx_word' id='word_1_479' title='bbox 1835 2815 1914 2870; x_wconf 87' lang='lat' dir='ltr'><strong>opor-</strong></span> 
     </span>
     <span class='ocr_line' id='line_1_35' title="bbox 254 2819 1914 2946; baseline 0.001 -26"><span class='ocrx_word' id='word_1_480' title='bbox 254 2873 267 2920; x_wconf 80' lang='grc' dir='ltr'><strong>ι</strong></span> <span class='ocrx_word' id='word_1_481' title='bbox 301 2881 372 2946; x_wconf 80' lang='lat' dir='ltr'><strong>nere.</strong></span> <span class='ocrx_word' id='word_1_482' title='bbox 412 2865 528 2946; x_wconf 77' lang='lat' dir='ltr'><strong>Proinde</strong></span> <span class='ocrx_word' id='word_1_483' title='bbox 552 2873 579 2922; x_wconf 93' lang='lat' dir='ltr'><strong>et</strong></span> <span class='ocrx_word' id='word_1_484' title='bbox 602 2869 626 2920; x_wconf 89' lang='lat' dir='ltr'><strong>si</strong></span> <span class='ocrx_word' id='word_1_485' title='bbox 646 2869 737 2936; x_wconf 88' lang='lat' dir='ltr'><strong>plures</strong></span> <span class='ocrx_word' id='word_1_486' title='bbox 762 2869 871 2920; x_wconf 89' lang='lat' dir='ltr'><strong>tabulae</strong></span> <span class='ocrx_word' id='word_1_487' title='bbox 896 2869 950 2922; x_wconf 89' lang='lat' dir='ltr'><strong>sint</strong></span> <span class='ocrx_word' id='word_1_488' title='bbox 974 2873 1057 2924; x_wconf 90' lang='lat' dir='ltr'><strong>testa·</strong></span> <span class='ocrx_word' id='word_1_489' title='bbox 1108 2875 1160 2936; x_wconf 90' lang='lat' dir='ltr'><strong>tet,</strong></span> <span class='ocrx_word' id='word_1_490' title='bbox 1184 2869 1207 2924; x_wconf 87' lang='lat' dir='ltr'><strong>si</strong></span> <span class='ocrx_word' id='word_1_491' title='bbox 1222 2819 1383 2924; x_wconf 55' lang='lat' dir='ltr'><strong>hereditatis</strong></span> <span class='ocrx_word' id='word_1_492' title='bbox 1407 2871 1586 2924; x_wconf 80' lang='lat' dir='ltr'><strong>conhorarsia</strong></span> <span class='ocrx_word' id='word_1_493' title='bbox 1602 2885 1636 2924; x_wconf 84' lang='lat' dir='ltr'><strong>ex</strong></span> <span class='ocrx_word' id='word_1_494' title='bbox 1673 2869 1694 2924; x_wconf 87' lang='lat' dir='ltr'><strong>&#39;s</strong></span> <span class='ocrx_word' id='word_1_495' title='bbox 1711 2869 1810 2938; x_wconf 89' lang='lat' dir='ltr'><strong>pendet</strong></span> <span class='ocrx_word' id='word_1_496' title='bbox 1827 2867 1914 2922; x_wconf 79' lang='lat' dir='ltr'><strong>autri</strong></span> 
     </span>
     <span class='ocr_line' id='line_1_36' title="bbox 247 2935 1917 3006; baseline 0.002 -20"><span class='ocrx_word' id='word_1_497' title='bbox 247 2941 344 3000; x_wconf 80' lang='lat' dir='ltr'><strong>menn,</strong></span> <span class='ocrx_word' id='word_1_498' title='bbox 368 2935 430 3002; x_wconf 90' lang='lat' dir='ltr'><strong>quia</strong></span> <span class='ocrx_word' id='word_1_499' title='bbox 443 2949 553 3004; x_wconf 89' lang='lat' dir='ltr'><strong>seepms</strong></span> <span class='ocrx_word' id='word_1_500' title='bbox 570 2935 683 3000; x_wconf 84' lang='lat' dir='ltr'><strong>fecerat,</strong></span> <span class='ocrx_word' id='word_1_501' title='bbox 702 2935 841 2988; x_wconf 70' lang='lat' dir='ltr'><strong>disemum</strong></span> <span class='ocrx_word' id='word_1_502' title='bbox 859 2941 900 2990; x_wconf 90' lang='lat' dir='ltr'><strong>est</strong></span> <span class='ocrx_word' id='word_1_503' title='bbox 916 2937 1056 2990; x_wconf 90' lang='lat' dir='ltr'><strong>interdicto</strong></span> <span class='ocrx_word' id='word_1_504' title='bbox 1109 2937 1142 2992; x_wconf 93' lang='lat' dir='ltr'><strong>ad</strong></span> <span class='ocrx_word' id='word_1_505' title='bbox 1163 2939 1297 3006; x_wconf 89' lang='lat' dir='ltr'><strong>publicam</strong></span> <span class='ocrx_word' id='word_1_506' title='bbox 1338 2937 1501 2992; x_wconf 78' lang='lat' dir='ltr'><strong>uaesdonem</strong></span> <span class='ocrx_word' id='word_1_507' title='bbox 1523 2937 1668 3006; x_wconf 84' lang='lat' dir='ltr'><strong>pertinet⁷:</strong></span> <span class='ocrx_word' id='word_1_508' title='bbox 1691 2937 1782 3004; x_wconf 89' lang='lat' dir='ltr'><strong>itaque</strong></span> <span class='ocrx_word' id='word_1_509' title='bbox 1804 2935 1833 2990; x_wconf 90' lang='lat' dir='ltr'><strong>in</strong></span> <span class='ocrx_word' id='word_1_510' title='bbox 1850 2935 1917 2990; x_wconf 90' lang='lat' dir='ltr'><strong>aede</strong></span> 
     </span>
     <span class='ocr_line' id='line_1_37' title="bbox 252 2953 1915 3072; baseline 0.002 -18"><span class='ocrx_word' id='word_1_511' title='bbox 252 3001 340 3056; x_wconf 91' lang='lat' dir='ltr'><strong>locum</strong></span> <span class='ocrx_word' id='word_1_512' title='bbox 361 3001 434 3056; x_wconf 83' lang='lat' dir='ltr'><strong>iore:</strong></span> <span class='ocrx_word' id='word_1_513' title='bbox 464 3009 504 3058; x_wconf 86' lang='lat' dir='ltr'><strong>est</strong></span> <span class='ocrx_word' id='word_1_514' title='bbox 529 3003 598 3058; x_wconf 89' lang='lat' dir='ltr'><strong>enim</strong></span> <span class='ocrx_word' id='word_1_515' title='bbox 622 3003 693 3070; x_wconf 87' lang='lat' dir='ltr'><strong>quod</strong></span> <span class='ocrx_word' id='word_1_516' title='bbox 715 3003 750 3056; x_wconf 93' lang='lat' dir='ltr'><strong>ad</strong></span> <span class='ocrx_word' id='word_1_517' title='bbox 773 3019 882 3058; x_wconf 89' lang='lat' dir='ltr'><strong>causam</strong></span> <span class='ocrx_word' id='word_1_518' title='bbox 905 3005 1059 3058; x_wconf 88' lang='lat' dir='ltr'><strong>testamenti</strong></span> <span class='ocrx_word' id='word_1_519' title='bbox 1109 3021 1185 3058; x_wconf 89' lang='lat' dir='ltr'><strong>sacra</strong></span> <span class='ocrx_word' id='word_1_520' title='bbox 1203 3005 1306 3058; x_wconf 87' lang='lat' dir='ltr'><strong>interim</strong></span> <span class='ocrx_word' id='word_1_521' title='bbox 1321 2953 1497 3072; x_wconf 57' lang='lat' dir='ltr'><strong>deponendae</strong></span> <span class='ocrx_word' id='word_1_522' title='bbox 1514 3009 1576 3060; x_wconf 89' lang='lat' dir='ltr'><strong>sunt</strong></span> <span class='ocrx_word' id='word_1_523' title='bbox 1592 3009 1640 3058; x_wconf 86' lang='lat' dir='ltr'><strong>aut</strong></span> <span class='ocrx_word' id='word_1_524' title='bbox 1657 3003 1729 3072; x_wconf 88' lang='lat' dir='ltr'><strong>apud</strong></span> <span class='ocrx_word' id='word_1_525' title='bbox 1754 3001 1837 3058; x_wconf 80' lang='lat' dir='ltr'><strong>uirum</strong></span> <span class='ocrx_word' id='word_1_526' title='bbox 1857 3005 1915 3058; x_wconf 92' lang='lat' dir='ltr'><strong>ido·</strong></span> 
     </span>
     <span class='ocr_line' id='line_1_38' title="bbox 254 3069 1194 3140; baseline 0 -16"><span class='ocrx_word' id='word_1_527' title='bbox 254 3069 396 3138; x_wconf 87' lang='lat' dir='ltr'><strong>pertineat,</strong></span> <span class='ocrx_word' id='word_1_528' title='bbox 418 3069 480 3138; x_wconf 89' lang='lat' dir='ltr'><strong>quid</strong></span> <span class='ocrx_word' id='word_1_529' title='bbox 500 3071 545 3124; x_wconf 90' lang='lat' dir='ltr'><strong>uid</strong></span> <span class='ocrx_word' id='word_1_530' title='bbox 562 3085 667 3140; x_wconf 90' lang='lat' dir='ltr'><strong>quoquo</strong></span> <span class='ocrx_word' id='word_1_531' title='bbox 685 3077 803 3138; x_wconf 89' lang='lat' dir='ltr'><strong>tempore</strong></span> <span class='ocrx_word' id='word_1_532' title='bbox 819 3071 921 3124; x_wconf 87' lang='lat' dir='ltr'><strong>iactum</strong></span> <span class='ocrx_word' id='word_1_533' title='bbox 940 3071 1058 3124; x_wconf 82' lang='lat' dir='ltr'><strong>exhiberi</strong></span> <span class='ocrx_word' id='word_1_534' title='bbox 1109 3087 1194 3126; x_wconf 89' lang='lat' dir='ltr'><strong>neum.</strong></span> 
     </span>
     <span class='ocr_line' id='line_1_39' title="bbox 254 3087 1056 3218; baseline 0.001 -28"><span class='ocrx_word' id='word_1_535' title='bbox 254 3145 267 3190; x_wconf 82' lang='grc' dir='ltr'><strong>ι</strong></span> <span class='ocrx_word' id='word_1_536' title='bbox 302 3137 423 3192; x_wconf 77' lang='lat' dir='ltr'><strong>debeat³.</strong></span> <span class='ocrx_word' id='word_1_537' title='bbox 450 3087 503 3192; x_wconf 65' lang='lat' dir='ltr'><strong>Sed</strong></span> <span class='ocrx_word' id='word_1_538' title='bbox 521 3143 547 3192; x_wconf 93' lang='lat' dir='ltr'><strong>et</strong></span> <span class='ocrx_word' id='word_1_539' title='bbox 564 3139 587 3194; x_wconf 91' lang='lat' dir='ltr'><strong>si</strong></span> <span class='ocrx_word' id='word_1_540' title='bbox 605 3139 636 3190; x_wconf 92' lang='lat' dir='ltr'><strong>de</strong></span> <span class='ocrx_word' id='word_1_541' title='bbox 653 3143 726 3192; x_wconf 90' lang='lat' dir='ltr'><strong>statu</strong></span> <span class='ocrx_word' id='word_1_542' title='bbox 743 3139 915 3218; x_wconf 82' lang='lat' dir='ltr'><strong>disceptetur,</strong></span> <span class='ocrx_word' id='word_1_543' title='bbox 934 3139 957 3192; x_wconf 90' lang='lat' dir='ltr'><strong>si</strong></span> <span class='ocrx_word' id='word_1_544' title='bbox 974 3143 1056 3192; x_wconf 89' lang='lat' dir='ltr'><strong>testa·</strong></span> 
     </span>
     <span class='ocr_line' id='line_1_40' title="bbox 252 3205 1158 3272; baseline 0 -16"><span class='ocrx_word' id='word_1_545' title='bbox 252 3209 294 3260; x_wconf 88' lang='lat' dir='ltr'><strong>tor</strong></span> <span class='ocrx_word' id='word_1_546' title='bbox 310 3205 381 3260; x_wconf 87' lang='lat' dir='ltr'><strong>filius</strong></span> <span class='ocrx_word' id='word_1_547' title='bbox 397 3205 511 3260; x_wconf 82' lang='lat' dir='ltr'><strong>familias</strong></span> <span class='ocrx_word' id='word_1_548' title='bbox 529 3207 570 3260; x_wconf 83' lang='lat' dir='ltr'><strong>vel</strong></span> <span class='ocrx_word' id='word_1_549' title='bbox 587 3211 678 3262; x_wconf 85' lang='lat' dir='ltr'><strong>servus</strong></span> <span class='ocrx_word' id='word_1_550' title='bbox 694 3207 745 3260; x_wconf 93' lang='lat' dir='ltr'><strong>hoc</strong></span> <span class='ocrx_word' id='word_1_551' title='bbox 768 3205 866 3260; x_wconf 81' lang='lat' dir='ltr'><strong>iecisse</strong></span> <span class='ocrx_word' id='word_1_552' title='bbox 889 3205 1008 3272; x_wconf 88' lang='lat' dir='ltr'><strong>dicatur,</strong></span> <span class='ocrx_word' id='word_1_553' title='bbox 1032 3211 1058 3260; x_wconf 95' lang='lat' dir='ltr'><strong>et</strong></span> <span class='ocrx_word' id='word_1_554' title='bbox 1157 3253 1158 3256; x_wconf 74' lang='grc'>,</span> 
     </span>
     <span class='ocr_line' id='line_1_41' title="bbox 254 3273 1543 3396; baseline 0 -68"><span class='ocrx_word' id='word_1_555' title='bbox 254 3277 268 3328; x_wconf 83' lang='grc'>8</span> <span class='ocrx_word' id='word_1_556' title='bbox 301 3273 353 3328; x_wconf 90' lang='lat' dir='ltr'><strong>hoe</strong></span> <span class='ocrx_word' id='word_1_557' title='bbox 376 3275 574 3394; x_wconf 82' lang='lat' dir='ltr'><strong>errhibebitor.d</strong></span> <span class='ocrx_word' id='word_1_558' title='bbox 592 3273 705 3394; x_wconf 53' lang='lat' dir='ltr'><strong>ltemtsi</strong></span> <span class='ocrx_word' id='word_1_559' title='bbox 731 3273 802 3328; x_wconf 88' lang='lat' dir='ltr'><strong>filius</strong></span> <span class='ocrx_word' id='word_1_560' title='bbox 826 3273 940 3394; x_wconf 57' lang='lat' dir='ltr'><strong>falmilias</strong></span> <span class='ocrx_word' id='word_1_561' title='bbox 964 3273 1057 3396; x_wconf 45' lang='lat' dir='ltr'><strong>lecerit</strong></span> <span class='ocrx_word' id='word_1_562' title='bbox 1475 3277 1543 3340; x_wconf 69' lang='grc' dir='ltr'>ιη’,</span> 
     </span>
     <span class='ocr_line' id='line_1_42' title="bbox 253 3341 1057 3410; baseline 0 -16"><span class='ocrx_word' id='word_1_563' title='bbox 253 3347 451 3410; x_wconf 86' lang='lat' dir='ltr'><strong>testamentum,</strong></span> <span class='ocrx_word' id='word_1_564' title='bbox 501 3343 528 3396; x_wconf 90' lang='lat' dir='ltr'><strong>ui</strong></span> <span class='ocrx_word' id='word_1_565' title='bbox 575 3357 590 3396; x_wconf 93' lang='lat' dir='ltr'><strong>e</strong></span> <span class='ocrx_word' id='word_1_566' title='bbox 616 3357 660 3396; x_wconf 87' lang='lat' dir='ltr'><strong>cas</strong></span> <span class='ocrx_word' id='word_1_567' title='bbox 674 3341 745 3396; x_wconf 87' lang='lat' dir='ltr'><strong>reusi</strong></span> <span class='ocrx_word' id='word_1_568' title='bbox 769 3357 837 3410; x_wconf 91' lang='lat' dir='ltr'><strong>pecu</strong></span> <span class='ocrx_word' id='word_1_569' title='bbox 851 3343 874 3394; x_wconf 91' lang='lat' dir='ltr'><strong>&#39;o</strong></span> <span class='ocrx_word' id='word_1_570' title='bbox 899 3347 969 3396; x_wconf 92' lang='lat' dir='ltr'><strong>testa</strong></span> <span class='ocrx_word' id='word_1_571' title='bbox 989 3347 1057 3410; x_wconf 91' lang='lat' dir='ltr'><strong>atur,</strong></span> 
     </span>
     <span class='ocr_line' id='line_1_43' title="bbox 254 3359 1789 3474; baseline -0.001 -10"><span class='ocrx_word' id='word_1_572' title='bbox 254 3415 269 3464; x_wconf 86' lang='grc'>3</span> <span class='ocrx_word' id='word_1_573' title='bbox 302 3411 384 3464; x_wconf 89' lang='lat' dir='ltr'><strong>hahet</strong></span> <span class='ocrx_word' id='word_1_574' title='bbox 400 3359 683 3464; x_wconf 74' lang='lat' dir='ltr'><strong>locumqinterdietum.</strong></span> <span class='ocrx_word' id='word_1_575' title='bbox 717 3409 791 3462; x_wconf 92' lang='lat' dir='ltr'><strong>Idem</strong></span> <span class='ocrx_word' id='word_1_576' title='bbox 807 3415 849 3464; x_wconf 88' lang='lat' dir='ltr'><strong>est</strong></span> <span class='ocrx_word' id='word_1_577' title='bbox 867 3415 893 3462; x_wconf 90' lang='lat' dir='ltr'><strong>et</strong></span> <span class='ocrx_word' id='word_1_578' title='bbox 911 3409 932 3464; x_wconf 90' lang='lat' dir='ltr'><strong>si</strong></span> <span class='ocrx_word' id='word_1_579' title='bbox 950 3409 988 3474; x_wconf 90' lang='lat' dir='ltr'><strong>is,</strong></span> <span class='ocrx_word' id='word_1_580' title='bbox 1029 3411 1057 3464; x_wconf 92' lang='lat' dir='ltr'><strong>ui</strong></span> <span class='ocrx_word' id='word_1_581' title='bbox 1234 3379 1281 3430; x_wconf 67' lang='lat' dir='ltr'><strong>NE</strong></span> <span class='ocrx_word' id='word_1_582' title='bbox 1299 3377 1382 3436; x_wconf 69' lang='lat' dir='ltr'>QUID</span> <span class='ocrx_word' id='word_1_583' title='bbox 1400 3379 1438 3428; x_wconf 67' lang='lat' dir='ltr'>m</span> <span class='ocrx_word' id='word_1_584' title='bbox 1454 3379 1542 3430; x_wconf 65' lang='lat' dir='ltr'>Loco</span> <span class='ocrx_word' id='word_1_585' title='bbox 1559 3377 1685 3432; x_wconf 46' lang='grc' dir='ltr'><strong>ΜΗΘ,</strong></span> <span class='ocrx_word' id='word_1_586' title='bbox 1700 3377 1789 3430; x_wconf 60' lang='grc' dir='ltr'><strong>ΜΤ·</strong></span> 
     </span>
     <span class='ocr_line' id='line_1_44' title="bbox 256 3475 1914 3550; baseline 0 -18"><span class='ocrx_word' id='word_1_587' title='bbox 256 3483 285 3532; x_wconf 84' lang='lat' dir='ltr'><strong>to</strong></span> <span class='ocrx_word' id='word_1_588' title='bbox 317 3481 504 3534; x_wconf 87' lang='lat' dir='ltr'><strong>testamentum</strong></span> <span class='ocrx_word' id='word_1_589' title='bbox 530 3475 606 3544; x_wconf 86' lang='lat' dir='ltr'><strong>iecit,</strong></span> <span class='ocrx_word' id='word_1_590' title='bbox 634 3475 705 3546; x_wconf 88' lang='lat' dir='ltr'><strong>apud</strong></span> <span class='ocrx_word' id='word_1_591' title='bbox 728 3479 819 3532; x_wconf 88' lang='lat' dir='ltr'><strong>hostes</strong></span> <span class='ocrx_word' id='word_1_592' title='bbox 842 3477 964 3532; x_wconf 91' lang='lat' dir='ltr'><strong>decessit.</strong></span> <span class='ocrx_word' id='word_1_593' title='bbox 1025 3493 1057 3532; x_wconf 92' lang='lat' dir='ltr'><strong>oc</strong></span> <span class='ocrx_word' id='word_1_594' title='bbox 1145 3475 1159 3534; x_wconf 88' lang='lat'>1</span> <span class='ocrx_word' id='word_1_595' title='bbox 1185 3475 1329 3532; x_wconf 79' lang='lat' dir='ltr'><strong>Urrrnrus</strong></span> <span class='ocrx_word' id='word_1_596' title='bbox 1344 3477 1412 3532; x_wconf 83' lang='lat' dir='ltr'><strong>libro</strong></span> <span class='ocrx_word' id='word_1_597' title='bbox 1429 3477 1616 3550; x_wconf 76' lang='lat' dir='ltr'><strong>seaopcnrimo</strong></span> <span class='ocrx_word' id='word_1_598' title='bbox 1634 3481 1728 3532; x_wconf 85' lang='lat' dir='ltr'><strong>octauo</strong></span> <span class='ocrx_word' id='word_1_599' title='bbox 1745 3475 1783 3534; x_wconf 81' lang='lat' dir='ltr'><strong>od</strong></span> <span class='ocrx_word' id='word_1_600' title='bbox 1799 3477 1914 3532; x_wconf 79' lang='lat' dir='ltr'><strong>edietum</strong></span> 
     </span>
     <span class='ocr_line' id='line_1_45' title="bbox 254 3545 1914 3614; baseline 0 -14"><span class='ocrx_word' id='word_1_601' title='bbox 254 3547 420 3600; x_wconf 88' lang='lat' dir='ltr'><strong>interdictum</strong></span> <span class='ocrx_word' id='word_1_602' title='bbox 438 3547 473 3600; x_wconf 90' lang='lat' dir='ltr'><strong>ad</strong></span> <span class='ocrx_word' id='word_1_603' title='bbox 490 3547 663 3598; x_wconf 81' lang='lat' dir='ltr'><strong>ridtebulas</strong></span> <span class='ocrx_word' id='word_1_604' title='bbox 681 3561 734 3598; x_wconf 86' lang='lat' dir='ltr'><strong>nou</strong></span> <span class='ocrx_word' id='word_1_605' title='bbox 752 3547 879 3614; x_wconf 87' lang='lat' dir='ltr'><strong>pertinet,</strong></span> <span class='ocrx_word' id='word_1_606' title='bbox 898 3547 960 3614; x_wconf 91' lang='lat' dir='ltr'><strong>quia</strong></span> <span class='ocrx_word' id='word_1_607' title='bbox 976 3547 1058 3598; x_wconf 84' lang='lat' dir='ltr'><strong>rerba</strong></span> <span class='ocrx_word' id='word_1_608' title='bbox 1108 3545 1155 3600; x_wconf 81' lang='lat' dir='ltr'><strong>Ait</strong></span> <span class='ocrx_word' id='word_1_609' title='bbox 1172 3551 1293 3614; x_wconf 89' lang='lat' dir='ltr'><strong>praetor:</strong></span> <span class='ocrx_word' id='word_1_610' title='bbox 1319 3545 1358 3600; x_wconf 87' lang='lat' dir='ltr'><strong>‘Iu</strong></span> <span class='ocrx_word' id='word_1_611' title='bbox 1381 3545 1440 3598; x_wconf 90' lang='lat' dir='ltr'><strong>loco</strong></span> <span class='ocrx_word' id='word_1_612' title='bbox 1463 3559 1539 3602; x_wconf 88' lang='lat' dir='ltr'><strong>sacro</strong></span> <span class='ocrx_word' id='word_1_613' title='bbox 1558 3547 1647 3600; x_wconf 89' lang='lat' dir='ltr'><strong>facere</strong></span> <span class='ocrx_word' id='word_1_614' title='bbox 1663 3545 1723 3600; x_wconf 84' lang='lat' dir='ltr'><strong>inre</strong></span> <span class='ocrx_word' id='word_1_615' title='bbox 1740 3561 1801 3600; x_wconf 88' lang='lat' dir='ltr'><strong>enm</strong></span> <span class='ocrx_word' id='word_1_616' title='bbox 1817 3545 1914 3602; x_wconf 91' lang='lat' dir='ltr'><strong>immit-</strong></span> 
     </span>
     <span class='ocr_line' id='line_1_46' title="bbox 257 3613 1914 3684; baseline 0.001 -16"><span class='ocrx_word' id='word_1_617' title='bbox 257 3619 282 3668; x_wconf 90' lang='lat' dir='ltr'><strong>it</strong></span> <span class='ocrx_word' id='word_1_618' title='bbox 319 3613 449 3684; x_wconf 87' lang='lat' dir='ltr'><strong>praetoris</strong></span> <span class='ocrx_word' id='word_1_619' title='bbox 473 3613 642 3682; x_wconf 66' lang='lat' dir='ltr'><strong>‘reliquerit&#39;⁴</strong></span> <span class='ocrx_word' id='word_1_620' title='bbox 665 3613 787 3668; x_wconf 87' lang='lat' dir='ltr'><strong>iecerunt</strong></span> <span class='ocrx_word' id='word_1_621' title='bbox 804 3613 971 3666; x_wconf 88' lang='lat' dir='ltr'><strong>mentionem.</strong></span> <span class='ocrx_word' id='word_1_622' title='bbox 1007 3613 1059 3668; x_wconf 85' lang='lat' dir='ltr'><strong>Sed</strong></span> <span class='ocrx_word' id='word_1_623' title='bbox 1111 3621 1122 3668; x_wconf 92' lang='lat'>1</span> <span class='ocrx_word' id='word_1_624' title='bbox 1160 3615 1224 3668; x_wconf 85' lang='lat' dir='ltr'><strong>‘tere</strong></span> <span class='ocrx_word' id='word_1_625' title='bbox 1241 3613 1305 3682; x_wconf 92' lang='lat' dir='ltr'><strong>quid</strong></span> <span class='ocrx_word' id='word_1_626' title='bbox 1321 3613 1399 3668; x_wconf 80' lang='lat' dir='ltr'><strong>reto’.</strong></span> <span class='ocrx_word' id='word_1_627' title='bbox 1434 3613 1493 3666; x_wconf 92' lang='lat' dir='ltr'><strong>Hoc</strong></span> <span class='ocrx_word' id='word_1_628' title='bbox 1509 3613 1678 3668; x_wconf 88' lang='lat' dir='ltr'><strong>interdictum</strong></span> <span class='ocrx_word' id='word_1_629' title='bbox 1699 3613 1732 3670; x_wconf 91' lang='lat' dir='ltr'><strong>de</strong></span> <span class='ocrx_word' id='word_1_630' title='bbox 1748 3631 1827 3670; x_wconf 87' lang='lat' dir='ltr'><strong>sacro</strong></span> <span class='ocrx_word' id='word_1_631' title='bbox 1844 3613 1914 3682; x_wconf 85' lang='lat' dir='ltr'><strong>loeo,</strong></span> 
     </span>
     <span class='ocr_line' id='line_1_47' title="bbox 255 3679 1914 3752; baseline 0.001 -16"><span class='ocrx_word' id='word_1_632' title='bbox 255 3685 298 3736; x_wconf 74' lang='grc' dir='ltr'><strong>ιι5</strong></span> <span class='ocrx_word' id='word_1_633' title='bbox 315 3685 337 3738; x_wconf 86' lang='grc' dir='ltr'><strong>ιι</strong></span> <span class='ocrx_word' id='word_1_634' title='bbox 356 3682 469 3736; x_wconf 90' lang='lat' dir='ltr'><strong>deletum</strong></span> <span class='ocrx_word' id='word_1_635' title='bbox 487 3681 543 3736; x_wconf 91' lang='lat' dir='ltr'><strong>sine</strong></span> <span class='ocrx_word' id='word_1_636' title='bbox 562 3681 621 3736; x_wconf 91' lang='lat' dir='ltr'><strong>dolo</strong></span> <span class='ocrx_word' id='word_1_637' title='bbox 639 3681 675 3736; x_wconf 90' lang='grc' dir='ltr'><strong>ιιι</strong></span> <span class='ocrx_word' id='word_1_638' title='bbox 691 3685 879 3736; x_wconf 88' lang='lat' dir='ltr'><strong>testamentum</strong></span> <span class='ocrx_word' id='word_1_639' title='bbox 1109 3685 1124 3736; x_wconf 80' lang='lat' dir='ltr'><strong>i</strong></span> <span class='ocrx_word' id='word_1_640' title='bbox 1159 3697 1212 3736; x_wconf 89' lang='lat' dir='ltr'><strong>uon</strong></span> <span class='ocrx_word' id='word_1_641' title='bbox 1231 3683 1263 3736; x_wconf 90' lang='lat' dir='ltr'><strong>de</strong></span> <span class='ocrx_word' id='word_1_642' title='bbox 1280 3679 1397 3736; x_wconf 86' lang='lat' dir='ltr'><strong>sacrario</strong></span> <span class='ocrx_word' id='word_1_643' title='bbox 1416 3683 1549 3750; x_wconf 89' lang='lat' dir='ltr'><strong>competit.</strong></span> <span class='ocrx_word' id='word_1_644' title='bbox 1584 3681 1661 3750; x_wconf 81' lang='lat' dir='ltr'><strong>Quod</strong></span> <span class='ocrx_word' id='word_1_645' title='bbox 1682 3683 1720 3736; x_wconf 91' lang='lat' dir='ltr'><strong>ait</strong></span> <span class='ocrx_word' id='word_1_646' title='bbox 1736 3687 1856 3752; x_wconf 88' lang='lat' dir='ltr'><strong>praetor,</strong></span> <span class='ocrx_word' id='word_1_647' title='bbox 1880 3697 1914 3738; x_wconf 92' lang='lat' dir='ltr'><strong>ue</strong></span> 
     </span>
     <span class='ocr_line' id='line_1_48' title="bbox 288 3747 1914 3820; baseline -0.001 -12"><span class='ocrx_word' id='word_1_648' title='bbox 288 3747 306 3808; x_wconf 82' lang='lat'><strong>2</strong></span> <span class='ocrx_word' id='word_1_649' title='bbox 325 3751 443 3804; x_wconf 78' lang='lat' dir='ltr'><strong>Protea</strong></span> <span class='ocrx_word' id='word_1_650' title='bbox 463 3751 531 3804; x_wconf 83' lang='lat' dir='ltr'><strong>libro</strong></span> <span class='ocrx_word' id='word_1_651' title='bbox 554 3751 741 3820; x_wconf 75' lang='lat' dir='ltr'><strong>scrupeasimo</strong></span> <span class='ocrx_word' id='word_1_652' title='bbox 764 3755 861 3820; x_wconf 84' lang='lat' dir='ltr'><strong>quarto</strong></span> <span class='ocrx_word' id='word_1_653' title='bbox 884 3749 922 3802; x_wconf 86' lang='lat' dir='ltr'><strong>od</strong></span> <span class='ocrx_word' id='word_1_654' title='bbox 943 3749 1057 3804; x_wconf 82' lang='lat' dir='ltr'><strong>edictum</strong></span> <span class='ocrx_word' id='word_1_655' title='bbox 1109 3751 1172 3820; x_wconf 90' lang='lat' dir='ltr'><strong>quid</strong></span> <span class='ocrx_word' id='word_1_656' title='bbox 1188 3751 1215 3804; x_wconf 90' lang='lat' dir='ltr'><strong>in</strong></span> <span class='ocrx_word' id='word_1_657' title='bbox 1232 3751 1292 3804; x_wconf 90' lang='lat' dir='ltr'><strong>loeo</strong></span> <span class='ocrx_word' id='word_1_658' title='bbox 1310 3763 1388 3804; x_wconf 88' lang='lat' dir='ltr'><strong>sacro</strong></span> <span class='ocrx_word' id='word_1_659' title='bbox 1405 3749 1464 3814; x_wconf 88' lang='lat' dir='ltr'><strong>dat,</strong></span> <span class='ocrx_word' id='word_1_660' title='bbox 1486 3765 1539 3804; x_wconf 90' lang='lat' dir='ltr'><strong>uon</strong></span> <span class='ocrx_word' id='word_1_661' title='bbox 1562 3751 1597 3804; x_wconf 91' lang='lat' dir='ltr'><strong>ad</strong></span> <span class='ocrx_word' id='word_1_662' title='bbox 1618 3751 1671 3804; x_wconf 90' lang='lat' dir='ltr'><strong>hoc</strong></span> <span class='ocrx_word' id='word_1_663' title='bbox 1691 3751 1820 3820; x_wconf 88' lang='lat' dir='ltr'><strong>pertinet,</strong></span> <span class='ocrx_word' id='word_1_664' title='bbox 1842 3751 1914 3820; x_wconf 90' lang='lat' dir='ltr'><strong>quod</strong></span> 
     </span>
     <span class='ocr_line' id='line_1_49' title="bbox 254 3817 1914 3886; baseline 0 -12"><span class='ocrx_word' id='word_1_665' title='bbox 254 3821 294 3874; x_wconf 82' lang='lat' dir='ltr'><strong>sel</strong></span> <span class='ocrx_word' id='word_1_666' title='bbox 310 3823 396 3874; x_wconf 89' lang='lat' dir='ltr'><strong>totum</strong></span> <span class='ocrx_word' id='word_1_667' title='bbox 411 3817 454 3872; x_wconf 80' lang='lat' dir='ltr'><strong>rel</strong></span> <span class='ocrx_word' id='word_1_668' title='bbox 471 3831 534 3886; x_wconf 86' lang='lat' dir='ltr'><strong>pars</strong></span> <span class='ocrx_word' id='word_1_669' title='bbox 552 3817 617 3884; x_wconf 90' lang='lat' dir='ltr'><strong>eius,</strong></span> <span class='ocrx_word' id='word_1_670' title='bbox 1109 3819 1257 3872; x_wconf 88' lang='lat' dir='ltr'><strong>omameuti</strong></span> <span class='ocrx_word' id='word_1_671' title='bbox 1278 3833 1360 3874; x_wconf 86' lang='lat' dir='ltr'><strong>causa</strong></span> <span class='ocrx_word' id='word_1_672' title='bbox 1382 3817 1426 3882; x_wconf 87' lang='lat' dir='ltr'><strong>tit,</strong></span> <span class='ocrx_word' id='word_1_673' title='bbox 1450 3817 1497 3872; x_wconf 90' lang='lat' dir='ltr'><strong>sed</strong></span> <span class='ocrx_word' id='word_1_674' title='bbox 1518 3817 1590 3886; x_wconf 90' lang='lat' dir='ltr'><strong>quod</strong></span> <span class='ocrx_word' id='word_1_675' title='bbox 1613 3817 1787 3874; x_wconf 81' lang='lat' dir='ltr'><strong>deformitatis</strong></span> <span class='ocrx_word' id='word_1_676' title='bbox 1808 3817 1850 3874; x_wconf 86' lang='lat' dir='ltr'><strong>rel</strong></span> <span class='ocrx_word' id='word_1_677' title='bbox 1872 3821 1914 3874; x_wconf 88' lang='lat' dir='ltr'><strong>in·</strong></span> 
     </span>
     <span class='ocr_line' id='line_1_50' title="bbox 288 3883 1913 3958; baseline -0.002 -12"><span class='ocrx_word' id='word_1_678' title='bbox 288 3883 306 3946; x_wconf 87' lang='lat'><strong>3</strong></span> <span class='ocrx_word' id='word_1_679' title='bbox 329 3887 474 3942; x_wconf 81' lang='lat' dir='ltr'><strong>Utrrruos</strong></span> <span class='ocrx_word' id='word_1_680' title='bbox 489 3887 557 3940; x_wconf 79' lang='lat' dir='ltr'><strong>libro</strong></span> <span class='ocrx_word' id='word_1_681' title='bbox 574 3887 761 3958; x_wconf 76' lang='lat' dir='ltr'><strong>scrupensimo</strong></span> <span class='ocrx_word' id='word_1_682' title='bbox 778 3893 873 3940; x_wconf 83' lang='lat' dir='ltr'><strong>oetaeo</strong></span> <span class='ocrx_word' id='word_1_683' title='bbox 890 3883 928 3940; x_wconf 83' lang='lat' dir='ltr'><strong>od</strong></span> <span class='ocrx_word' id='word_1_684' title='bbox 944 3883 1057 3940; x_wconf 82' lang='lat' dir='ltr'><strong>edictum</strong></span> <span class='ocrx_word' id='word_1_685' title='bbox 1110 3891 1125 3940; x_wconf 84' lang='grc'>3</span> <span class='ocrx_word' id='word_1_686' title='bbox 1160 3887 1297 3940; x_wconf 87' lang='lat' dir='ltr'><strong>commodi.</strong></span> <span class='ocrx_word' id='word_1_687' title='bbox 1324 3883 1377 3940; x_wconf 83' lang='lat' dir='ltr'><strong>Sed</strong></span> <span class='ocrx_word' id='word_1_688' title='bbox 1394 3889 1421 3938; x_wconf 88' lang='lat' dir='ltr'><strong>et</strong></span> <span class='ocrx_word' id='word_1_689' title='bbox 1439 3899 1503 3938; x_wconf 90' lang='lat' dir='ltr'><strong>cura</strong></span> <span class='ocrx_word' id='word_1_690' title='bbox 1518 3885 1623 3940; x_wconf 88' lang='lat' dir='ltr'><strong>aedium</strong></span> <span class='ocrx_word' id='word_1_691' title='bbox 1637 3889 1809 3958; x_wconf 89' lang='lat' dir='ltr'><strong>locorumque</strong></span> <span class='ocrx_word' id='word_1_692' title='bbox 1823 3901 1913 3942; x_wconf 86' lang='lat' dir='ltr'><strong>sacro·</strong></span> 
     </span>
     <span class='ocr_line' id='line_1_51' title="bbox 257 3951 1854 4022; baseline 0 -14"><span class='ocrx_word' id='word_1_693' title='bbox 257 3961 268 4008; x_wconf 87' lang='lat'>1</span> <span class='ocrx_word' id='word_1_694' title='bbox 303 3955 390 4012; x_wconf 89' lang='lat' dir='ltr'><strong>locum</strong></span> <span class='ocrx_word' id='word_1_695' title='bbox 407 3955 490 4008; x_wconf 88' lang='lat' dir='ltr'><strong>hahet</strong></span> <span class='ocrx_word' id='word_1_696' title='bbox 506 3955 558 4008; x_wconf 92' lang='lat' dir='ltr'><strong>hoc</strong></span> <span class='ocrx_word' id='word_1_697' title='bbox 575 3953 753 4008; x_wconf 87' lang='lat' dir='ltr'><strong>interdictum.</strong></span> <span class='ocrx_word' id='word_1_698' title='bbox 784 3953 813 4008; x_wconf 85' lang='lat' dir='ltr'><strong>Si</strong></span> <span class='ocrx_word' id='word_1_699' title='bbox 829 3953 937 4008; x_wconf 88' lang='lat' dir='ltr'><strong>tabulae</strong></span> <span class='ocrx_word' id='word_1_700' title='bbox 953 3953 981 4006; x_wconf 89' lang='lat' dir='ltr'><strong>iu</strong></span> <span class='ocrx_word' id='word_1_701' title='bbox 998 3951 1057 4022; x_wconf 92' lang='lat' dir='ltr'><strong>plu·</strong></span> <span class='ocrx_word' id='word_1_702' title='bbox 1109 3969 1167 4008; x_wconf 89' lang='lat' dir='ltr'><strong>rum</strong></span> <span class='ocrx_word' id='word_1_703' title='bbox 1178 3957 1198 3988; x_wconf 88' lang='lat'><strong>¹⁰</strong></span> <span class='ocrx_word' id='word_1_704' title='bbox 1214 3955 1340 4008; x_wconf 87' lang='lat' dir='ltr'><strong>mandata</strong></span> <span class='ocrx_word' id='word_1_705' title='bbox 1357 3959 1398 4008; x_wconf 88' lang='lat' dir='ltr'><strong>est</strong></span> <span class='ocrx_word' id='word_1_706' title='bbox 1414 3953 1464 4020; x_wconf 89' lang='lat' dir='ltr'><strong>his,</strong></span> <span class='ocrx_word' id='word_1_707' title='bbox 1483 3953 1528 4022; x_wconf 90' lang='lat' dir='ltr'><strong>qui</strong></span> <span class='ocrx_word' id='word_1_708' title='bbox 1545 3955 1624 4010; x_wconf 86' lang='lat' dir='ltr'><strong>aedes</strong></span> <span class='ocrx_word' id='word_1_709' title='bbox 1642 3969 1733 4012; x_wconf 86' lang='lat' dir='ltr'><strong>sacras</strong></span> <span class='ocrx_word' id='word_1_710' title='bbox 1751 3961 1854 4010; x_wconf 88' lang='lat' dir='ltr'><strong>curant.</strong></span> 
     </span>
     <span class='ocr_line' id='line_1_52' title="bbox 256 4019 1913 4094; baseline -0.001 -16"><span class='ocrx_word' id='word_1_711' title='bbox 256 4023 327 4078; x_wconf 88' lang='lat' dir='ltr'><strong>ribus</strong></span> <span class='ocrx_word' id='word_1_712' title='bbox 353 4021 489 4078; x_wconf 88' lang='lat' dir='ltr'><strong>codicibus</strong></span> <span class='ocrx_word' id='word_1_713' title='bbox 511 4023 627 4090; x_wconf 86' lang='lat' dir='ltr'><strong>scriptae</strong></span> <span class='ocrx_word' id='word_1_714' title='bbox 649 4023 715 4088; x_wconf 91' lang='lat' dir='ltr'><strong>siut,</strong></span> <span class='ocrx_word' id='word_1_715' title='bbox 740 4021 990 4080; x_wconf 87' lang='lat' dir='ltr'><strong>omuesinterdicto</strong></span> <span class='ocrx_word' id='word_1_716' title='bbox 1006 4021 1058 4076; x_wconf 89' lang='lat' dir='ltr'><strong>isto</strong></span> <span class='ocrx_word' id='word_1_717' title='bbox 1143 4019 1523 4078; x_wconf 68' lang='lat' dir='ltr'><strong>instauramentum</strong></span> <span class='ocrx_word' id='word_1_718' title='bbox 1546 4025 1624 4078; x_wconf 85' lang='lat' dir='ltr'><strong>tertio</strong></span> <span class='ocrx_word' id='word_1_719' title='bbox 1646 4023 1715 4078; x_wconf 79' lang='lat' dir='ltr'><strong>iuris</strong></span> <span class='ocrx_word' id='word_1_720' title='bbox 1736 4025 1913 4094; x_wconf 76' lang='lat' dir='ltr'><strong>epitoniorum</strong></span> 
     </span>
     <span class='ocr_line' id='line_1_53' title="bbox 257 4087 1914 4160; baseline 0 -16"><span class='ocrx_word' id='word_1_721' title='bbox 257 4097 270 4144; x_wconf 84' lang='lat'><strong>2</strong></span> <span class='ocrx_word' id='word_1_722' title='bbox 305 4093 481 4156; x_wconf 86' lang='lat' dir='ltr'><strong>continentur,</strong></span> <span class='ocrx_word' id='word_1_723' title='bbox 497 4089 653 4158; x_wconf 89' lang='lat' dir='ltr'><strong>quiaunum</strong></span> <span class='ocrx_word' id='word_1_724' title='bbox 667 4095 853 4146; x_wconf 88' lang='lat' dir='ltr'><strong>testamentum</strong></span> <span class='ocrx_word' id='word_1_725' title='bbox 866 4093 913 4144; x_wconf 90' lang='lat' dir='ltr'><strong>est.</strong></span> <span class='ocrx_word' id='word_1_726' title='bbox 941 4087 1057 4144; x_wconf 86' lang='lat' dir='ltr'><strong>Sitabu·</strong></span> <span class='ocrx_word' id='word_1_727' title='bbox 1108 4089 1140 4144; x_wconf 93' lang='lat' dir='ltr'><strong>In</strong></span> <span class='ocrx_word' id='word_1_728' title='bbox 1158 4091 1239 4146; x_wconf 91' lang='lat' dir='ltr'><strong>muris</strong></span> <span class='ocrx_word' id='word_1_729' title='bbox 1256 4091 1371 4158; x_wconf 84' lang='lat' dir='ltr'><strong>itemque</strong></span> <span class='ocrx_word' id='word_1_730' title='bbox 1388 4087 1473 4160; x_wconf 87' lang='lat' dir='ltr'><strong>portis</strong></span> <span class='ocrx_word' id='word_1_731' title='bbox 1490 4091 1591 4160; x_wconf 89' lang='lat' dir='ltr'><strong>etaliis</strong></span> <span class='ocrx_word' id='word_1_732' title='bbox 1608 4091 1709 4146; x_wconf 87' lang='lat' dir='ltr'><strong>sanctis</strong></span> <span class='ocrx_word' id='word_1_733' title='bbox 1729 4089 1796 4146; x_wconf 89' lang='lat' dir='ltr'><strong>loeis</strong></span> <span class='ocrx_word' id='word_1_734' title='bbox 1813 4089 1914 4160; x_wconf 85' lang='lat' dir='ltr'><strong>aliquid</strong></span> 
     </span>
     <span class='ocr_line' id='line_1_54' title="bbox 255 4157 1911 4240; baseline 0 -28"><span class='ocrx_word' id='word_1_735' title='bbox 255 4159 296 4214; x_wconf 90' lang='lat' dir='ltr'><strong>lae</strong></span> <span class='ocrx_word' id='word_1_736' title='bbox 312 4159 464 4214; x_wconf 86' lang='lat' dir='ltr'><strong>testamenti</strong></span> <span class='ocrx_word' id='word_1_737' title='bbox 480 4159 552 4226; x_wconf 90' lang='lat' dir='ltr'><strong>apud</strong></span> <span class='ocrx_word' id='word_1_738' title='bbox 570 4159 683 4226; x_wconf 89' lang='lat' dir='ltr'><strong>aliquem</strong></span> <span class='ocrx_word' id='word_1_739' title='bbox 701 4159 837 4228; x_wconf 88' lang='lat' dir='ltr'><strong>depositae</strong></span> <span class='ocrx_word' id='word_1_740' title='bbox 860 4163 923 4212; x_wconf 90' lang='lat' dir='ltr'><strong>sunt</strong></span> <span class='ocrx_word' id='word_1_741' title='bbox 944 4171 961 4210; x_wconf 88' lang='lat' dir='ltr'><strong>a</strong></span> <span class='ocrx_word' id='word_1_742' title='bbox 979 4157 1058 4222; x_wconf 89' lang='lat' dir='ltr'><strong>Titio,</strong></span> <span class='ocrx_word' id='word_1_743' title='bbox 1108 4157 1212 4226; x_wconf 86' lang='lat' dir='ltr'><strong>facere,</strong></span> <span class='ocrx_word' id='word_1_744' title='bbox 1235 4175 1269 4214; x_wconf 88' lang='lat' dir='ltr'><strong>ex</strong></span> <span class='ocrx_word' id='word_1_745' title='bbox 1286 4175 1338 4240; x_wconf 87' lang='lat' dir='ltr'><strong>quo</strong></span> <span class='ocrx_word' id='word_1_746' title='bbox 1357 4159 1480 4214; x_wconf 89' lang='lat' dir='ltr'><strong>damnum</strong></span> <span class='ocrx_word' id='word_1_747' title='bbox 1498 4163 1545 4212; x_wconf 87' lang='lat' dir='ltr'><strong>aut</strong></span> <span class='ocrx_word' id='word_1_748' title='bbox 1561 4159 1755 4214; x_wconf 89' lang='lat' dir='ltr'><strong>incommodum</strong></span> <span class='ocrx_word' id='word_1_749' title='bbox 1772 4159 1911 4228; x_wconf 75' lang='lat' dir='ltr'><strong>irrogetur,</strong></span> 
     </span>
     <span class='ocr_line' id='line_1_55' title="bbox 256 4225 1349 4297; baseline 0 -15"><span class='ocrx_word' id='word_1_750' title='bbox 256 4227 306 4282; x_wconf 91' lang='lat' dir='ltr'><strong>hoc</strong></span> <span class='ocrx_word' id='word_1_751' title='bbox 326 4227 467 4282; x_wconf 87' lang='lat' dir='ltr'><strong>interdicto</strong></span> <span class='ocrx_word' id='word_1_752' title='bbox 492 4227 622 4294; x_wconf 86' lang='lat' dir='ltr'><strong>agendum</strong></span> <span class='ocrx_word' id='word_1_753' title='bbox 644 4231 686 4282; x_wconf 91' lang='lat' dir='ltr'><strong>est</strong></span> <span class='ocrx_word' id='word_1_754' title='bbox 708 4231 735 4280; x_wconf 92' lang='grc' dir='ltr'><strong>ιι</strong></span> <span class='ocrx_word' id='word_1_755' title='bbox 761 4243 820 4280; x_wconf 89' lang='lat' dir='ltr'><strong>cum</strong></span> <span class='ocrx_word' id='word_1_756' title='bbox 845 4241 876 4280; x_wconf 90' lang='lat' dir='ltr'><strong>eo</strong></span> <span class='ocrx_word' id='word_1_757' title='bbox 898 4225 943 4294; x_wconf 91' lang='lat' dir='ltr'><strong>qui</strong></span> <span class='ocrx_word' id='word_1_758' title='bbox 960 4225 1059 4280; x_wconf 90' lang='lat' dir='ltr'><strong>detinet</strong></span> <span class='ocrx_word' id='word_1_759' title='bbox 1110 4243 1164 4282; x_wconf 90' lang='lat' dir='ltr'><strong>non</strong></span> <span class='ocrx_word' id='word_1_760' title='bbox 1180 4227 1349 4297; x_wconf 82' lang='lat' dir='ltr'><strong>permittitur.</strong></span> 
     </span>
     <span class='ocr_line' id='line_1_56' title="bbox 257 4291 1914 4366; baseline 0 -18"><span class='ocrx_word' id='word_1_761' title='bbox 257 4301 271 4348; x_wconf 89' lang='grc'>3</span> <span class='ocrx_word' id='word_1_762' title='bbox 305 4301 332 4350; x_wconf 90' lang='grc' dir='ltr'><strong>ιι</strong></span> <span class='ocrx_word' id='word_1_763' title='bbox 350 4311 409 4348; x_wconf 89' lang='lat' dir='ltr'><strong>cum</strong></span> <span class='ocrx_word' id='word_1_764' title='bbox 427 4311 459 4350; x_wconf 92' lang='lat' dir='ltr'><strong>eo</strong></span> <span class='ocrx_word' id='word_1_765' title='bbox 477 4297 522 4364; x_wconf 92' lang='lat' dir='ltr'><strong>qui</strong></span> <span class='ocrx_word' id='word_1_766' title='bbox 539 4295 669 4364; x_wconf 90' lang='lat' dir='ltr'><strong>deposuit.</strong></span> <span class='ocrx_word' id='word_1_767' title='bbox 695 4293 810 4348; x_wconf 90' lang='lat' dir='ltr'><strong>Proinde</strong></span> <span class='ocrx_word' id='word_1_768' title='bbox 829 4299 855 4348; x_wconf 89' lang='grc' dir='ltr'><strong>ιι</strong></span> <span class='ocrx_word' id='word_1_769' title='bbox 872 4293 894 4348; x_wconf 90' lang='grc' dir='ltr'><strong>ιι</strong></span> <span class='ocrx_word' id='word_1_770' title='bbox 912 4291 1058 4348; x_wconf 87' lang='lat' dir='ltr'><strong>custodiam</strong></span> <span class='ocrx_word' id='word_1_771' title='bbox 1143 4291 1298 4354; x_wconf 82' lang='lat' dir='ltr'><strong>3Protos</strong></span> <span class='ocrx_word' id='word_1_772' title='bbox 1313 4297 1380 4350; x_wconf 84' lang='lat' dir='ltr'><strong>libro</strong></span> <span class='ocrx_word' id='word_1_773' title='bbox 1398 4295 1492 4366; x_wconf 83' lang='lat' dir='ltr'><strong>quinto</strong></span> <span class='ocrx_word' id='word_1_774' title='bbox 1509 4297 1700 4350; x_wconf 80' lang='lat' dir='ltr'><strong>sententiarum</strong></span> <span class='ocrx_word' id='word_1_775' title='bbox 1733 4293 1827 4364; x_wconf 84' lang='lat' dir='ltr'><strong>Neque</strong></span> <span class='ocrx_word' id='word_1_776' title='bbox 1844 4293 1914 4348; x_wconf 88' lang='lat' dir='ltr'><strong>muri</strong></span> 
     </span>
     <span class='ocr_line' id='line_1_57' title="bbox 255 4361 1913 4434; baseline 0 -18"><span class='ocrx_word' id='word_1_777' title='bbox 255 4363 405 4418; x_wconf 90' lang='lat' dir='ltr'><strong>tabularum</strong></span> <span class='ocrx_word' id='word_1_778' title='bbox 422 4363 545 4418; x_wconf 91' lang='lat' dir='ltr'><strong>aedituus</strong></span> <span class='ocrx_word' id='word_1_779' title='bbox 558 4363 600 4418; x_wconf 84' lang='lat' dir='ltr'><strong>vel</strong></span> <span class='ocrx_word' id='word_1_780' title='bbox 614 4363 761 4418; x_wconf 89' lang='lat' dir='ltr'><strong>tabularius</strong></span> <span class='ocrx_word' id='word_1_781' title='bbox 775 4363 901 4432; x_wconf 87' lang='lat' dir='ltr'><strong>suscepit,</strong></span> <span class='ocrx_word' id='word_1_782' title='bbox 920 4363 1059 4416; x_wconf 91' lang='lat' dir='ltr'><strong>dicendum</strong></span> <span class='ocrx_word' id='word_1_783' title='bbox 1109 4379 1194 4432; x_wconf 88' lang='lat' dir='ltr'><strong>neque</strong></span> <span class='ocrx_word' id='word_1_784' title='bbox 1210 4369 1305 4434; x_wconf 88' lang='lat' dir='ltr'><strong>portae</strong></span> <span class='ocrx_word' id='word_1_785' title='bbox 1322 4363 1437 4418; x_wconf 90' lang='lat' dir='ltr'><strong>habitari</strong></span> <span class='ocrx_word' id='word_1_786' title='bbox 1452 4363 1508 4420; x_wconf 88' lang='lat' dir='ltr'><strong>siue</strong></span> <span class='ocrx_word' id='word_1_787' title='bbox 1520 4365 1650 4434; x_wconf 87' lang='lat' dir='ltr'><strong>permissu</strong></span> <span class='ocrx_word' id='word_1_788' title='bbox 1662 4361 1791 4434; x_wconf 89' lang='lat' dir='ltr'><strong>principis</strong></span> <span class='ocrx_word' id='word_1_789' title='bbox 1803 4367 1913 4432; x_wconf 88' lang='lat' dir='ltr'><strong>propter</strong></span> 
     </span>
     <span class='ocr_line' id='line_1_58' title="bbox 257 4431 1494 4502; baseline 0 -16"><span class='ocrx_word' id='word_1_790' title='bbox 257 4437 272 4486; x_wconf 85' lang='lat' dir='ltr'><strong>t</strong></span> <span class='ocrx_word' id='word_1_791' title='bbox 306 4437 347 4486; x_wconf 90' lang='lat' dir='ltr'><strong>est</strong></span> <span class='ocrx_word' id='word_1_792' title='bbox 362 4431 446 4486; x_wconf 90' lang='lat' dir='ltr'><strong>teneri</strong></span> <span class='ocrx_word' id='word_1_793' title='bbox 464 4447 523 4486; x_wconf 89' lang='lat' dir='ltr'><strong>eum</strong></span> <span class='ocrx_word' id='word_1_794' title='bbox 539 4431 688 4486; x_wconf 90' lang='lat' dir='ltr'><strong>interdicto.</strong></span> <span class='ocrx_word' id='word_1_795' title='bbox 716 4431 744 4486; x_wconf 82' lang='lat' dir='ltr'><strong>Si</strong></span> <span class='ocrx_word' id='word_1_796' title='bbox 760 4447 842 4500; x_wconf 88' lang='lat' dir='ltr'><strong>penes</strong></span> <span class='ocrx_word' id='word_1_797' title='bbox 861 4447 963 4486; x_wconf 81' lang='lat' dir='ltr'><strong>serrum</strong></span> <span class='ocrx_word' id='word_1_798' title='bbox 980 4431 1058 4484; x_wconf 88' lang='lat' dir='ltr'><strong>tabu·</strong></span> <span class='ocrx_word' id='word_1_799' title='bbox 1109 4431 1219 4488; x_wconf 80' lang='lat' dir='ltr'><strong>fortrdta</strong></span> <span class='ocrx_word' id='word_1_800' title='bbox 1235 4431 1357 4488; x_wconf 88' lang='lat' dir='ltr'><strong>incendia</strong></span> <span class='ocrx_word' id='word_1_801' title='bbox 1373 4437 1494 4502; x_wconf 89' lang='lat' dir='ltr'><strong>possunt.</strong></span> 
     </span>
     <span class='ocr_line' id='line_1_59' title="bbox 257 4499 1059 4568; baseline 0 -16"><span class='ocrx_word' id='word_1_802' title='bbox 257 4503 271 4552; x_wconf 78' lang='lat'>5</span> <span class='ocrx_word' id='word_1_803' title='bbox 304 4501 346 4554; x_wconf 93' lang='lat' dir='ltr'><strong>lae</strong></span> <span class='ocrx_word' id='word_1_804' title='bbox 362 4501 469 4568; x_wconf 70' lang='lat' dir='ltr'><strong>ineunt,</strong></span> <span class='ocrx_word' id='word_1_805' title='bbox 488 4499 610 4556; x_wconf 88' lang='lat' dir='ltr'><strong>dominus</strong></span> <span class='ocrx_word' id='word_1_806' title='bbox 627 4499 768 4554; x_wconf 90' lang='lat' dir='ltr'><strong>interdicto</strong></span> <span class='ocrx_word' id='word_1_807' title='bbox 784 4501 926 4554; x_wconf 87' lang='lat' dir='ltr'><strong>tenebitur.</strong></span> <span class='ocrx_word' id='word_1_808' title='bbox 957 4501 985 4554; x_wconf 87' lang='lat' dir='ltr'><strong>Si</strong></span> <span class='ocrx_word' id='word_1_809' title='bbox 1001 4501 1059 4568; x_wconf 89' lang='lat' dir='ltr'><strong>ipse</strong></span> 
     </span>
     <span class='ocr_line' id='line_1_60' title="bbox 257 4567 1058 4636; baseline 0.002 -18"><span class='ocrx_word' id='word_1_810' title='bbox 257 4571 380 4632; x_wconf 89' lang='lat' dir='ltr'><strong>testator,</strong></span> <span class='ocrx_word' id='word_1_811' title='bbox 402 4567 465 4620; x_wconf 92' lang='lat' dir='ltr'><strong>dum</strong></span> <span class='ocrx_word' id='word_1_812' title='bbox 485 4567 562 4636; x_wconf 80' lang='lat' dir='ltr'><strong>risit,</strong></span> <span class='ocrx_word' id='word_1_813' title='bbox 584 4567 690 4624; x_wconf 83' lang='lat' dir='ltr'><strong>tabulas</strong></span> <span class='ocrx_word' id='word_1_814' title='bbox 713 4585 775 4624; x_wconf 89' lang='lat' dir='ltr'><strong>suas</strong></span> <span class='ocrx_word' id='word_1_815' title='bbox 799 4583 858 4622; x_wconf 90' lang='lat' dir='ltr'><strong>esse</strong></span> <span class='ocrx_word' id='word_1_816' title='bbox 881 4567 953 4624; x_wconf 84' lang='lat' dir='ltr'><strong>dieat</strong></span> <span class='ocrx_word' id='word_1_817' title='bbox 970 4575 997 4624; x_wconf 92' lang='lat' dir='ltr'><strong>et</strong></span> <span class='ocrx_word' id='word_1_818' title='bbox 1013 4583 1058 4620; x_wconf 87' lang='lat' dir='ltr'><strong>ex·</strong></span> 
     </span>
     <span class='ocr_line' id='line_1_61' title="bbox 257 4633 1560 4716; baseline 0.001 -28"><span class='ocrx_word' id='word_1_819' title='bbox 257 4633 339 4690; x_wconf 91' lang='lat' dir='ltr'><strong>hiberi</strong></span> <span class='ocrx_word' id='word_1_820' title='bbox 357 4635 496 4716; x_wconf 80' lang='lat' dir='ltr'><strong>desideret,</strong></span> <span class='ocrx_word' id='word_1_821' title='bbox 513 4635 681 4690; x_wconf 89' lang='lat' dir='ltr'><strong>interdictum</strong></span> <span class='ocrx_word' id='word_1_822' title='bbox 698 4637 750 4690; x_wconf 92' lang='lat' dir='ltr'><strong>hoc</strong></span> <span class='ocrx_word' id='word_1_823' title='bbox 766 4637 855 4692; x_wconf 90' lang='lat' dir='ltr'><strong>locum</strong></span> <span class='ocrx_word' id='word_1_824' title='bbox 872 4653 925 4692; x_wconf 90' lang='lat' dir='ltr'><strong>non</strong></span> <span class='ocrx_word' id='word_1_825' title='bbox 943 4637 1057 4706; x_wconf 89' lang='lat' dir='ltr'><strong>habehit,</strong></span> <span class='ocrx_word' id='word_1_826' title='bbox 1466 4641 1560 4702; x_wconf 77' lang='lat' dir='ltr'><strong>Vllss,</strong></span> 
     </span>
     <span class='ocr_line' id='line_1_62' title="bbox 257 4703 1818 4842; baseline 0.004 -20"><span class='ocrx_word' id='word_1_827' title='bbox 257 4703 1059 4842; x_wconf 62' lang='lat' dir='ltr'><strong>trististristis,stridebitltltttit</strong></span> <span class='ocrx_word' id='word_1_828' title='bbox 1203 4735 1818 4794; x_wconf 60' lang='lat' dir='ltr'><strong>Di12001⁸ET1T1NER¹BU⁸PUBH⁰¹i</strong></span> 
     </span>
     <span class='ocr_line' id='line_1_63' title="bbox 252 4829 1911 4912; baseline 0.004 -24"><span class='ocrx_word' id='word_1_829' title='bbox 252 4843 273 4888; x_wconf 81' lang='grc' dir='ltr'><strong>ι</strong></span> <span class='ocrx_word' id='word_1_830' title='bbox 305 4839 552 4904; x_wconf 87' lang='lat' dir='ltr'><strong>instrumentorum,</strong></span> <span class='ocrx_word' id='word_1_831' title='bbox 578 4839 747 4906; x_wconf 89' lang='lat' dir='ltr'><strong>probandum</strong></span> <span class='ocrx_word' id='word_1_832' title='bbox 768 4849 817 4894; x_wconf 91' lang='lat' dir='ltr'><strong>est.</strong></span> <span class='ocrx_word' id='word_1_833' title='bbox 859 4841 887 4894; x_wconf 84' lang='lat' dir='ltr'><strong>Si</strong></span> <span class='ocrx_word' id='word_1_834' title='bbox 913 4843 970 4910; x_wconf 90' lang='lat' dir='ltr'><strong>quis</strong></span> <span class='ocrx_word' id='word_1_835' title='bbox 997 4841 1057 4896; x_wconf 92' lang='lat' dir='ltr'><strong>dolo</strong></span> <span class='ocrx_word' id='word_1_836' title='bbox 1145 4840 1349 4897; x_wconf 74' lang='lat' dir='ltr'><strong>1Potrr³orrus</strong></span> <span class='ocrx_word' id='word_1_837' title='bbox 1370 4843 1437 4896; x_wconf 82' lang='lat' dir='ltr'><strong>libro</strong></span> <span class='ocrx_word' id='word_1_838' title='bbox 1457 4839 1611 4912; x_wconf 69' lang='lat' dir='ltr'><strong>tripearime</strong></span> <span class='ocrx_word' id='word_1_839' title='bbox 1632 4835 1671 4892; x_wconf 84' lang='lat' dir='ltr'><strong>ud</strong></span> <span class='ocrx_word' id='word_1_840' title='bbox 1685 4835 1814 4892; x_wconf 81' lang='lat' dir='ltr'><strong>Sabinum</strong></span> <span class='ocrx_word' id='word_1_841' title='bbox 1837 4829 1911 4894; x_wconf 83' lang='lat' dir='ltr'><strong>&#39;oni-</strong></span> 
     </span>
     <span class='ocr_line' id='line_1_64' title="bbox 257 4905 1911 4978; baseline 0.002 -20"><span class='ocrx_word' id='word_1_842' title='bbox 257 4908 325 4960; x_wconf 89' lang='lat' dir='ltr'><strong>malo</strong></span> <span class='ocrx_word' id='word_1_843' title='bbox 348 4907 452 4972; x_wconf 88' lang='lat' dir='ltr'><strong>feeerit,</strong></span> <span class='ocrx_word' id='word_1_844' title='bbox 476 4921 528 4974; x_wconf 89' lang='lat' dir='ltr'><strong>quo</strong></span> <span class='ocrx_word' id='word_1_845' title='bbox 552 4907 639 4960; x_wconf 84' lang='lat' dir='ltr'><strong>miuus</strong></span> <span class='ocrx_word' id='word_1_846' title='bbox 661 4923 742 4974; x_wconf 86' lang='lat' dir='ltr'><strong>penes</strong></span> <span class='ocrx_word' id='word_1_847' title='bbox 760 4923 819 4960; x_wconf 90' lang='lat' dir='ltr'><strong>eum</strong></span> <span class='ocrx_word' id='word_1_848' title='bbox 836 4909 945 4963; x_wconf 90' lang='lat' dir='ltr'><strong>tabulae</strong></span> <span class='ocrx_word' id='word_1_849' title='bbox 962 4915 1058 4976; x_wconf 87' lang='lat' dir='ltr'><strong>essent,</strong></span> <span class='ocrx_word' id='word_1_850' title='bbox 1109 4909 1173 4962; x_wconf 89' lang='lat' dir='ltr'><strong>libet</strong></span> <span class='ocrx_word' id='word_1_851' title='bbox 1189 4909 1217 4964; x_wconf 88' lang='lat' dir='ltr'><strong>in</strong></span> <span class='ocrx_word' id='word_1_852' title='bbox 1234 4911 1369 4978; x_wconf 88' lang='lat' dir='ltr'><strong>publicum</strong></span> <span class='ocrx_word' id='word_1_853' title='bbox 1386 4915 1477 4978; x_wconf 89' lang='lat' dir='ltr'><strong>petere</strong></span> <span class='ocrx_word' id='word_1_854' title='bbox 1493 4905 1696 4976; x_wconf 89' lang='lat' dir='ltr'><strong>permittendum</strong></span> <span class='ocrx_word' id='word_1_855' title='bbox 1718 4905 1815 4972; x_wconf 89' lang='lat' dir='ltr'><strong>estid,</strong></span> <span class='ocrx_word' id='word_1_856' title='bbox 1840 4907 1911 4978; x_wconf 89' lang='lat' dir='ltr'><strong>quod</strong></span> 
     </span>
     <span class='ocr_line' id='line_1_65' title="bbox 258 4973 1908 5044; baseline 0.005 -20"><span class='ocrx_word' id='word_1_857' title='bbox 258 4973 336 5028; x_wconf 89' lang='lat' dir='ltr'><strong>nihilo</strong></span> <span class='ocrx_word' id='word_1_858' title='bbox 354 4975 440 5030; x_wconf 91' lang='lat' dir='ltr'><strong>minus</strong></span> <span class='ocrx_word' id='word_1_859' title='bbox 458 4975 510 5028; x_wconf 92' lang='lat' dir='ltr'><strong>hoc</strong></span> <span class='ocrx_word' id='word_1_860' title='bbox 525 4973 665 5028; x_wconf 87' lang='lat' dir='ltr'><strong>interdicto</strong></span> <span class='ocrx_word' id='word_1_861' title='bbox 683 4975 828 5042; x_wconf 89' lang='lat' dir='ltr'><strong>tenebitur,</strong></span> <span class='ocrx_word' id='word_1_862' title='bbox 852 4993 902 5028; x_wconf 88' lang='lat' dir='ltr'><strong>uec</strong></span> <span class='ocrx_word' id='word_1_863' title='bbox 924 4975 1056 5044; x_wconf 87' lang='lat' dir='ltr'><strong>praeiudi-</strong></span> <span class='ocrx_word' id='word_1_864' title='bbox 1109 4977 1143 5030; x_wconf 88' lang='lat' dir='ltr'><strong>ad</strong></span> <span class='ocrx_word' id='word_1_865' title='bbox 1160 4993 1236 5032; x_wconf 88' lang='lat' dir='ltr'><strong>usum</strong></span> <span class='ocrx_word' id='word_1_866' title='bbox 1254 4977 1368 5032; x_wconf 89' lang='lat' dir='ltr'><strong>omnium</strong></span> <span class='ocrx_word' id='word_1_867' title='bbox 1406 4975 1525 5038; x_wconf 88' lang='lat' dir='ltr'><strong>ertineat,</strong></span> <span class='ocrx_word' id='word_1_868' title='bbox 1542 4973 1624 5026; x_wconf 84' lang='lat' dir='ltr'><strong>veluti</strong></span> <span class='ocrx_word' id='word_1_869' title='bbox 1640 4973 1696 5028; x_wconf 87' lang='lat' dir='ltr'><strong>rias</strong></span> <span class='ocrx_word' id='word_1_870' title='bbox 1712 4973 1842 5042; x_wconf 89' lang='lat' dir='ltr'><strong>publicas,</strong></span> <span class='ocrx_word' id='word_1_871' title='bbox 1865 4975 1908 5032; x_wconf 89' lang='lat' dir='ltr'><strong>iti·</strong></span> 
     </span>
     <span class='ocr_line' id='line_1_66' title="bbox 259 4993 1908 5166; baseline 0.002 -72"><span class='ocrx_word' id='word_1_872' title='bbox 259 5047 333 5160; x_wconf 54' lang='lat' dir='ltr'><strong>ffiur</strong></span> <span class='ocrx_word' id='word_1_873' title='bbox 360 5041 464 5164; x_wconf 54' lang='lat' dir='ltr'><strong>alliqpidt</strong></span> <span class='ocrx_word' id='word_1_874' title='bbox 486 5041 553 5164; x_wconf 82' lang='lat' dir='ltr'><strong>legit</strong></span> <span class='ocrx_word' id='word_1_875' title='bbox 561 5041 699 5096; x_wconf 80' lang='lat' dir='ltr'><strong>Corneliae</strong></span> <span class='ocrx_word' id='word_1_876' title='bbox 722 5043 956 5162; x_wconf 46' lang='lat' dir='ltr'><strong>testpmeutariae,</strong></span> <span class='ocrx_word' id='word_1_877' title='bbox 983 5045 1058 5164; x_wconf 52' lang='lat' dir='ltr'><strong>qihasi</strong></span> <span class='ocrx_word' id='word_1_878' title='bbox 1108 5059 1173 5166; x_wconf 51' lang='lat' dir='ltr'><strong>391·ss</strong></span> <span class='ocrx_word' id='word_1_879' title='bbox 1190 5047 1311 5114; x_wconf 88' lang='lat' dir='ltr'><strong>publica:</strong></span> <span class='ocrx_word' id='word_1_880' title='bbox 1330 5049 1356 5098; x_wconf 85' lang='grc' dir='ltr'><strong>ιι</strong></span> <span class='ocrx_word' id='word_1_881' title='bbox 1366 4993 1426 5098; x_wconf 66' lang='grc' dir='ltr'>ιιιιο</span> <span class='ocrx_word' id='word_1_882' title='bbox 1439 5041 1557 5110; x_wconf 90' lang='lat' dir='ltr'><strong>quolibet</strong></span> <span class='ocrx_word' id='word_1_883' title='bbox 1567 5041 1719 5110; x_wconf 86' lang='lat' dir='ltr'><strong>postulante</strong></span> <span class='ocrx_word' id='word_1_884' title='bbox 1731 5041 1764 5096; x_wconf 90' lang='lat' dir='ltr'><strong>de</strong></span> <span class='ocrx_word' id='word_1_885' title='bbox 1775 5041 1815 5098; x_wconf 92' lang='lat' dir='ltr'><strong>his</strong></span> <span class='ocrx_word' id='word_1_886' title='bbox 1827 5043 1908 5098; x_wconf 90' lang='lat' dir='ltr'><strong>iuter·</strong></span> 
     </span>
     <span class='ocr_line' id='line_1_67' title="bbox 302 5125 1212 5178; baseline 0.002 -14"><span class='ocrx_word' id='word_1_887' title='bbox 302 5125 399 5164; x_wconf 91' lang='lat' dir='ltr'><strong>omao</strong></span> <span class='ocrx_word' id='word_1_888' title='bbox 424 5125 451 5164; x_wconf 92' lang='lat' dir='ltr'><strong>es</strong></span> <span class='ocrx_word' id='word_1_889' title='bbox 465 5125 541 5164; x_wconf 90' lang='lat' dir='ltr'><strong>amen</strong></span> <span class='ocrx_word' id='word_1_890' title='bbox 554 5125 597 5164; x_wconf 89' lang='lat' dir='ltr'><strong>um</strong></span> <span class='ocrx_word' id='word_1_891' title='bbox 612 5125 797 5178; x_wconf 86' lang='lat' dir='ltr'><strong>suppresserr.</strong></span> <span class='ocrx_word' id='word_1_892' title='bbox 823 5125 900 5164; x_wconf 89' lang='lat' dir='ltr'><strong>nemo</strong></span> <span class='ocrx_word' id='word_1_893' title='bbox 916 5125 1007 5164; x_wconf 77' lang='lat' dir='ltr'><strong>emma</strong></span> <span class='ocrx_word' id='word_1_894' title='bbox 1028 5129 1057 5166; x_wconf 93' lang='lat' dir='ltr'><strong>eo</strong></span> <span class='ocrx_word' id='word_1_895' title='bbox 1125 5129 1161 5166; x_wconf 88' lang='grc' dir='ltr'><strong>ιιι</strong></span> <span class='ocrx_word' id='word_1_896' title='bbox 1172 5129 1212 5166; x_wconf 85' lang='grc' dir='ltr'>ιιι.</span> 
     </span>
    </p>
   </div>
   <div class='ocr_carea' id='block_1_3' title="bbox 258 5171 1908 5524">
    <p class='ocr_par' dir='ltr' id='par_1_3' title="bbox 258 5171 1908 5384">
     <span class='ocr_line' id='line_1_68' title="bbox 258 5171 1908 5300; baseline 0.005 -74"><span class='ocrx_word' id='word_1_897' title='bbox 258 5171 363 5244; x_wconf 91' lang='lat' dir='ltr'><strong>impune</strong></span> <span class='ocrx_word' id='word_1_898' title='bbox 380 5179 476 5232; x_wconf 89' lang='lat' dir='ltr'><strong>retinet</strong></span> <span class='ocrx_word' id='word_1_899' title='bbox 492 5179 612 5244; x_wconf 89' lang='lat' dir='ltr'><strong>tabulas,</strong></span> <span class='ocrx_word' id='word_1_900' title='bbox 632 5177 704 5300; x_wconf 49' lang='lat' dir='ltr'><strong>quod</strong></span> <span class='ocrx_word' id='word_1_901' title='bbox 719 5179 804 5232; x_wconf 89' lang='lat' dir='ltr'><strong>maius</strong></span> <span class='ocrx_word' id='word_1_902' title='bbox 822 5177 928 5232; x_wconf 89' lang='lat' dir='ltr'><strong>facinus</strong></span> <span class='ocrx_word' id='word_1_903' title='bbox 944 5179 1057 5248; x_wconf 89' lang='lat' dir='ltr'><strong>admisit,</strong></span> <span class='ocrx_word' id='word_1_904' title='bbox 1142 5177 1161 5236; x_wconf 83' lang='lat'><strong>2</strong></span> <span class='ocrx_word' id='word_1_905' title='bbox 1178 5179 1322 5236; x_wconf 73' lang='lat' dir='ltr'><strong>iuturus</strong></span> <span class='ocrx_word' id='word_1_906' title='bbox 1343 5179 1409 5232; x_wconf 83' lang='lat' dir='ltr'><strong>libro</strong></span> <span class='ocrx_word' id='word_1_907' title='bbox 1433 5177 1656 5250; x_wconf 76' lang='lat' dir='ltr'><strong>quadruprurirno</strong></span> <span class='ocrx_word' id='word_1_908' title='bbox 1679 5183 1772 5236; x_wconf 82' lang='lat' dir='ltr'><strong>octauo</strong></span> <span class='ocrx_word' id='word_1_909' title='bbox 1794 5179 1908 5252; x_wconf 73' lang='lat' dir='ltr'><strong>clipeato-</strong></span> 
     </span>
     <span class='ocr_line' id='line_1_69' title="bbox 259 5245 1908 5316; baseline 0.002 -18"><span class='ocrx_word' id='word_1_910' title='bbox 259 5257 317 5298; x_wconf 81' lang='lat' dir='ltr'><strong>cum</strong></span> <span class='ocrx_word' id='word_1_911' title='bbox 343 5245 467 5302; x_wconf 84' lang='lat' dir='ltr'><strong>exhibitis</strong></span> <span class='ocrx_word' id='word_1_912' title='bbox 494 5247 594 5302; x_wconf 89' lang='lat' dir='ltr'><strong>tabulis</strong></span> <span class='ocrx_word' id='word_1_913' title='bbox 621 5245 763 5300; x_wconf 87' lang='lat' dir='ltr'><strong>amissum</strong></span> <span class='ocrx_word' id='word_1_914' title='bbox 786 5245 844 5300; x_wconf 86' lang='lat' dir='ltr'><strong>eius</strong></span> <span class='ocrx_word' id='word_1_915' title='bbox 867 5247 950 5316; x_wconf 85' lang='lat' dir='ltr'><strong>magis</strong></span> <span class='ocrx_word' id='word_1_916' title='bbox 974 5247 1057 5302; x_wconf 90' lang='lat' dir='ltr'><strong>mani-</strong></span> <span class='ocrx_word' id='word_1_917' title='bbox 1107 5265 1167 5302; x_wconf 82' lang='lat' dir='ltr'><strong>ram</strong></span> <span class='ocrx_word' id='word_1_918' title='bbox 1201 5247 1306 5302; x_wconf 88' lang='lat' dir='ltr'><strong>Nemini</strong></span> <span class='ocrx_word' id='word_1_919' title='bbox 1326 5245 1389 5300; x_wconf 89' lang='lat' dir='ltr'><strong>lieet</strong></span> <span class='ocrx_word' id='word_1_920' title='bbox 1410 5245 1438 5300; x_wconf 90' lang='lat' dir='ltr'><strong>in</strong></span> <span class='ocrx_word' id='word_1_921' title='bbox 1460 5245 1502 5302; x_wconf 86' lang='lat' dir='ltr'><strong>via</strong></span> <span class='ocrx_word' id='word_1_922' title='bbox 1522 5247 1629 5316; x_wconf 87' lang='lat' dir='ltr'><strong>publica</strong></span> <span class='ocrx_word' id='word_1_923' title='bbox 1649 5253 1845 5304; x_wconf 85' lang='lat' dir='ltr'><strong>monumentum</strong></span> <span class='ocrx_word' id='word_1_924' title='bbox 1862 5263 1908 5302; x_wconf 87' lang='lat' dir='ltr'><strong>cx·</strong></span> 
     </span>
     <span class='ocr_line' id='line_1_70' title="bbox 258 5307 1858 5384; baseline 0.003 -20"><span class='ocrx_word' id='word_1_925' title='bbox 258 5307 375 5368; x_wconf 78' lang='lat' dir='ltr'><strong>testetur.</strong></span> <span class='ocrx_word' id='word_1_926' title='bbox 411 5319 438 5368; x_wconf 91' lang='lat' dir='ltr'><strong>et</strong></span> <span class='ocrx_word' id='word_1_927' title='bbox 454 5331 534 5384; x_wconf 85' lang='lat' dir='ltr'><strong>posse</strong></span> <span class='ocrx_word' id='word_1_928' title='bbox 552 5317 663 5382; x_wconf 88' lang='lat' dir='ltr'><strong>aliquem</strong></span> <span class='ocrx_word' id='word_1_929' title='bbox 682 5313 742 5370; x_wconf 91' lang='lat' dir='ltr'><strong>dolo</strong></span> <span class='ocrx_word' id='word_1_930' title='bbox 761 5313 832 5368; x_wconf 89' lang='lat' dir='ltr'><strong>malo</strong></span> <span class='ocrx_word' id='word_1_931' title='bbox 854 5313 956 5380; x_wconf 90' lang='lat' dir='ltr'><strong>facere,</strong></span> <span class='ocrx_word' id='word_1_932' title='bbox 977 5321 1008 5368; x_wconf 91' lang='lat' dir='ltr'><strong>ut</strong></span> <span class='ocrx_word' id='word_1_933' title='bbox 1030 5317 1058 5368; x_wconf 92' lang='lat' dir='ltr'><strong>in</strong></span> <span class='ocrx_word' id='word_1_934' title='bbox 1108 5323 1216 5372; x_wconf 89' lang='lat' dir='ltr'><strong>struere.</strong></span> <span class='ocrx_word' id='word_1_935' title='bbox 1857 5319 1858 5322; x_wconf 76' lang='grc'>’</span> 
     </span>
    </p>

    <p class='ocr_par' dir='ltr' id='par_1_4' title="bbox 258 5379 1908 5524">
     <span class='ocr_line' id='line_1_71' title="bbox 259 5379 1908 5460; baseline 0.002 -28"><span class='ocrx_word' id='word_1_936' title='bbox 259 5389 315 5434; x_wconf 82' lang='lat' dir='ltr'><strong>eam</strong></span> <span class='ocrx_word' id='word_1_937' title='bbox 335 5383 420 5448; x_wconf 84' lang='lat' dir='ltr'><strong>legem</strong></span> <span class='ocrx_word' id='word_1_938' title='bbox 443 5399 498 5436; x_wconf 91' lang='lat' dir='ltr'><strong>non</strong></span> <span class='ocrx_word' id='word_1_939' title='bbox 519 5383 633 5448; x_wconf 89' lang='lat' dir='ltr'><strong>incidat,</strong></span> <span class='ocrx_word' id='word_1_940' title='bbox 656 5387 686 5438; x_wconf 90' lang='lat' dir='ltr'><strong>ut</strong></span> <span class='ocrx_word' id='word_1_941' title='bbox 705 5387 771 5452; x_wconf 90' lang='lat' dir='ltr'><strong>puta</strong></span> <span class='ocrx_word' id='word_1_942' title='bbox 789 5381 915 5460; x_wconf 84' lang='lat' dir='ltr'><strong>sineque</strong></span> <span class='ocrx_word' id='word_1_943' title='bbox 932 5383 1059 5436; x_wconf 80' lang='lat' dir='ltr'><strong>amoverit</strong></span> <span class='ocrx_word' id='word_1_944' title='bbox 1142 5379 1160 5440; x_wconf 87' lang='grc'><strong>3</strong></span> <span class='ocrx_word' id='word_1_945' title='bbox 1190 5381 1422 5438; x_wconf 77' lang='lat' dir='ltr'><strong>Urrrnnusltbro</strong></span> <span class='ocrx_word' id='word_1_946' title='bbox 1445 5383 1599 5454; x_wconf 82' lang='lat' dir='ltr'><strong>tripcnrimo</strong></span> <span class='ocrx_word' id='word_1_947' title='bbox 1621 5387 1698 5440; x_wconf 80' lang='lat' dir='ltr'><strong>tertio</strong></span> <span class='ocrx_word' id='word_1_948' title='bbox 1721 5383 1908 5440; x_wconf 73' lang='lat' dir='ltr'><strong>adriaticum</strong></span> 
     </span>
     <span class='ocr_line' id='line_1_72' title="bbox 258 5449 1908 5524; baseline 0.005 -26"><span class='ocrx_word' id='word_1_949' title='bbox 258 5457 341 5516; x_wconf 87' lang='lat' dir='ltr'><strong>neque</strong></span> <span class='ocrx_word' id='word_1_950' title='bbox 364 5449 487 5504; x_wconf 81' lang='lat' dir='ltr'><strong>celaverit</strong></span> <span class='ocrx_word' id='word_1_951' title='bbox 509 5453 629 5516; x_wconf 88' lang='lat' dir='ltr'><strong>tabulas,</strong></span> <span class='ocrx_word' id='word_1_952' title='bbox 652 5449 699 5506; x_wconf 90' lang='lat' dir='ltr'><strong>sed</strong></span> <span class='ocrx_word' id='word_1_953' title='bbox 721 5449 822 5506; x_wconf 90' lang='lat' dir='ltr'><strong>idcirco</strong></span> <span class='ocrx_word' id='word_1_954' title='bbox 845 5449 890 5502; x_wconf 85' lang='lat' dir='ltr'><strong>alri</strong></span> <span class='ocrx_word' id='word_1_955' title='bbox 910 5449 1057 5518; x_wconf 77' lang='lat' dir='ltr'><strong>tradiderit,</strong></span> <span class='ocrx_word' id='word_1_956' title='bbox 1108 5449 1174 5504; x_wconf 80' lang='lat' dir='ltr'><strong>Viae</strong></span> <span class='ocrx_word' id='word_1_957' title='bbox 1191 5449 1324 5516; x_wconf 80' lang='lat' dir='ltr'><strong>vicinales,</strong></span> <span class='ocrx_word' id='word_1_958' title='bbox 1342 5463 1410 5518; x_wconf 87' lang='lat' dir='ltr'><strong>quae</strong></span> <span class='ocrx_word' id='word_1_959' title='bbox 1427 5467 1459 5504; x_wconf 90' lang='lat' dir='ltr'><strong>ex</strong></span> <span class='ocrx_word' id='word_1_960' title='bbox 1476 5451 1545 5522; x_wconf 78' lang='lat' dir='ltr'><strong>agria</strong></span> <span class='ocrx_word' id='word_1_961' title='bbox 1558 5455 1719 5524; x_wconf 81' lang='lat' dir='ltr'><strong>privaturum</strong></span> <span class='ocrx_word' id='word_1_962' title='bbox 1734 5453 1836 5506; x_wconf 86' lang='grc' dir='ltr'>ιιιιιιιι</span> <span class='ocrx_word' id='word_1_963' title='bbox 1850 5451 1908 5506; x_wconf 81' lang='lat' dir='ltr'><strong>lae·</strong></span> 
     </span>
    </p>
   </div>
   <div class='ocr_carea' id='block_1_4' title="bbox 258 5617 1906 5894">
    <p class='ocr_par' dir='ltr' id='par_1_5' title="bbox 258 5617 1906 5894">
     <span class='ocr_line' id='line_1_73' title="bbox 291 5617 1348 5690; baseline -0.008 -14"><span class='ocrx_word' id='word_1_964' title='bbox 291 5617 320 5680; x_wconf 72' lang='lat'><strong>(¹)</strong></span> <span class='ocrx_word' id='word_1_965' title='bbox 337 5617 639 5684; x_wconf 66' lang='lat' dir='ltr'><strong>Ecl.-Bae.at‚e.-‘-</strong></span> <span class='ocrx_word' id='word_1_966' title='bbox 657 5623 695 5690; x_wconf 81' lang='lat' dir='ltr'><strong>Os.</strong></span> <span class='ocrx_word' id='word_1_967' title='bbox 708 5623 826 5686; x_wconf 70' lang='lat' dir='ltr'><strong>Consi</strong></span> <span class='ocrx_word' id='word_1_968' title='bbox 914 5619 946 5682; x_wconf 82' lang='grc' dir='ltr'><strong>(ι)</strong></span> <span class='ocrx_word' id='word_1_969' title='bbox 963 5619 1056 5672; x_wconf 78' lang='lat' dir='ltr'><strong>sitrici</strong></span> <span class='ocrx_word' id='word_1_970' title='bbox 1110 5617 1141 5680; x_wconf 78' lang='grc' dir='ltr'><strong>(ι)</strong></span> <span class='ocrx_word' id='word_1_971' title='bbox 1158 5617 1348 5682; x_wconf 84' lang='lat' dir='ltr'><strong>pertineutccld.</strong></span> 
     </span>
     <span class='ocr_line' id='line_1_74' title="bbox 258 5685 1906 5758; baseline 0.001 -18"><span class='ocrx_word' id='word_1_972' title='bbox 258 5687 289 5746; x_wconf 70' lang='grc' dir='ltr'><strong>ιιι</strong></span> <span class='ocrx_word' id='word_1_973' title='bbox 308 5687 397 5738; x_wconf 88' lang='lat' dir='ltr'><strong>etenim</strong></span> <span class='ocrx_word' id='word_1_974' title='bbox 416 5689 492 5752; x_wconf 76' lang='lat' dir='ltr'><strong>(edd.)</strong></span> <span class='ocrx_word' id='word_1_975' title='bbox 516 5689 583 5752; x_wconf 87' lang='lat' dir='ltr'><strong>qnod</strong></span> <span class='ocrx_word' id='word_1_976' title='bbox 605 5689 636 5740; x_wconf 88' lang='lat' dir='ltr'><strong>ad</strong></span> <span class='ocrx_word' id='word_1_977' title='bbox 659 5705 756 5740; x_wconf 88' lang='lat' dir='ltr'><strong>eausam</strong></span> <span class='ocrx_word' id='word_1_978' title='bbox 778 5687 919 5740; x_wconf 84' lang='lat' dir='ltr'><strong>testamenti</strong></span> <span class='ocrx_word' id='word_1_979' title='bbox 935 5689 1059 5752; x_wconf 87' lang='lat' dir='ltr'><strong>pertineat</strong></span> <span class='ocrx_word' id='word_1_980' title='bbox 1144 5685 1176 5746; x_wconf 81' lang='lat' dir='ltr'><strong>(sl</strong></span> <span class='ocrx_word' id='word_1_981' title='bbox 1195 5687 1278 5746; x_wconf 87' lang='lat' dir='ltr'><strong>Ed.t;</strong></span> <span class='ocrx_word' id='word_1_982' title='bbox 1296 5687 1359 5754; x_wconf 84' lang='lat' dir='ltr'><strong>Pap.</strong></span> <span class='ocrx_word' id='word_1_983' title='bbox 1370 5699 1392 5740; x_wconf 82' lang='lat' dir='ltr'><strong>t.</strong></span> <span class='ocrx_word' id='word_1_984' title='bbox 1401 5699 1464 5742; x_wconf 85' lang='grc'><strong>3.-</strong></span> <span class='ocrx_word' id='word_1_985' title='bbox 1478 5693 1542 5746; x_wconf 85' lang='grc' dir='ltr'>Βαι.</span> <span class='ocrx_word' id='word_1_986' title='bbox 1551 5697 1626 5758; x_wconf 82' lang='lat' dir='ltr'><strong>58,1t</strong></span> <span class='ocrx_word' id='word_1_987' title='bbox 1710 5693 1743 5756; x_wconf 83' lang='lat'><strong>(9)</strong></span> <span class='ocrx_word' id='word_1_988' title='bbox 1762 5689 1800 5740; x_wconf 81' lang='lat' dir='ltr'><strong>vel</strong></span> <span class='ocrx_word' id='word_1_989' title='bbox 1816 5689 1906 5740; x_wconf 79' lang='lat' dir='ltr'><strong>itinere</strong></span> 
     </span>
     <span class='ocr_line' id='line_1_75' title="bbox 259 5751 1866 5824; baseline -0.004 -17"><span class='ocrx_word' id='word_1_990' title='bbox 259 5751 379 5820; x_wconf 81' lang='lat' dir='ltr'><strong>quidquid</strong></span> <span class='ocrx_word' id='word_1_991' title='bbox 392 5759 430 5806; x_wconf 87' lang='lat' dir='ltr'><strong>est</strong></span> <span class='ocrx_word' id='word_1_992' title='bbox 443 5771 543 5822; x_wconf 89' lang='lat' dir='ltr'><strong>quoquo</strong></span> <span class='ocrx_word' id='word_1_993' title='bbox 557 5759 666 5824; x_wconf 88' lang='lat' dir='ltr'><strong>tempore</strong></span> <span class='ocrx_word' id='word_1_994' title='bbox 680 5759 785 5822; x_wconf 81' lang='grc' dir='ltr'>ιιιιιιιιι,</span> <span class='ocrx_word' id='word_1_995' title='bbox 800 5755 912 5808; x_wconf 77' lang='lat' dir='ltr'><strong>exhiheri</strong></span> <span class='ocrx_word' id='word_1_996' title='bbox 926 5755 996 5806; x_wconf 85' lang='lat' dir='ltr'><strong>debet</strong></span> <span class='ocrx_word' id='word_1_997' title='bbox 1010 5773 1058 5806; x_wconf 76' lang='lat' dir='ltr'><strong>scr.</strong></span> <span class='ocrx_word' id='word_1_998' title='bbox 1109 5753 1251 5804; x_wconf 59' lang='lat' dir='ltr'><strong>inntens*</strong></span> <span class='ocrx_word' id='word_1_999' title='bbox 1313 5755 1358 5820; x_wconf 86' lang='lat' dir='ltr'><strong>(to)</strong></span> <span class='ocrx_word' id='word_1_1000' title='bbox 1376 5757 1824 5814; x_wconf 59' lang='lat' dir='ltr'><strong>sedetnuffllwofflmmmrumm.</strong></span> <span class='ocrx_word' id='word_1_1001' title='bbox 1864 5785 1866 5790; x_wconf 89' lang='lat'>-</span> 
     </span>
     <span class='ocr_line' id='line_1_76' title="bbox 261 5819 1449 5894; baseline -0.005 -19"><span class='ocrx_word' id='word_1_1002' title='bbox 261 5825 289 5884; x_wconf 77' lang='lat' dir='ltr'><strong>itt</strong></span> <span class='ocrx_word' id='word_1_1003' title='bbox 306 5823 517 5888; x_wconf 79' lang='lat' dir='ltr'><strong>relinquendiscr.</strong></span> <span class='ocrx_word' id='word_1_1004' title='bbox 571 5827 603 5890; x_wconf 77' lang='grc' dir='ltr'><strong>(ι)</strong></span> <span class='ocrx_word' id='word_1_1005' title='bbox 621 5827 764 5892; x_wconf 83' lang='lat' dir='ltr'><strong>etlnecacr.</strong></span> <span class='ocrx_word' id='word_1_1006' title='bbox 814 5829 847 5888; x_wconf 74' lang='lat' dir='ltr'><strong>tet</strong></span> <span class='ocrx_word' id='word_1_1007' title='bbox 865 5821 1065 5874; x_wconf 79' lang='lat' dir='ltr'><strong>interdicenieF</strong></span> <span class='ocrx_word' id='word_1_1008' title='bbox 1142 5819 1183 5884; x_wconf 77' lang='lat' dir='ltr'><strong>(tt)</strong></span> <span class='ocrx_word' id='word_1_1009' title='bbox 1200 5821 1449 5894; x_wconf 40' lang='lat' dir='ltr'><strong>Sub—Baptae</strong></span> 
     </span>
    </p>
   </div>
   <div class='ocr_carea' id='block_1_5' title="bbox 1658 5911 1706 5960">
    <p class='ocr_par' dir='ltr' id='par_1_6' title="bbox 1658 5911 1706 5960">
     <span class='ocr_line' id='line_1_77' title="bbox 1658 5911 1706 5960; baseline -0.083 0"><span class='ocrx_word' id='word_1_1010' title='bbox 1658 5911 1706 5960; x_wconf 74' lang='grc'><strong>86*</strong></span> 
     </span>
    </p>
   </div>
   <div class='ocr_carea' id='block_1_6' title="bbox 0 0 2197 6258">
    <p class='ocr_par' dir='ltr' id='par_1_7' title="bbox 0 0 2197 6258">
     <span class='ocr_line' id='line_1_78' title="bbox 0 0 2197 6258; baseline 0 0"><span class='ocrx_word' id='word_1_1011' title='bbox 0 0 2197 6258; x_wconf 95' lang='lat' dir='ltr'><strong> </strong></span> 
     </span>
    </p>
   </div>
  </div>
 </body>
</html>
