4366 6258
280 361 389 424 XXXI
1067 349 1129 422 llll
1727 365 1773 412 on
1795 365 1933 416 ancsrrs

281 547 349 598 enim
365 557 441 596 servo
458 541 545 596 aheno
567 541 797 594 fideicommissum
820 541 855 594 ab
880 555 933 592 uno
956 555 990 594 ιιι
1004 541 1094 594 hera
1132 543 1146 590 3
1175 543 1224 602 ret,
1240 553 1307 604 quos
1319 537 1473 593 nominatim
1484 543 1578 604 postea
1589 533 1759 590 enumeravit.
1789 535 1935 608 Imperator

281 611 358 664 dibus
376 609 425 662 sub
444 609 598 664 condicione
615 607 746 662 libertatis
756 607 837 664 inerit
853 607 944 660 datum
960 607 1081 676 idemque
1130 605 1284 660 Alexander
1307 607 1444 674 Angustus
1477 602 1641 658 (ιιιιιιιιιιιιοθ
1665 603 1768 658 Iuliano
1799 603 1933 672 praelecto

281 691 370 730 servus
389 675 521 738 eiberedi
537 673 729 738 substituatur,
754 677 818 730 lieet
838 689 905 742 pure
927 673 1080 728 substitutio
1131 673 1200 728 urbi.
1237 673 1274 728 ‘Si
1290 673 1374 742 liquet
1389 673 1447 738 tibi,
1463 673 1566 726 Iuliane
1583 673 1726 736 carissime,
1751 671 1837 726 aviam
1853 673 1934 728 inter·

280 741 353 796 fecta
370 743 411 806 sit,
435 749 527 796 tamen
543 743 594 796 sub
611 741 704 796 eadem
726 743 880 798 condicione
901 741 1027 796 substitui
1043 741 1081 796 vi·
1132 739 1283 796 ‘vertendae
1298 739 1440 796 inofficiosi
1457 739 1590 810 querellae
1601 739 1788 808 patrimonium
1799 757 1878 796 suum
1889 741 1934 796 do·

270 809 366 874 detur,
384 809 434 862 sub
452 823 505 878 qua
521 809 753 864 fideicommissum
768 809 872 864 meruit.
1132 809 1293 864 ‘redonibus
1310 809 1338 862 in
1355 815 1478 878 nepotem
1494 807 1573 864 iactis
1584 809 1740 870 exinanisse,
1757 809 1827 864 ratio
1841 809 1935 878 depos·

314 873 354 934 84
371 875 503 930 Pronus¹
531 877 599 930 libro
628 877 750 932 vicesimo
773 879 866 948 primo
897 877 1082 946 quaestionum
1133 877 1179 932 ‘cit
1194 877 1230 940 id,
1250 877 1321 946 quod
1338 877 1464 930 donatum
1481 883 1535 942 est,
1558 893 1608 946 pro
1625 877 1752 932 dimidiai
1768 883 1845 946 parte
1861 893 1935 934 revo-

280 943 307 998 Si
323 943 384 1064 ἓίιιιι
401 959 475 998 servo
493 959 542 998 suo
560 943 788 1000 fideicommissam
809 945 959 998 libertatem
975 945 1081 1012 reliquit
1131 949 1147 998 4
1182 943 1266 998 ‘cari'.
1301 945 1401 1000 Lucius
1409 943 1496 1000 Titius
1508 961 1569 1000 cnm
1581 945 1691 1001 haberet
1703 945 1818 1012 quinque
1829 945 1936 1012 liberos,

280 1017 307 1064 et
351 1009 396 1064 'ud
413 1009 476 1078 quid
492 1009 648 1078 adscripsit,
671 1013 779 1082 quidam
796 1011 876 1066 dicun
913 1011 976 1080 quia
992 1013 1081 1080 place·
1132 1013 1270 1066 universos
1288 1013 1464 1080 emancipavit
1475 1017 1503 1066 et
1518 1013 1638 1066 inunum
1646 1013 1730 1066 filium
1742 1013 1838 1066 Gaium
1849 1011 1935 1068 Seium

279 1079 327 1132 bat
343 1077 378 1132 ab
394 1079 491 1132 herede
509 1093 570 1132 eum
586 1081 735 1134 manumitti
752 1081 855 1144 debere,
909 1085 999 1132 turum
1015 1095 1081 1144 esse,
1133 1079 1309 1150 amplissimas
1333 1081 1475 1136 facultates
1499 1081 1686 1136 donationibus
1709 1081 1821 1136 contulit
1837 1087 1865 1134 et
1880 1097 1935 1136 mo-

279 1153 310 1198 ut
327 1163 381 1200 non
397 1145 552 1200 admittatur
577 1147 612 1200 ad
628 1147 870 1204 fideicommissum:
895 1147 942 1202 sed
964 1147 1015 1202 boc
1031 1147 1082 1202 iui-
1133 1147 1222 1204 dicum
1239 1147 1291 1202 sibi
1301 1147 1438 1204 residuum
1448 1147 1562 1204 servavit
1579 1155 1606 1204 et
1619 1149 1755 1204 universos
1766 1149 1865 1204 liberos
1878 1165 1936 1204 cum

279 1231 360 1282 quum
383 1219 430 1268 est.
473 1213 502 1268 in
523 1213 677 1270 huiusmodi
704 1213 773 1272 enin
803 1229 918 1282 persona
945 1215 1083 1284 utriusque
1133 1231 1217 1270 uxore
1239 1215 1347 1284 scripsit
1369 1217 1494 1272 heredes:
1520 1217 1549 1270 in
1573 1217 1666 1270 eodem
1689 1223 1846 1272 testamento
1871 1217 1936 1274 dues

279 1281 472 1350 quodammodo
505 1281 561 1336 dies
594 1283 674 1340 cessit
702 1289 729 1338 ιι
750 1281 880 1337 libertatis
903 1287 930 1336 et
955 1283 1083 1352 pecuniae
1133 1283 1323 1352 possessiones,
1342 1299 1408 1352 quas
1425 1285 1579 1348 retinuerat,
1598 1285 1682 1338 eidem
1700 1285 1765 1340 Gaio
1784 1285 1844 1340 Seio
1860 1301 1937 1354 prae·

298 1349 417 1414 ciendae,
435 1349 501 1404 adeo
521 1357 551 1402 ut
566 1359 671 1420 putem,
698 1351 721 1406 si
744 1365 819 1404 mora
843 1349 890 1404 fiet
925 1351 1083 1406 mesiendas
1133 1351 1230 1420 legavit
1247 1357 1275 1406 et
1296 1351 1331 1406 ab
1349 1367 1380 1406 eo
1398 1351 1478 1420 petit,
1505 1357 1535 1406 ut
1551 1369 1584 1408 ex
1610 1351 1739 1408 reditibus
1760 1351 1937 1420 praediorum,

278 1367 404 1480 iibertati,
428 1417 508 1470 etiam
529 1417 732 1474 fideicommisso
755 1433 857 1470 moram
880 1367 963 1472 videri
985 1419 1083 1474 factam
1134 1435 1203 1486 quae
1220 1419 1294 1476 vivus
1317 1421 1343 1474 ei
1359 1419 1517 1484 donaverat,
1543 1419 1663 1474 Mseriae
1688 1419 1758 1474 filiae
1781 1425 1821 1474 tot
1844 1435 1938 1476 aureos

278 1491 306 1540 et
332 1499 471 1540 usurarum
494 1501 562 1540 onus
587 1487 729 1542 accederes
756 1501 818 1538 nam
834 1491 861 1540 et
883 1489 990 1540 ιιιιιιιιιΒ
1015 1501 1083 1554 quae
1133 1487 1218 1552 daret,
1235 1487 1299 1542 item
1316 1489 1395 1540 alteri
1410 1487 1488 1540 fratri
1500 1487 1567 1540 alios
1580 1493 1633 1542 tots
1651 1495 1795 1546 conventus
1806 1501 1824 1540 a
1835 1487 1938 1544 Maeuia

278 1551 364 1606 medio
381 1561 500 1620 tempore
517 1555 644 1624 adquisiit
660 1551 774 1618 domino,
793 1553 856 1610 dum
872 1561 1083 1622 moraturprae-
1134 1569 1226 1608 sorore
1244 1571 1293 1608 sua
1310 1555 1395 1636 legem
1412 1555 1559 1610 Falcidiam
1574 1555 1707 1624 implorat.
1742 1569 1855 1624 quaero,
1880 1571 1938 1610 cum

278 1627 351 1676 stare
367 1621 528 1686 libertatem,
556 1623 640 1678 eidem
663 1621 768 1676 restitui
791 1629 914 1690 oportere
938 1621 1084 1678 rectissime
1134 1621 1317 1676 sanctissimus
1333 1627 1485 1702 imperator,
1503 1629 1533 1676 ut
1547 1623 1767 1692 suprascriptum
1779 1627 1828 1686 est,
1847 1633 1939 1704 contra

278 1695 522 1816 resdiiondddlndddro
533 1765 631 1830 quarto
641 1773 831 1828 responsorum
858 1757 1029 1822 creditorem,
1040 1759 1083 1812 cui
1133 1689 1939 1828 vplapptptgprt'oppsgmtnuseaseppepoglpppltenndsuusrrtsitresvpccualp

278 1843 320 1882 res
338 1827 454 1896 pignoris
470 1829 530 1882 iure
547 1827 692 1894 obligatae
709 1825 827 1882 debitore
839 1825 927 1894 legata
938 1831 1016 1894 esset,
1029 1843 1084 1882 non
1135 1775 1152 1882 d

278 1895 413 1964 prohiberi
425 1897 566 1966 pecuniam
581 1893 710 1950 creditam
722 1899 821 1960 petere,
833 1893 858 1948 si
869 1895 991 1948 voluntas
1001 1899 1083 1950 testa·
1135 1909 1194 1948 sum
1210 1901 1349 1964 praestare
1365 1893 1458 1950 heredi
1475 1895 1583 1948 sororis.
1617 1893 1719 1948 Patulus
1730 1895 1867 1962 respondit
1880 1899 1941 1962 post

277 1963 342 2020 toris
358 1979 528 2034 compensare
542 1961 656 2018 volentis
671 1961 805 2018 evidenter
819 1979 873 2018 non
890 1963 1083 2018 ostenderetur.
1134 1963 1238 2016 litteras
1255 1963 1423 2032 imperatoris
1441 1961 1526 2016 nostri
1540 1963 1657 2016 dubitari
1669 1979 1723 2016 non
1734 1969 1866 2030 oportere,
1896 1963 1941 2018 uin

313 2029 351 2090 86
369 2033 450 2086 Ibam
461 2033 529 2086 libro
548 2031 627 2086 tertio
650 2029 751 2086 decimo
768 2047 958 2102 responsorum
992 2029 1085 2086 ‘Gaius
1134 2031 1163 2086 in
1175 2030 1227 2084 hac
1242 2047 1347 2098 qnoque
1357 2031 1452 2098 specie,
1466 2029 1499 2084 de
1511 2045 1565 2098 qua
1576 2031 1720 2098 quaeritur,
1736 1979 1941 2086 subveniendum

278 2101 362 2156 ‘Seius
379 2115 512 2170 pronepos
530 2113 605 2154 meus
622 2099 700 2154 heres
711 2099 776 2152 mihi
793 2103 849 2154 esto
867 2115 901 2154 ex
912 2097 1020 2154 semisse
1038 2101 1085 2154 bo·
1136 2097 1170 2154 sit
1187 2099 1287 2164 liberis,
1312 2115 1425 2168 qnorum
1442 2099 1530 2166 portio
1547 2099 1576 2152 in
1593 2115 1676 2152 unum
1691 2097 1776 2152 filium
1792 2097 1941 2154 donationi-

278 2175 381 2224 ‘norum
402 2185 521 2224 meorum
539 2171 653 2236 excepta
676 2167 756 2224 domu
777 2183 837 2224 mea
858 2173 886 2224 et
908 2173 1032 2236 paterna,
1055 2167 1085 2222 in
1136 2169 1185 2222 bus
1204 2167 1310 2222 collatis
1327 2167 1467 2222 imminuta
1483 2173 1532 2232 est,
1548 2167 1704 2236 praesertim
1722 2183 1783 2222 curn
1798 2167 1941 2248 imperator

278 2239 383 2308 ‘quibus
406 2237 510 2304 habito,
538 2253 599 2292 cum
623 2237 746 2292 omnibus
764 2251 832 2306 quac
854 2237 893 2292 ibi
914 2243 990 2290 sunt:
1034 2251 1086 2290 uae
1135 2243 1227 2290 noster
1245 2241 1341 2290 contra
1357 2235 1521 2290 voluntatem
1537 2233 1622 2304 patris
1645 2235 1809 2302 subvenerit,
1835 2251 1865 2290 m
1881 2251 1941 2302 pro·

278 2307 375 2362 ‘omnia
389 2307 457 2360 scias
470 2305 505 2360 ad
516 2305 666 2374 portionem
677 2305 840 2370 hereditatis,
859 2321 938 2386 quam
953 2305 1004 2361 tibi
1016 2255 1084 2372 dedi,
1154 2303 1224 2360 osita
1241 2311 1331 2358 autem
1348 2319 1431 2358 cause
1442 2305 1521 2358 etiam
1538 2305 1660 2358 voluntas
1674 2303 1758 2372 petris
1775 2319 1824 2386 pro
1842 2303 1942 2384 hisqui

278 2381 339 2430 ‘non
356 2375 507 2442 pertinere’.
542 2389 651 2442 quaero,
670 2389 731 2428 cunr
748 2373 828 2428 sitin
844 2375 885 2428 lns
903 2373 1024 2428 domibus
1042 2389 1085 2428 er·
1135 2323 1368 2428 ddeicommissum
1409 2379 1485 2428 etunt
1506 2371 1654 2428 intercedit.
1694 2371 1742 2428 sed
1765 2373 1805 2426 ιιτ
1823 2371 1942 2426 Falcidia

276 2449 384 2512 gentum
400 2443 507 2496 nomina
518 2441 669 2496 debitorum
682 2443 802 2510 supellex
812 2441 954 2508 mancipia,
972 2443 1086 2496 anbaec
1135 2441 1179 2496 lex
1201 2441 1357 2506 intercedat,
1400 2441 1584 2496 deicomrnissa
1607 2443 1635 2494 in
1653 2441 1766 2494 solidum
1782 2455 1842 2494 esse
1866 2455 1941 2508 prae-

276 2523 460 2632 pmtprohpuae
476 2507 531 2562 illic
548 2509 728 2572 inveniuntur,
746 2507 781 2562 ad
797 2509 864 2564 ahos
881 2509 992 2564 heredes
1008 2509 1086 2564 insti·
1136 2509 1233 2566 stands
1247 2515 1362 2578 'propter
1378 2507 1580 2564 immodicarum
1597 2509 1770 2564 donationum
1787 2509 1926 2562 rationem.

287 2595 306 2632 n
335 2593 348 2632 s
384 2593 399 2632 e

276 2645 426 2702 debitorum
442 2661 496 2700 non
508 2645 648 2710 contineri,
668 2645 714 2700 sed
729 2647 845 2700 omnium
856 2661 915 2700 esse
928 2645 1085 2710 communia,
1136 2645 1224 2700 Titius
1241 2651 1401 2700 testamento
1412 2645 1451 2698 ita
1469 2645 1551 2700 cavit:
1571 2647 1677 2716 ‘siquid
1695 2645 1791 2716 cuique
1801 2645 1943 2700 liberorum

220 2727 221 2730 ’
278 2721 288 2768 1
326 2715 354 2768 ιιι
372 2713 466 2770 ceteris
483 2729 546 2768 vero
559 2713 663 2768 nullum
680 2713 821 2782 pronepoti
831 2713 920 2768 locum
937 2729 1004 2770 esse.
1040 2713 1086 2768 Ti·
1137 2719 1265 2770 ‘meorum
1282 2713 1344 2768 dedi
1360 2719 1408 2766 aut
1433 2713 1530 2768 donavi
1546 2719 1594 2768 aut
1615 2715 1643 2768 in
1666 2731 1743 2770 usum
1761 2713 1882 2768 concessi
1899 2719 1944 2768 aut

275 2785 329 2838 tius
347 2797 408 2836 cum
425 2781 516 2836 fratris
533 2781 589 2836 filio
607 2781 705 2838 fundos
722 2787 750 2836 ιι
766 2785 870 2838 urbana
886 2783 997 2852 praedia
1013 2783 1085 2850 lega·
1137 2781 1199 2836 ‘sibi
1215 2781 1341 2850 adquisiit
1364 2787 1411 2836 ant
1428 2781 1453 2836 ei
1469 2783 1505 2836 ab
1527 2781 1617 2850 aliquo
1640 2781 1731 2836 datum
1754 2785 1802 2836 aut
1823 2779 1944 2836 relictum

275 2857 328 2916 ret,
353 2851 381 2904 in
404 2851 446 2904 bis
469 2855 496 2904 ιι
512 2849 627 2904 iunium
644 2849 769 2906 Seianum
794 2849 906 2920 legavit,
934 2867 1012 2920 quem
1028 2851 1086 2920 ipsc
1137 2857 1200 2918 ιιι,
1226 2849 1254 2904 id
1271 2849 1323 2904 sibi
1345 2849 1494 2920 praecipiat
1515 2855 1604 2904 sumat
1626 2849 1740 2904 habeat’.
1775 2849 1824 2904 lilii
1841 2851 1944 2906 nomine

274 2917 483 2988 paterfamilias
501 2921 590 2988 quoad
601 2919 700 2974 viveret
716 2935 771 2974 uno
788 2919 894 2988 quidem
904 2919 1009 2974 nomine
1026 2919 1086 2974 nni-
1136 2919 1323 2974 kalendarium
1331 2917 1440 2974 iecerat.
1468 2923 1563 2986 postea
1578 2919 1710 2974 sententia
1721 2917 1792 2972 dicta
1802 2925 1843 2980 est
1853 2925 1881 2974 et
1888 2919 1943 2988 pla-

275 3005 381 3042 versum
396 2987 500 3052 habuit,
518 2989 566 3042 sed
583 3005 636 3058 quo
654 2989 761 3044 facilins
779 2987 969 3044 conductorem
984 2989 1086 3042 inveni-
1138 2989 1194 3042 cuit
1209 2987 1246 3052 id,
1264 2989 1336 3058 quod
1353 2989 1404 3042 sub
1416 2987 1522 3042 nomine
1540 2987 1623 3056 ipsius
1640 2987 1726 3042 filiiin
1737 2987 1893 3042 kalendario
1904 3003 1944 3042 re·

275 3063 324 3120 ret,
342 3073 391 3124 per
407 3055 475 3110 duas
492 3063 583 3124 partes
601 3056 719 3122 locabat,
736 3055 775 3112 ita
791 3061 822 3110 ut
838 3071 872 3112 ex
889 3055 1020 3126 qualitate
1033 3055 1087 3110 loci
1136 3061 1280 3120 manserat,
1298 3055 1324 3110 ei
1341 3055 1440 3120 deberi,
1457 3073 1512 3112 non
1529 3055 1667 3118 etiamid,
1690 3055 1761 3124 qnod
1778 3055 1945 3110 exactumin

275 3123 439 3194 superiorem
461 3129 566 3192 partem
589 3125 716 3180 Seianum
733 3125 912 3192 superiorem,
934 3123 1087 3180 inferiorem
1136 3125 1255 3180 rationes
1273 3139 1336 3178 suas
1354 3131 1432 3194 pater
1444 3125 1625 3180 convertisset.
1661 3139 1768 3192 quaero,
1785 3123 1809 3178 si
1822 3123 1858 3190 id,
1877 3123 1944 3192 quod

275 3199 364 3248 autem
391 3199 476 3248 artem
489 3193 615 3248 Seianum
625 3193 780 3248 inferiorem
791 3193 947 3262 appellaret.
977 3207 1086 3262 quaeso,
1136 3193 1269 3262 exegisset
1291 3199 1370 3262 pater
1387 3209 1420 3248 ex
1442 3193 1593 3248 nominibus
1610 3193 1659 3247 filii
1681 3199 1743 3248 aute
1760 3197 1945 3248 testamentum

275 3261 351 3316 ιιιιι
419 3261 469 3316 dus
485 3267 558 3316 totus
577 3263 613 3316 ad
629 3261 722 3316 fratris
738 3261 823 3316 filium
835 3261 981 3332 pertineat.
1015 3261 1086 3316 Pau·
1137 3261 1253 3326 metum,
1275 3261 1372 3316 iterum
1389 3267 1451 3330 post
1473 3267 1663 3316 testamentum
1684 3261 1785 3316 iactum
1806 3261 1836 3316 in
1852 3277 1946 3316 nomeu

275 3331 317 3386 lus
335 3331 486 3398 respondit,
504 3331 528 3386 si
545 3337 660 3388 testator
676 3331 789 3386 fundum
812 3331 938 3386 Seianum
961 3347 1014 3386 uno
1038 3345 1086 3384 no·
1136 3329 1185 3384 filii
1202 3331 1386 3394 convertisset,
1409 3347 1445 3386 an
1462 3329 1597 3386 edilium
1620 3329 1767 3386 secundum
1790 3331 1946 3386 sententiam

275 3399 345 3452 mine
356 3397 509 3454 uuiversum
519 3399 648 3468 possedit,
665 3399 784 3470 quamvis
799 3399 912 3454 eundem
923 3397 1012 3454 divisis
1024 3415 1087 3468 par·
1136 3399 1291 3468 pertineret.
1326 3415 1370 3454 res
1390 3399 1453 3454 ondi
1468 3397 1504 3466 id,
1523 3399 1594 3468 quod
1611 3415 1644 3454 ex
1661 3399 1752 3454 eadem
1771 3415 1853 3454 cause
1869 3415 1945 3454 exac-

217 3471 219 3476 '
274 3467 347 3520 tibus
359 3469 501 3532 locaverat,
514 3467 669 3522 universum
680 3483 741 3522 eum
752 3483 878 3522 excausa
890 3465 1088 3522 fideicommissi
1139 3473 1149 3520 1
1188 3473 1247 3520 tum
1264 3467 1293 3520 in
1310 3483 1361 3522 ean
1379 3483 1421 3522 em
1444 3485 1554 3522 causam
1577 3469 1698 3532 redisset,
1726 3469 1825 3522 deberi.
1867 3469 1901 3520 ‘A
1922 3475 1948 3522 te

274 3535 406 3602 praestari
418 3541 550 3602 oportere,
568 3535 620 3588 nisi
634 3535 658 3588 si
668 3535 755 3600 heres,
773 3535 807 3590 de
818 3551 872 3604 qua
883 3541 961 3604 parte
974 3541 1088 3590 testator
1139 3541 1219 3604 peto,
1244 3535 1308 3600 Titi,
1330 3535 1445 3604 fideique
1462 3543 1525 3592 tuae
1543 3535 1692 3600 committo,
1718 3535 1758 3590 uti
1776 3553 1868 3590 curam
1886 3553 1946 3590 con·

275 3601 396 3664 senserit,
414 3601 550 3658 evidenter
566 3603 728 3670 probaverit.
1139 3601 1227 3658 ‘dendi
1246 3605 1367 3670 corporis
1384 3603 1436 3658 mei
1453 3603 1593 3674 suscipias,
1618 3609 1644 3660 ct
1660 3621 1710 3674 pro
1727 3605 1779 3658 hoe
1796 3609 1837 3660 tot
1854 3619 1947 3658 aureos

310 3665 348 3748 si
366 3669 446 3724 loun
461 3671 529 3724 libro
548 3677 647 3740 quarto
671 3671 773 3728 decimo
790 3685 981 3742 responsorum
1016 3669 1088 3726 Titia
1139 3677 1162 3726 ‘e
1178 3671 1266 3726 medio
1277 3671 1443 3742 praecipito!
1470 3689 1579 3742 quaero,
1598 3689 1640 3736 an,
1659 3673 1682 3728 ιι
1693 3673 1794 3728 Lucius
1805 3673 1892 3728 Titius
1902 3673 1947 3726 nri·

275 3739 335 3792 Sero
359 3745 489 3794 tesseram
511 3737 714 3794 frumentariam
741 3739 892 3808 comparari
917 3739 1001 3794 voluit
1025 3743 1088 3808 post
1137 3757 1189 3794 nus
1224 3755 1288 3794 uam
1305 3739 1397 3794 decem
1420 3755 1517 3796 aureos
1535 3741 1697 3810 erogaverit,
1721 3741 1825 3810 reliqua
1848 3757 1947 3796 summa

275 3805 344 3862 diem
362 3807 526 3874 trigesimum
543 3821 560 3862 a
576 3813 663 3862 morte
680 3809 774 3878 ipsius.
809 3823 917 3874 quaero,
936 3823 996 3862 cum
1010 3807 1087 3862 Seius
1138 3811 1172 3862 he
1223 3807 1425 3876 'busproficiat
1460 3809 1587 3878 respondi
1598 3811 1745 3866 secundum
1758 3825 1791 3864 ea
1808 3825 1877 3880 quae
1907 3827 1947 3864 ro·

274 3877 334 3930 viva
350 3875 487 3930 testatrice
503 3883 634 3930 tesseram
644 3875 846 3930 frumentariam
857 3891 891 3930 ex
903 3891 984 3930 causa
998 3877 1086 3930 lucra·
1139 3883 1171 3930 2,
1189 3883 1355 3958 ponerentur
1384 3877 1512 3932 heredum
1537 3877 1674 3932 commodo
1697 3877 1836 3946 proficere.
1877 3827 1947 3946 duat

274 3943 328 3998 tiva
346 3943 446 4000 habere
464 3943 553 4012 coepit
569 3959 621 3998 nec
658 3945 724 4000 ossit
740 3943 768 3996 ιιι
785 3943 857 4012 quod
881 3943 964 4000 habet
1006 3949 1087 4010 etere,
1138 3947 1252 4000 mento⁸
1269 3945 1347 4000 heres
1361 3945 1508 4012 exstiterat,
1526 3945 1565 4000 ita
1582 3953 1740 4000 testamento
1753 3945 1836 4000 cavit:
1856 3943 1948 4000 ‘Maeui

274 4027 310 4066 an
327 4011 353 4066 ei
369 4011 439 4066 actio
458 4015 602 4080 competet.
636 3961 739 4066 danius
756 4011 897 4078 respondit
912 4011 951 4076 ei,
996 4027 1087 4080 equo
1139 4015 1174 4068 ‘et
1192 4013 1333 4082 Semproni
1349 4011 1565 4080 filiidulcissimi,
1602 4015 1758 4082 raecipitote
1771 4031 1856 4080 omne,
1875 4013 1947 4082 quid·

275 4081 426 4148 quaeritur,
452 4081 567 4148 pretium
589 4087 708 4136 tesserae
729 4079 935 4150 praestandum,
962 4081 1088 4150 quoniam
1139 4081 1212 4150 ‘quid
1229 4097 1264 4136 ex
1280 4080 1428 4136 hereditate
1445 4081 1556 4138 bonisve
1596 4081 1636 4136 itii
1659 4081 1757 4138 domini
1775 4083 1840 4150 mei,
1867 4081 1947 4150 patris

274 4149 329 4204 tale
346 4147 579 4204 fideicommissum
590 4147 674 4216 ιιιιςιι
686 4149 715 4202 in
727 4147 876 4216 quantitate
894 4165 975 4218 quam
987 4149 1016 4204 in
1028 4165 1087 4204 cor·
1139 4149 1230 4206 ‘vestri
1247 4149 1283 4204 ad
1299 4165 1341 4204 me
1349 4149 1470 4218 pervenit
1484 4149 1578 4206 mortis
1592 4149 1650 4204 eius
1661 4155 1788 4218 tempore,
1805 4151 1844 4204 ita
1854 4159 1947 4216 tamen,

277 4223 287 4270 l
325 4233 391 4286 pore
403 4215 534 4272 consistit.
564 4217 668 4272 Usuras
680 4215 878 4270 fideicommissi
890 4223 953 4286 post
965 4217 1089 4286 impletos
1138 4223 1177 4272 ‘ut
1195 4233 1273 4274 omne
1291 4235 1359 4274 onus
1377 4219 1497 4274 eiusdem
1519 4219 1675 4274 hereditatis
1699 4225 1753 4272 tam
1775 4219 1805 4272 in
1822 4217 1947 4288 praeteri·

274 4285 469 4354 annosviginti
504 4285 729 4354 uinquepuellae,
747 4301 780 4340 ex
797 4301 937 4360 quomora
948 4285 1021 4340 iacta
1039 4291 1089 4350 cst,
1139 4291 1204 4340 ‘tum
1222 4303 1303 4354 quam
1319 4287 1348 4340 in
1365 4285 1499 4354 futurum,
1522 4303 1572 4342 nec
1589 4303 1644 4340 nou
1666 4289 1746 4340 etiam
1770 4287 1794 4342 si
1811 4285 1875 4356 quid
1892 4289 1949 4356 post

275 4353 367 4410 deberi
384 4303 519 4422 respondi.
555 4351 675 4422 quamvis
692 4353 763 4408 enim
787 4353 962 4410 constitutum
985 4353 1033 4420 sit,
1060 4359 1091 4408 ut
1139 4359 1261 4410 ‘mortem
1278 4355 1343 4408 Titii
1360 4355 1460 4408 domini
1473 4355 1551 4420 mail,
1570 4355 1758 4422 adgnoscatis'.
1792 4371 1900 4422 quaere,
1918 4367 1949 4408 sn

274 4423 421 4478 minoribus
444 4423 537 4492 viginti
563 4421 681 4492 quinque
710 4421 787 4476 annis
809 4437 910 4476 usurae
938 4421 1090 4478 omnimodo
1139 4423 1245 4492 siquid
1262 4423 1386 4480 solvisset
1400 4429 1465 4504 post
1481 4429 1595 4478 mortem
1611 4423 1708 4490 mariti,
1727 4439 1788 4478 cum
1804 4423 1865 4492 ipso
1880 4423 1949 4478 huc·

274 4495 453 4558 praestentur,
471 4495 562 4544 tamen
579 4505 634 4544 non
650 4505 700 4558 pro
718 4505 794 4544 mora
809 4489 862 4544 hoc
874 4489 1028 4544 habendum
1039 4495 1089 4554 est,
1138 4497 1183 4546 tus
1209 4491 1326 4558 cepisset
1347 4491 1464 4546 ιιιιιιιιιι
1473 4493 1502 4558 ¹⁰,
1535 4491 1571 4544 ad
1596 4507 1665 4546 onus
1682 4507 1774 4546 eorum
1798 4491 1948 4558 pertineret.

275 4557 1089 4694 {nitidisnlitidistrististristis
1138 4557 1811 4694 {illuditmttssittaldtttlt
1826 4559 1949 4682 ttlttt

274 4695 312 4748 ita
330 4693 476 4750 commisit:
503 4691 574 4748 ndu
593 4699 684 4746 autem
699 4699 820 4760 vestrae,
842 4693 914 4748 Vere
936 4699 964 4748 et
981 4693 1088 4762 Sapide,
1140 4699 1155 4750 3
1192 4693 1328 4762 ‘Quisquis
1344 4695 1410 4748 mihi
1421 4695 1500 4750 heres
1511 4667 1756 4760 heredesve'errmt,
1775 4643 1827 4750 hold
1840 4695 1950 4764 amplius

275 4763 433 4826 committo,
451 4777 486 4816 ne
508 4777 570 4816 eum
587 4761 700 4816 fundum
716 4761 837 4816 vendatis
854 4777 969 4830 eumque
992 4761 1038 4830 qni
1055 4777 1089 4816 ex
1141 4763 1251 4816 ‘Lucius
1268 4761 1419 4832 Eutychus,
1437 4777 1518 4830 quam
1536 4761 1608 4828 quod
1625 4777 1686 4816 eum
1703 4761 1828 4816 heredem
1842 4759 1949 4824 institui,

274 4831 359 4886 ‘vobis
384 4831 494 4884 ultimus
521 4829 681 4894 decesserit,
708 4843 769 4882 cum
794 4831 935 4892 morietur,
963 4831 1089 4884 restituat
1140 4833 1163 4884 ‘e
1181 4829 1270 4882 medis
1286 4831 1436 4884 hereditate
1454 4831 1553 4884 sumito
1578 4829 1682 4896 sibique
1705 4831 1803 4884 habeto
1822 4845 1877 4884 une
1894 4841 1950 4884 eum

274 4897 432 4968 ‘Symphoro
466 4897 564 4954 liberto
594 4913 654 4952 meo
685 4901 714 4950 et
742 4897 899 4952 Successori
928 4903 957 4950 et
980 4897 1089 4966 Beryllo
1140 4895 1299 4966 ‘Pamphilu
1323 4913 1402 4966 quem
1424 4897 1539 4952 liberum
1556 4911 1616 4952 esse
1632 4897 1726 4964 iubeo,
1748 4897 1950 4952 instrumentum

274 4973 310 5022 ‘et
328 4965 427 5036 Sapido
435 4967 454 5030 ι,
473 4981 540 5034 quos
557 4965 630 5020 inho
646 4965 796 5032 manumisi,
819 4965 897 5034 quive
914 4981 948 5020 ex
963 4963 1006 5020 his
1024 4971 1089 5020 tunc
1140 4965 1278 5020 ‘tabernae
1295 4963 1432 5032 ferrariae,
1449 4963 1490 5020 ita
1505 4969 1538 5020 ut
1553 4965 1689 5032 negotium
1705 4963 1871 5020 exerceatis'.
1900 4965 1950 5018 Lu·

275 5035 471 5104 ‘superviveut'.
506 5049 621 5104 quaero,
646 5049 708 5088 cum
724 5033 819 5088 necin
836 5033 922 5102 prima
939 5037 1017 5102 parte
1034 5039 1089 5088 tes·
1141 5035 1199 5090 cius
1215 5033 1359 5104 Eutychus
1381 5033 1440 5088 viva
1462 5033 1601 5088 testatrice
1618 5033 1746 5098 decessit,
1769 5047 1833 5102 pars
1851 5029 1950 5086 heredi·

274 5103 398 5168 terrenti,
422 5119 477 5170 qua
498 5101 613 5158 fundum
626 5101 801 5182 praelegerit,
832 5119 879 5158 eos
896 5101 1044 5168 substituit,
1061 5101 1090 5154 in
1139 5101 1205 5156 tatis
1223 5101 1281 5154 eius
1301 5101 1335 5156 ιιι
1353 5101 1512 5156 coheredem
1528 5101 1671 5170 pertinuitr
1697 5115 1805 5168 quaero,
1823 5117 1860 5156 an
1877 5101 1950 5154 Pam·

275 5171 393 5224 secunde
407 5177 501 5228 ,tamen
518 5171 648 5224 adiecerit
663 5169 775 5224 verbum
798 5169 852 5238 ‘qui
869 5169 978 5224 ultimus
996 5167 1089 5224 decos·
1140 5169 1231 5238 philus
1249 5167 1343 5224 eodem
1359 5173 1520 5224 testamento
1546 5167 1726 5224 manumissus
1748 5167 1951 5236 adpetitionem

275 5239 365 5302 ἰιιιι’,
382 5253 418 5294 an
434 5253 498 5308 pars
517 5239 597 5292 unius
615 5235 736 5292 defuncti
752 5235 919 5292 adulterum
935 5235 1089 5304 pertineret.
1140 5237 1226 5304 partis
1244 5237 1415 5290 instrumenti
1438 5235 1543 5290 admitti
1564 5235 1664 5304 possit,
1691 5235 1754 5290 licet
1775 5239 1902 5300 taberna,
1925 5235 1951 5286 ut

273 5305 375 5360 Paulus
397 5305 537 5374 respondit
558 5305 725 5360 testatricem
746 5305 831 5358 videri
851 5305 880 5358 in
904 5321 937 5360 eo
954 5303 1090 5358 fideicom-
1139 5305 1225 5360 voluit
1236 5305 1370 5368 tentatrix,
1382 5305 1501 5358 exerceri
1518 5321 1572 5356 non
1583 5305 1677 5372 possit.
1706 5305 1833 5372 respondi
1843 5299 1950 5358 admitti.

274 5371 364 5436 ιιιιιιο,
383 5373 417 5428 de
433 5389 486 5444 quo
503 5373 657 5442 quaeritur,
684 5371 752 5428 duos
775 5373 873 5440 medus
892 5371 1090 5428 substitutionis
1141 5377 1157 5426 4
1192 5371 1353 5440 Sempronia
1375 5371 1522 5428 substituta
1544 5371 1637 5426 heredi
1658 5371 1782 5426 instituto
1805 5371 1894 5440 legata
1910 5385 1950 5424 ec·

274 5439 384 5504 iecisse,
409 5457 491 5494 unum
508 5447 540 5496 ut
556 5441 589 5506 is,
613 5443 661 5510 qui
677 5455 711 5494 ex
729 5439 834 5494 duobus
859 5439 935 5508 prior
951 5439 1089 5506 morietur,
1142 5439 1227 5508 cepit,
1254 5439 1375 5494 siberes
1391 5455 1447 5494 non
1469 5443 1555 5494 esset:
1581 5439 1665 5494 movit
1687 5445 1782 5494 contra
1804 5439 1951 5494 institutum

275 5507 353 5562 alteri
369 5509 531 5576 restitueret,
548 5509 666 5564 alterum
681 5515 713 5562 ut
729 5509 888 5562 novissimus
905 5509 948 5562 bis
965 5507 1089 5562 restitue-
1142 5507 1284 5574 audonem,
1308 5509 1381 5576 quod
1398 5507 1459 5562 dolo
1477 5507 1535 5562 eins
1553 5507 1656 5562 iactum
1679 5523 1738 5564 essa
1760 5507 1881 5576 dicebat,
1904 5519 1953 5578 quo

1153 1843 1198 1880 um
1215 1827 1378 1882 voluntatem
1395 1825 1480 1894 patris
1497 1843 1530 1882 ex
1547 1825 1734 1882 donationibus
1756 1825 1939 1882 fideicommis-

418 2581 480 2632 eant
501 2575 644 2646 pertinere.
686 2575 787 2632 Paulus
809 2575 953 2644 respondi³
978 2575 1086 2632 nomina
1171 2573 1212 2636 88
1230 2575 1389 2636 Scanvote
1409 2577 1477 2632 libro
1503 2579 1581 2632 tortio
1613 2593 1801 2646 resporuornm
1844 2575 1943 2632 Lucius

276 5683 306 5744 (ι)
325 5677 392 5728 idem
401 5677 442 5728 ΙΝ
494 5681 527 5740 (a)
546 5677 935 5744 nemeteetera1praetereascr.
988 5683 1019 5744 tt)
1037 5695 1089 5730 res·
1142 5683 1177 5742 (sl
1196 5681 1330 5744 requiritur
1337 5683 1412 5746 fera.-
1426 5679 1454 5728 ιιι
1463 5677 1578 5730 futurum
1588 5679 1665 5730 etiam
1675 5679 1697 5730 si
1707 5681 1769 5746 quid
1778 5679 1889 5746 imposui
1898 5679 1951 5746 pot

277 5747 421 5812 ponditscr.
524 5749 556 5808 (tl
575 5755 601 5796 et
610 5749 706 5814 Sapido
716 5749 762 5800 del.
866 5753 898 5814 (ι)
917 5747 1024 5799 Claudio
1033 5749 1089 5800 dett
1141 5755 1249 5798 mortem
1257 5747 1322 5798 'litii
1331 5747 1429 5798 domini
1439 5749 1488 5798 mei
1565 5749 1611 5812 (le
1631 5749 1739 5814 cepisset
1747 5749 1902 5800 vendidisset
1910 5763 1954 5800 scr.

278 5817 311 5880 (t)
329 5813 444 5866 midiaF
528 5815 561 5878 (l)
581 5815 825 5880 sedsi]itaetsiscr.
919 5819 952 5882 (8)
970 5815 1098 5868 meritoF
