4366 6258
263 367 303 418 ΑΝ
324 367 389 412 PER
409 367 514 414 selem
536 367 662 414 CAUSAE
684 367 863 418 APPELLAT.

602 523 717 594 v11111.¹
782 533 783 536 ’

292 637 338 690 AN
364 635 432 684 PER
456 633 566 684 ALIUM
588 631 717 684 OAUSAE
740 635 1030 688 APPELLATIONUM

516 699 625 750 REDDI
646 701 801 750 POSSUNT.

295 805 308 860 1
337 797 570 856 insinuantium
595 805 691 868 quarto
716 797 927 868 appellationum
966 799 1064 868 Quaeri

259 873 337 936 solet,
360 883 395 922 au
418 881 467 936 per
489 865 570 920 alium
592 881 689 920 causae
706 865 891 934 appellationis
908 867 983 922 reddi
999 883 1062 934 pos·

260 945 333 998 snut:
358 949 426 1006 quae
442 949 486 990 res
503 933 531 988 in
548 935 627 988 rebus
643 933 802 1002 pecuniariis
820 935 890 988 etin
908 935 1062 990 caninibus

259 1003 353 1078 agitari
378 1003 523 1058 consuerit.
559 1007 585 1058 et
605 1001 633 1056 in
653 1003 734 1056 rebus
755 1001 915 1080 pecuniariis
938 1007 1001 1054 sunt
1019 1017 1062 1056 re-

260 1069 553 1198 tristarent-
575 1071 666 1192 leril
685 1069 810 1194 itini?
823 1069 1061 1192 ttritbbt‘

260 1161 346 1274 ‘diua
365 1211 395 1260 ut
407 1207 468 1260 eum
481 1205 513 1260 de
527 1153 714 1276 fflplpellatioue
734 1155 812 1272 qusniam
829 1153 867 1258 111)
890 1205 915 1258 'a
932 1204 985 1282 ad·3
1002 1221 1062 1258 eum

260 1277 343 1340 iecit,
368 1273 536 1340 defenderes,
561 1279 588 1328 et
608 1289 651 1328 res
672 1273 827 1342 pecuniaria
844 1275 897 1326 est:
920 1271 986 1344 mbrl
1001 1287 1063 1342 prc-

259 1345 340 1398 ‘bibet
356 1343 462 1396 nomine
479 1341 537 1396 eius
554 1345 580 1396 te
596 1341 765 1412 respondere.
792 1341 834 1396 siu
851 1345 940 1396 autem
956 1355 1011 1394 uon
1028 1341 1063 1396 sit

259 1411 420 1480 ‘pecuniaria
441 1423 538 1474 causa,
562 1409 609 1464 sed
632 1409 766 1478 capitalis,
789 1423 839 1478 per
862 1413 1063 1478 procuratorem

258 1479 310 1546 ‘agi
326 1493 380 1532 uon
396 1477 467 1532 licet.
502 1477 550 1532 sed
567 1483 594 1532 et
611 1477 634 1532 si
651 1491 683 1532 ea
701 1493 783 1532 causa
799 1477 848 1544 sit,
866 1493 899 1532 ex
917 1493 970 1546 qua
987 1477 1064 1546 sequi

260 1549 336 1602 ‘solet
351 1561 440 1614 poena
456 1561 541 1614 usque
558 1545 594 1600 ad
609 1545 803 1614 relegationem,
821 1561 876 1600 non
893 1549 999 1614 opomet
1015 1561 1063 1614 per

260 1615 348 1668 ‘adum
366 1629 462 1668 causas
479 1613 531 1682 agi,
550 1613 597 1668 sed
609 1615 697 1684 ipsum
712 1615 805 1670 adesse
819 1613 951 1670 auditmio
966 1613 1063 1668 debere

253 1681 401 1736 ·‘scieudum
425 1681 482 1736 est'.
521 1681 600 1750 plane
622 1681 645 1738 si
668 1681 823 1750 pecuniaria
845 1699 927 1738 causa
950 1687 1003 1750 est,
1030 1699 1063 1738 ex

258 1765 310 1816 qua
326 1749 471 1816 mominis
488 1751 620 1818 sequitur,
643 1755 733 1818 potest
754 1755 781 1804 et
796 1767 846 1820 per
861 1755 1063 1820 procuratorem

257 1819 308 1870 hoc
324 1815 375 1884 agi.
410 1817 490 1884 idque
513 1817 564 1870 erit
584 1817 753 1888 probandum
776 1819 852 1872 etin
874 1817 933 1886 ipso
950 1833 1062 1870 aecusa-

257 1889 322 1948 tore,
341 1885 365 1938 si
381 1885 555 1954 appellaverit
570 1885 612 1940 vel
629 1885 652 1940 si
669 1885 795 1940 adversus
814 1901 875 1940 eum
892 1885 927 1940 sit
944 1885 1062 1964 appella-

257 1957 321 2004 tum.
356 1957 384 2006 et
404 1953 564 2020 generaliter
587 1969 655 2020 quae
678 1969 760 2008 causa
780 1969 830 2022 per
849 1951 930 2008 alium
949 1969 993 2020 agr
1009 1969 1064 2008 nou

257 2023 353 2086 potest,
371 2019 429 2074 eius
445 2035 496 2074 nec
513 2021 717 2092 appeliationem
733 2035 782 2090 per
796 2019 877 2080 alium
891 2019 935 2090 agi
948 2025 1062 2088 oportet.

291 2083 309 2142 2
333 2087 440 2142 Macae
468 2089 537 2144 libro
564 2089 681 2144 somnae
708 2089 741 2142 ale
767 2089 995 2168 appellationibus
1034 2089 1064 2142 Si

275 2161 416 2274 pgeqratop
430 2155 549 2236 pbsentis
563 2155 744 2236 appellaverit,
762 2155 858 2276 gemdg
870 2155 1062 2276 {ationesdred

257 2305 288 2342 eo
302 2223 451 2346 111111111111
445 2239 572 2344 goffia
584 2237 824 2368 11ιῗςθτὲἒῗοοι11ᾱένῗ
835 2227 927 2360 plisni}
942 2239 1063 2360 exsgmpalp

257 2357 444 2424 adolescents,
467 2359 615 2412 videamus:
633 2371 717 2426 magis
736 2363 824 2410 tamen
842 2359 1011 2424 observatur,
1032 2363 1064 2412 ut

257 2425 341 2478 audiri
370 2425 467 2482 debeat
492 2425 522 2480 in
548 2425 636 2480 causis
659 2425 846 2494 appellationis
866 2425 1008 2482 reddendis
1030 2425 1062 2494 is,

257 2493 330 2546 cuitus
349 2493 468 2548 absentis
485 2497 642 2562 procurator
659 2493 812 2562 appellarit.

632 2699 687 2760 X‘.

289 2797 320 2848 SI
338 2797 449 2848 Tusce
471 2797 540 2848 VEL
559 2797 714 2850 dunanda
730 2797 1029 2850 Msersrunresva⁶

441 2865 593 2916 GREATUS
610 2865 878 2918 APPELLAVERIT.

292 2961 305 3018 1
332 2963 477 3018 Uarianos
503 2965 570 3020 libro
597 2965 675 3018 tertio
701 2965 734 3016 de
759 2965 853 3034 officio
876 2965 994 3020 loomin
1034 2965 1063 3020 si

256 3031 300 3100 qui
322 3031 356 3084 ad
379 3047 489 3086 munera
511 3031 620 3100 publica
641 3031 771 3086 nominati
797 3031 987 3100 appellaverint
1013 3047 1062 3086 nec

255 3113 351 3154 causas
374 3099 558 3166 probaverint,
582 3099 667 3154 soient
689 3097 723 3152 ad
742 3099 889 3166 perieulum
907 3115 984 3154 suum
1001 3115 1063 3166 per·

255 3167 353 3230 tinere,
382 3167 406 3228 si
428 3167 493 3234 quid
514 3165 603 3220 damni
623 3181 672 3234 per
691 3181 792 3220 moram
816 3167 1000 3236 appellationis
1023 3167 1063 3220 rei

254 3233 378 3302 publicae
395 3233 531 3288 aeddarit.
558 3235 629 3302 quod
643 3235 666 3288 si
680 3235 837 3302 apparuerit
850 3249 894 3290 eos
909 3235 1061 3288 necessario

255 3317 424 3370 provocasse,
438 3301 483 3354 eui
495 3301 700 3356 adscribendum
715 3301 750 3354 sit
762 3301 791 3358 id
805 3301 937 3366 damnum,
952 3317 1061 3370 praeses

256 3371 296 3424 rel
311 3369 437 3438 princeps
455 3367 614 3424 aestbuabit.

290 3433 583 3494 tarantasmum
602 3435 669 3492 libro
687 3437 780 3506 quinto
799 3437 867 3490 iteris
884 3439 1062 3508 epitameron

257 3505 341 3560 Tutor
356 3504 399 3560 rel
417 3509 525 3566 amator
542 3505 678 3558 retenturi
701 3505 724 3558 si
747 3505 931 3572 provocaverit
953 3511 980 3558 et
1000 3509 1062 3560 ante

257 3587 365 3628 cauam
391 3577 481 3628 actam
507 3571 650 3638 moriatur,
678 3577 789 3640 propter
812 3571 961 3640 periculum
983 3571 1062 3626 medii

256 3641 381 3710 temperis
404 3655 573 3694 successores
596 3639 651 3694 eius
680 3653 775 3694 causas
803 3639 989 3710 appellationis
1015 3655 1061 3694 ne-

256 3725 329 3764 cesse
345 3709 447 3764 habent
462 3707 580 3762 reddere.

623 3913 693 3976 XF.

288 4013 362 4064 EUM
387 4013 447 4072 QUI
472 4013 736 4132 APPELffiffilQIJTI
760 4011 798 4062 IN
824 4011 1029 4064 ΡΙὶΟῊΝῧΙΑΒ

290 4179 303 4260 l
327 4179 473 4260 Uurraaps
487 4179 555 4236 libro
571 4187 668 4252 quarto
683 4181 717 4234 de
730 4177 964 4262 appellationibps'¹
980 4177 1060 4262 Eurp,

254 4265 299 4328 qm
317 4247 481 4328 appellant&
496 4253 618 4328 opnrtere
633 4249 663 4304 in
680 4261 816 4330 proymcra
833 4245 939 4302 defendi
955 4263 984 4330 m
1001 4247 1061 4302 abrs

254 4333 309 4438 tit
323 4315 1060 4452 tttt‘sittttsubministretis

288 4447 306 4508 2
330 4451 507 4506 Macerinus
534 4453 602 4506 libro
627 4453 746 4508 seeundo
773 4453 807 4506 de
835 4451 1062 4522 appellationibus

254 4517 312 4574 Hoc
333 4519 404 4572 enim
425 4519 478 4576 illis
500 4523 669 4588 praestatur,
699 4535 734 4574 ne
758 4535 867 4574 necmse
893 4519 1010 4576 habeant
1031 4533 1061 4574 se

254 4585 403 4654 defendere,
422 4587 468 4656 qui
485 4587 525 4642 rei
541 4587 664 4656 publicae
683 4601 766 4642 eausa
783 4587 890 4642 absunt.

614 4791 698 4852 ΧΙΡ,

286 4891 375 4942 mnu
392 4891 477 4956 nou,
497 4891 521 4942 n
542 4891 609 4948 eoo
631 4891 896 4956 menomenas,
917 4893 1028 4942 annun

367 4957 503 5010 crustu
519 4959 635 5010 ranan
653 4959 945 5012 courmennnnn.

288 5055 302 5114 1
328 5057 473 5112 Uestinus
497 5057 564 5112 libro
588 5063 686 5126 quarto
709 5059 742 5110 de
764 5059 992 5140 appellationibus
1031 5059 1060 5114 Si

254 5125 310 5188 uuis
328 5141 362 5178 ex
378 5125 430 5180 aba
447 5139 531 5178 causa
548 5125 720 5192 appellaverit
741 5125 875 5194 studim,
899 5141 935 5180 an
956 5125 984 5180 iu
1006 5127 1060 5182 alia

253 5205 334 5246 causa
350 5193 464 5248 eundern
479 5191 595 5246 iudicem
608 5193 708 5248 habere
722 5207 833 5248 necesse
846 5195 951 5260 babeat,
969 5195 1059 5252 adea·

252 5273 317 5314 mus.
353 5265 381 5316 et
403 5261 483 5314 bodie
503 5259 555 5314 boc
578 5259 636 5316 iure
656 5263 768 5326 utimur,
792 5267 820 5316 et
830 5263 858 5330 ¹¹,
881 5263 988 5316 tametsi
1010 5279 1059 5332 ap·

252 5327 359 5392 pellatia
376 5329 535 5398 interposita
552 5329 594 5396 sit,
612 5335 702 5384 maren
719 5329 790 5398 apud
808 5329 921 5386 eundem
935 5329 1057 5398 iudicem,

715 5443 809 5452 -υ--η-

1024 323 1025 326 ‘
1058 349 1119 420 aar

933 447 1233 458 ——ffl

1310 353 1529 422 xxxxvfflr
1550 355 1578 414 9.
1601 357 1783 422 10.11.12.
1805 362 1852 424 13.
1876 369 1913 424 tt

1113 553 1202 608 aquo
1224 537 1283 604 qus
1305 535 1470 606 provocavit,
1496 531 1667 602 compelletur
1688 533 1755 586 alias
1778 549 1874 592 causas
1892 539 1915 590 si

1113 621 1179 672 quas
1196 605 1276 658 babet
1293 619 1385 686 agere:
1409 619 1459 658 nac
1481 607 1571 656 utetur
1592 601 1815 678 hasprensem,
1839 603 1915 670 quasi

1112 673 1149 724 ad
1164 671 1292 726 offensum
1308 673 1423 726 radicem
1439 685 1494 724 uun
1507 668 1603 724 debeat
1617 667 1738 736 experta,
1757 683 1818 722 curn
1830 669 1916 736 possit

1114 739 1198 792 denuo
1215 753 1371 806 provocare.

1454 941 1528 1002 XIII
1537 939 1566 1000 ¹².

1130 1037 1161 1086 st
1184 1039 1369 1090 Pausania
1390 1039 1651 1158 ffgffirffioss
1672 1039 1761 1092 MORS
1783 1035 1898 1088 INTER·

1150 1199 1163 1256 1
1183 1201 1288 1256 Macen
1311 1203 1378 1258 libro
1399 1205 1516 1258 secando
1539 1205 1572 1258 cle
1594 1203 1821 1276 appellationibus
1860 1203 1915 1270 Ap-

1114 1267 1241 1336 pellatore
1266 1269 1404 1336 defuncto,
1433 1273 1456 1324 si
1478 1271 1583 1352 quidem
1606 1273 1664 1326 sine
1685 1271 1796 1336 herede,
1828 1271 1916 1326 cuius·

1115 1351 1227 1456 eumque
1246 1339 1348 1404 generis
1370 1339 1513 1408 appellabo
1535 1339 1600 1406 fuit,
1625 1341 1764 1394 evanescit.
1799 1339 1871 1408 quod
1894 1339 1917 1392 si

1114 1419 1182 1474 appe
1193 1403 1272 1458 latori
1289 1405 1366 1460 heres
1383 1407 1506 1472 audierit,
1528 1407 1551 1460 si
1568 1407 1673 1474 quidem
1689 1407 1788 1462 nullius
1806 1407 1917 1462 alterius

1113 1473 1224 1528 interest
1241 1487 1336 1526 causas
1353 1473 1538 1542 appellationis
1552 1475 1636 1540 reddi,
1655 1477 1788 1544 cogendus
1805 1491 1860 1528 non
1877 1479 1917 1528 est

1114 1555 1240 1610 peragere
1262 1539 1477 1608 appellationem:
1507 1543 1530 1596 si
1556 1559 1617 1598 vero
1643 1543 1703 1598 fisci
1728 1543 1770 1598 vel
1797 1543 1916 1606 alterius,

1115 1615 1208 1664 eontra
1225 1621 1301 1690 quem
1319 1609 1482 1730 appellatum
1499 1615 1554 1676 est,
1575 1611 1698 1676 interest,
1720 1609 1797 1666 heres
1822 1625 1917 1666 causas

1114 1675 1298 1748 appellationis
1321 1675 1431 1730 redere
1453 1693 1562 1732 neeesse
1584 1679 1673 1732 babet.
1707 1681 1805 1732 nullius
1829 1685 1918 1732 autem

1114 1747 1236 1810 interest,
1259 1743 1341 1798 veluti
1364 1759 1425 1798 cum
1445 1745 1502 1798 sine
1520 1745 1686 1814 ademptione
1703 1747 1833 1800 bonorum
1851 1747 1917 1800 rele-

1113 1817 1191 1882 gatus
1207 1817 1257 1868 est.
1292 1825 1352 1864 nam
1378 1811 1401 1864 si
1423 1811 1551 1880 ademptis
1574 1813 1650 1866 bonis
1673 1813 1806 1882 relegatus
1828 1813 1870 1866 vel
1891 1813 1917 1866 in

1113 1881 1226 1934 insulam
1250 1879 1404 1948 deportatus
1427 1879 1468 1934 vel
1490 1879 1518 1934 iu
1538 1879 1674 1934 metallum
1691 1881 1770 1934 datus
1787 1897 1917 1948 proveca-

1113 1949 1185 2002 tione
1199 1947 1356 2016 interposita
1370 1947 1522 2012 decesserit,
1539 1947 1683 2016 imperator
1697 1955 1788 2002 noster
1802 1949 1917 2002 Alexan-

1114 2016 1161 2070 der
1173 2015 1306 2070 Plaetorio
1324 2013 1400 2068 militi
1416 2017 1454 2068 ita
1470 2015 1620 2082 rescripsit:
1639 2015 1772 2082 ‘Quamvis
1787 2017 1919 2082 pendente

1115 2083 1300 2154 ‘appellatione
1320 2087 1406 2138 morte
1428 2083 1468 2136 rei
1491 2083 1590 2136 crimen
1612 2085 1757 2138 extinctum
1779 2083 1828 2148 sit,
1856 2083 1920 2138 data

1115 2155 1212 2206 ‘tamen
1235 2151 1315 2206 etiam
1337 2151 1371 2206 de
1391 2155 1469 2220 parte
1485 2151 1617 2206 bonorum
1634 2149 1689 2204 eius
1708 2151 1839 2204 sententia
1856 2167 1917 2218 pro-

1115 2221 1244 2290 ponitur,
1266 2221 1393 2274 adversus
1415 2233 1494 2286 quam
1517 2233 1571 2272 non
1594 2217 1672 2270 aliter
1694 2217 1729 2280 is,
1752 2217 1797 2284 qui
1819 2218 1917 2270 emolu-

1115 2291 1239 2342 ‘mentum
1262 2287 1437 2342 successionis
1460 2285 1553 2350 habet,
1579 2283 1698 2352 optinere
1715 2287 1816 2352 potest,
1840 2301 1918 2352 quam

1114 2357 1146 2410 ‘si
1163 2355 1191 2410 iu
1206 2355 1347 2410 reddendis
1366 2355 1452 2410 causis
1471 2351 1657 2424 appellationis
1673 2351 1840 2430 iniquitaten
1859 2367 1918 2406 sen·

1117 2429 1127 2476 1
1165 2423 1272 2478 ‘rendae
1290 2425 1435 2480 detexerit.
1470 2423 1556 2476 Tutor
1577 2439 1683 2492 quoque
1700 2419 1728 2476 in
1745 2425 1849 2486 negobo
1889 2437 1919 2474 u·

1113 2491 1171 2562 pilli
1193 2491 1370 2562 appellatione
1393 2491 1549 2560 interposita
1571 2491 1596 2546 si
1616 2491 1772 2558 decesserit,
1791 2437 1919 2568 ‘heredita

1114 2561 1170 2614 eius
1188 2575 1283 2616 causas
1301 2561 1486 2630 appellationis
1501 2559 1612 2616 reddere
1625 2575 1734 2614 neeesse
1748 2565 1796 2624 ost,
1814 2561 1918 2616 etiamsi

1113 2629 1229 2682 rationes
1247 2629 1347 2684 tutelae
1364 2627 1441 2682 heres
1459 2625 1611 2694 reddiderit,
1629 2629 1690 2696 quia
1708 2627 1809 2682 sufficit
1826 2629 1919 2684 mortis

1113 2701 1230 2764 tempora
1248 2695 1283 2750 ad
1301 2711 1395 2750 causas
1409 2695 1595 2764 appellationis
1610 2695 1758 2750 reddendas
1774 2695 1919 2766 obligatum

1112 2763 1204 2818 fuisse.
1239 2765 1287 2818 sed
1309 2763 1361 2818 divi
1379 2765 1490 2818 Severus
1508 2767 1534 2818 et
1550 2765 1702 2818 Antoninus
1724 2763 1919 2832 rescripserunt

1113 2847 1167 2884 non
1185 2833 1331 2900 cogendum
1346 2833 1464 2886 tutorem
1480 2835 1542 2902 post
1557 2831 1673 2888 rabones
1690 2831 1807 2886 redditas
1823 2847 1919 2886 causas

1114 2899 1320 2968 appellationum
1337 2899 1456 2956 reddere.

1451 3103 1539 3164 XIIII
1547 3103 1575 3166 ²³.

1384 3203 1431 3266 un
1449 3203 1530 3252 rana
1548 3203 1644 3254 sisci.

1151 3299 1164 3356 1
1188 3299 1400 3354 Onorrsrntros
1415 3299 1482 3354 libro
1497 3301 1587 3370 primo
1605 3301 1639 3354 de
1655 3301 1714 3356 iare
1728 3301 1791 3370 fisci
1820 3301 1919 3356 Variae
1971 3367 1972 3370 Ἴ

1112 3381 1210 3422 causae
1223 3373 1293 3434 sunt,
1309 3383 1342 3422 ex
1358 3367 1453 3436 quibus
1469 3367 1599 3422 nuntiatio
1614 3367 1648 3422 ad
1661 3367 1756 3424 fiscum
1769 3367 1827 3424 fieri
1841 3369 1917 3424 solet.

1112 3441 1161 3490 aut
1178 3435 1245 3490 enirn
1262 3451 1291 3490 se
1310 3435 1377 3504 quis,
1394 3435 1466 3504 qued
1482 3435 1562 3490 tacite
1575 3435 1695 3490 relictum
1711 3443 1758 3502 est,
1776 3435 1918 3506 profitetur

1112 3503 1527 3638 pgpplpleodnplporpoasgehgpelfflabpm
1532 3503 1597 3626 111111
1607 3509 1770 3626 effigiamus·
1784 3505 1918 3640 svlveefleiptrlrldd

1112 3637 1234 3706 indignus
1262 3637 1320 3706 quis
1346 3637 1424 3692 heres
1446 3637 1596 3694 uunmtur:
1625 3639 1667 3694 rel
1696 3639 1767 3708 quod
1793 3641 1917 3706 princeps

1112 3705 1188 3760 heres
1215 3705 1353 3760 institutus
1381 3709 1408 3760 et
1430 3711 1617 3760 testamentum
1638 3707 1692 3760 sive
1715 3707 1829 3760 codicilli
1853 3709 1916 3760 snb·

1112 3775 1182 3844 reptr'
1205 3787 1263 3828 esse
1285 3773 1453 3826 nuntiantur:
1477 3775 1519 3828 vel
1540 3775 1611 3854 qued
1631 3773 1736 3828 dicatur
1759 3775 1816 3844 quis
1840 3775 1916 3828 then-

1112 3857 1220 3896 saurum
1237 3841 1383 3894 iuvenisse:
1406 3841 1448 3894 vel
1469 3857 1557 3910 magur
1579 3841 1658 3910 pretii
1678 3857 1735 3896 rem
1756 3841 1866 3894 minoris
1884 3855 1917 3894 ex

1111 3907 1177 3962 fisco
1196 3923 1377 3976 comparasse:
1401 3907 1443 3962 vel
1464 3909 1689 3976 praevaricatione
1706 3907 1801 3962 fiscum
1817 3907 1917 3962 rictum

1112 3991 1182 4030 esse:
1201 3975 1242 4028 vel
1253 3991 1313 4030 euru
1323 3973 1477 4040 decessisse,
1490 3975 1536 4042 qni
1547 3975 1576 4028 iu
1589 3973 1698 4044 capitali
1712 3975 1820 4030 crimine
1831 3979 1915 4030 esset:

1112 4043 1153 4096 vel
1170 4043 1248 4096 etiam
1265 4047 1327 4110 post
1347 4045 1460 4096 mortem
1481 4043 1595 4112 aliquem
1615 4057 1689 4096 reum
1710 4057 1782 4096 esse:
1806 4043 1848 4096 vel
1871 4042 1916 4096 do-

1112 4125 1182 4164 mum
1199 4109 1363 4164 destructam
1380 4125 1452 4164 esse:
1470 4111 1511 4164 rel
1528 4111 1562 4164 ab
1580 4109 1751 4164 accusatione
1766 4123 1916 4164 recessum:

1111 4177 1154 4234 rel
1174 4193 1229 4232 rem
1251 4177 1392 4246 litigiosam
1413 4177 1581 4232 venumdari:
1605 4177 1646 4230 vel
1667 4191 1782 4246 poenam
1798 4175 1864 4232 fiseo
1883 4193 1917 4232 ex

1112 4247 1253 4300 contractu
1269 4247 1373 4316 privato
1391 4245 1495 4300 deberi:
1512 4247 1554 4300 vel
1568 4245 1694 4300 adsersus
1708 4245 1779 4312 loges
1795 4245 1917 4300 commis·

1114 4319 1125 4366 1
1162 4329 1220 4366 sum
1237 4313 1337 4368 iactum
1355 4327 1420 4368 esse.
1457 4313 1501 4366 Au
1517 4315 1600 4380 bona,
1624 4327 1693 4382 quae
1715 4313 1840 4368 solvendo
1862 4327 1917 4366 non

1112 4381 1177 4444 sint,
1201 4381 1260 4450 ipso
1277 4381 1334 4436 iure
1352 4381 1386 4436 ad
1403 4381 1497 4436 fiscum
1513 4381 1677 4450 pertineant,
1700 4379 1848 4447 quaesitum
1866 4383 1915 4434 est.

1111 4449 1203 4504 Labeo
1220 4447 1314 4504 scribit
1330 4449 1410 4502 etiam
1427 4465 1467 4516 ea,
1486 4463 1554 4516 quae
1569 4447 1694 4504 solvendo
1709 4463 1763 4500 non
1778 4447 1838 4514 sint,
1856 4447 1915 4516 ipso

1110 4517 1169 4572 iure
1186 4517 1220 4570 ad
1236 4515 1331 4570 fiscum
1347 4517 1488 4584 pertinere.
1514 4515 1562 4570 sed
1579 4519 1672 4570 conus
1688 4515 1845 4570 sarmatiam
1859 4517 1916 4570 eius

1112 4585 1227 4638 edietum
1244 4589 1403 4654 perpetuum
1419 4583 1548 4654 seriptum
1565 4589 1619 4648 est,
1641 4583 1712 4650 quod
1728 4583 1767 4636 ita
1783 4583 1854 4638 bona
1871 4597 1915 4636 re·

1112 4657 1126 4706 2
1161 4657 1252 4716 neunt,
1269 4651 1293 4706 si
1310 4667 1342 4706 ex
1358 4651 1400 4706 bis
1418 4651 1484 4706 fisco
1502 4651 1606 4720 adquiri
1622 4651 1688 4702 nihil
1704 4651 1797 4718 possit.
1831 4649 1915 4706 Dima

1110 4719 1176 4774 Pius
1198 4719 1287 4774 Goebo
1304 4721 1452 4774 Amaramo
1475 4719 1513 4772 ita
1535 4717 1673 4788 rescripsit
1694 4717 1845 4772 vacantium
1867 4717 1915 4774 bo·

1111 4803 1205 4842 norum
1226 4787 1419 4840 nuntiationem
1439 4785 1610 4854 quadriennio
1628 4785 1698 4840 finiri
1715 4785 1794 4854 idque
1810 4791 1915 4856 tempus

1112 4871 1144 4910 ex
1162 4855 1211 4920 dis,
1230 4869 1282 4924 que
1301 4859 1403 4910 certum
1420 4869 1479 4910 esse
1493 4855 1581 4922 coepit
1594 4867 1679 4922 neque
1691 4853 1815 4934 heredem
1829 4871 1915 4926 neque

1111 4925 1242 4978 bonorum
1264 4937 1445 4990 possessorem
1467 4927 1584 4988 exstare,
1613 4927 1762 4990 computem
1784 4929 1914 4992 oportere

1112 4995 1127 5044 3
1162 4991 1338 5060 Praescriptio
1361 4995 1449 5044 autern
1472 4991 1562 5058 vigiuti
1578 5005 1722 5056 annorum,
1745 5005 1814 5058 quae
1836 4991 1915 5046 etiam

1112 5059 1183 5112 circa
1203 5057 1422 5140 requirendorum
1446 5057 1633 5112 aeneatorum
1654 5059 1727 5114 bona
1750 5059 1915 5126 observatur,

1110 5141 1144 5180 ex
1168 5129 1356 5182 comatuuone
1379 5125 1431 5180 divi
1447 5125 1503 5180 Titi
1524 5125 1593 5180 solet
1614 5141 1647 5180 ex
1664 5141 1696 5182 eo
1714 5129 1860 5194 numerari,
1882 5143 1915 5182 ex

1111 5199 1126 5248 4
1161 5211 1213 5264 quo
1244 5193 1306 5262 quid
1334 5193 1371 5248 ad
1397 5193 1493 5248 fiscum
1517 5193 1651 5264 pertinere
1674 5195 1770 5266 potnit.
1811 5195 1916 5250 Causae

1109 5267 1211 5328 summ,
1235 5277 1303 5332 qnae
1325 5263 1415 5318 statim
1436 5267 1524 5318 motae
1544 5267 1607 5318 sunt
1624 5265 1652 5318 et
1667 5269 1770 5320 nactae
1787 5263 1859 5318 rdtra
1875 5263 1915 5318 vi·

1110 5331 1254 5386 censimum
1270 5347 1383 5398 annum,
1406 5329 1506 5386 diferri
1522 5335 1635 5400 possunt
1652 5333 1730 5386 etiam
1747 5337 1809 5402 post
1826 5333 1914 5386 acen·

281 5497 312 5566 (ι)
329 5499 390 5552 Sat.
400 5527 434 5536 —
444 5501 508 5554 Bm.
519 5503 543 5566 9,
552 5513 571 5566 r,
580 5513 615 5566 a,
624 5511 651 5554 ts
721 5501 753 5564 (a)
770 5501 813 5566 agi
828 5503 875 5554 det
891 5509 935 5552 aar
947 5503 993 5554 tna
1007 5515 1054 5568 per
1103 5503 1215 5554 aiunl?

246 5561 323 5616 alium
391 5571 423 5632 (3)
440 5569 613 5620 adrersnsser.

278 5635 310 5696 (t)
328 5635 411 5694 Edit
429 5635 795 5702 Papa-Beanaraeo
881 5637 913 5702 (a)
931 5641 1057 5690 veona

247 5697 277 5760 [tt
295 5701 457 5752 debeatuslt7²
538 5753 539 5756 ,

1137 5575 1172 5638 (st
1187 5571 1356 5624 Soa-Bae.
1364 5575 1388 5638 9,
1396 5583 1448 5638 aaa
1490 5575 1533 5640 (re)
1546 5571 1735 5638 emmeram
1774 5573 1816 5634 tn]
1830 5571 1909 5622 utF²

1136 5641 1180 5704 (rat
1198 5639 1303 5692 Sat-
1316 5641 1380 5692 Boe.
1390 5643 1442 5708 9,1,
1451 5653 1485 5694 ar.
1494 5669 1529 5680 -
1540 5641 1577 5710 tp
1591 5643 1648 5692 eod.
1659 5645 1683 5704 ⁷,
1692 5653 1719 5692 eo

1133 5713 1177 5770 tra)
1195 5707 1244 5760 Ed.
1257 5719 1326 5762 aar.
1341 5721 1381 5770 rm
1404 5711 1668 5770 Sab.18.m.n...st;
1691 5709 1757 5774 App.
1774 5719 1813 5766 ts;
1837 5707 1902 5776 Pap.

278 5767 311 5828 (t)
330 5767 390 5820 Sub.
401 5793 436 5806 ··-
449 5769 512 5822 Bas·
522 5771 546 5836 9,
555 5779 617 5834 tbi,
626 5781 654 5824 m
738 5773 772 5832 (8)
790 5775 825 5824 sie
838 5773 888 5826 iad.
902 5773 931 5834 F,
945 5773 1048 5836 provin·
1097 5785 1183 5830 raam.
1192 5785 1324 5830 es...so.-
1335 5779 1400 5830 Bas.
1409 5781 1450 5842 56,
1460 5789 1524 5830 2.-
1534 5779 1571 5846 Ofi
1585 5777 1643 5830 eat.
1655 5779 1716 5836 tar

1622 5883 1623 5886 ¹
1635 5861 1700 5914 tet*
