4366 6258
256 367 297 420 DE
317 367 465 418 PUBLIOIS
484 369 622 422 IUDIOIIS

257 545 265 594 t
300 537 365 592 bus¹
382 535 516 608 proditum
533 541 581 592 est.
615 537 653 592 Et
668 537 727 594 ideo
745 539 768 594 ει
785 539 874 594 noxali
890 535 987 592 iudicio
1006 539 1052 590 ad-

255 607 339 664 dictus
365 613 418 670 est,
445 605 585 660 observare
608 607 699 674 debet,
725 613 769 674 ut,
792 609 816 664 si
839 605 1053 664 condemnandus

254 675 378 732 videbitur
396 673 531 738 dominus,
548 673 588 728 ita
605 673 700 730 debeat
715 677 904 730 condemnare:
923 673 1053 726 ‘Publium

254 745 385 800 ‘Mardum
407 741 492 796 Lucio
516 741 586 798 Titio
609 743 700 800 decem
723 745 810 800 aureis
833 739 979 796 condemno
1007 747 1054 796 aut

253 819 273 868 ι’
296 817 404 868 ¹‘notram
430 809 543 866 dedere!
578 811 615 866 Et
638 813 660 868 si
681 813 709 866 in
734 829 788 868 rem
812 815 902 864 actum
924 807 972 874 sit,
998 811 1053 864 sive

253 887 342 936 tantm
359 879 497 948 petitorem
513 879 653 946 iudicavit,
671 881 804 934 absolvere
822 877 900 932 debet
916 893 1052 946 possesso·
1077 941 1079 946 ¹

253 965 316 1014 rem,
334 949 387 1004 sive
404 953 498 1004 contra
515 961 706 1016 possessorem,
729 947 819 1002 iubere
838 961 897 1000 eum
914 943 1004 1010 debet,
1022 951 1053 1000 ιιι

252 1033 303 1072 rem
325 1017 408 1084 ipsam
431 1017 555 1070 restituat
580 1031 639 1070 cum
661 1015 800 1068 fructibus.
827 1013 875 1068 sed
892 1015 914 1068 si
930 1015 958 1066 in
974 1027 1052 1082 prae-

252 1085 316 1144 senti
333 1089 410 1154 neget
426 1099 456 1152 se
473 1099 610 1164 possessor
626 1085 765 1136 restituere
781 1097 860 1150 posse
877 1087 904 1136 et
921 1081 978 1136 sine
995 1081 1052 1134 fru-

251 1153 375 1210 stratione
396 1151 528 1206 videbrtnr
549 1157 653 1222 tempus
676 1149 831 1204 restituendi
855 1165 937 1204 causa
953 1153 1051 1220 petere,

251 1219 433 1288 indulgendum
458 1225 498 1276 est
521 1219 559 1286 ei,
583 1227 612 1274 ut
635 1225 723 1288 tamen
746 1217 780 1272 de
801 1219 855 1272 litis
872 1219 1053 1274 aestimatione

252 1295 340 1344 caveat
356 1301 416 1342 cum
433 1287 603 1354 fideiussore,
626 1287 652 1342 si
665 1287 736 1340 intra
752 1291 856 1354 tempus
875 1285 945 1354 quod
963 1287 987 1340 ei
1004 1285 1051 1340 da·

251 1365 304 1412 tum
325 1361 363 1408 est
385 1371 441 1408 uon
462 1355 627 1410 restituisset.
659 1359 684 1408 et
708 1355 731 1408 si
754 1353 886 1408 hereditas
908 1353 991 1422 petita
1009 1355 1051 1420 sit,

251 1425 337 1480 eadem
354 1423 426 1478 circa
442 1423 546 1478 fructus
559 1423 743 1486 interveniunt,
762 1437 829 1492 quae
844 1423 956 1478 diximus
969 1423 1050 1476 inter-

251 1493 334 1546 venire
350 1493 378 1544 in
397 1493 560 1558 singularum
577 1507 664 1544 rerum
680 1491 816 1558 petitione.
842 1489 946 1546 illorum
962 1497 1051 1546 εειεει

250 1561 392 1624 fructuum,
416 1575 483 1626 quos
507 1561 586 1628 culpa
603 1573 652 1612 sua
669 1573 807 1626 possessor
824 1573 878 1612 nou
894 1559 1052 1628 perceperit,

250 1627 402 1696 inutraque
419 1627 524 1682 actione
540 1627 633 1680 eadem
650 1627 717 1680 ratio
734 1641 819 1696 paene
836 1625 894 1692 ιιι,
912 1627 935 1680 ει
952 1627 1051 1696 praedo

250 1693 332 1748 l'uerit.
359 1695 461 1750 sivero
480 1695 549 1750 bona
567 1693 619 1748 fide
636 1709 775 1762 possessor
791 1693 880 1760 fuerit,
898 1711 953 1748 uon
969 1695 1051 1750 habe·
1082 1731 1083 1734 =

250 1767 290 1816 tur
301 1761 367 1816 ratio
380 1769 596 1832 consumptorum
611 1777 695 1832 neque
708 1777 762 1816 non
776 1767 973 1832 perceptorum:
989 1767 1051 1832 post

250 1831 394 1882 inchoatam
403 1835 492 1882 autem
506 1831 659 1900 petitionem
674 1831 753 1900 etiarn
767 1831 872 1884 illorum
886 1831 953 1884 ratio
968 1831 1050 1884 habe-

249 1903 303 1962 tur,
321 1897 365 1966 qui
383 1897 462 1966 culpa
479 1899 641 1966 possessoris
658 1899 777 1968 percepti
791 1915 846 1954 non
859 1901 921 1954 sunt
935 1899 976 1954 vel
990 1915 1050 1968 per-

250 1971 263 2018 3
296 1965 364 2034 cepti
387 1967 537 2034 consumpti
559 1971 629 2020 suut.
665 1967 693 2020 Si
716 1969 750 2020 ad
768 1967 944 2022 exhibendum
961 1973 1051 2021 actum

249 2035 331 2098 fuerit,
348 2049 399 2086 non
415 2033 523 2098 sufficit,
539 2035 561 2088 si
576 2035 699 2090 exhibeat
712 2049 769 2088 reru
781 2035 804 2090 is
819 2051 879 2090 cum
894 2051 946 2104 quo
961 2041 1051 2088 actum

249 2107 300 2166 εει,
317 2099 363 2156 sed
380 2117 447 2170 opus
466 2105 519 2168 est,
542 2107 573 2156 ut
590 2103 668 2156 etiam
686 2117 793 2156 causam
809 2105 849 2156 rei
866 2103 960 2158 debeat
977 2103 1051 2158 erhi-

250 2169 315 2232 bere,
332 2169 359 2222 id
376 2175 417 2222 est
434 2175 464 2222 ut
482 2185 540 2222 eam
558 2185 666 2224 causam
682 2171 782 2224 habeat
799 2175 888 2236 actor,
905 2185 985 2240 qnam
1002 2171 1050 2224 ha·

249 2237 347 2290 bitures
364 2241 442 2302 esset,
458 2239 489 2302 ει,
505 2239 692 2306 cumprimum
707 2237 742 2290 ad
757 2237 934 2292 exhibendum
947 2239 1050 2306 egisset,

248 2305 360 2360 exhibita
377 2319 419 2358 res
437 2305 545 2360 fuisset:
563 2305 676 2374 ideoque
692 2305 715 2360 si
731 2305 801 2360 inter
818 2323 905 2362 moras
920 2311 1052 2374 usucapio

248 2373 281 2426 sit
293 2387 333 2426 res
348 2389 365 2426 a
378 2389 540 2440 possessore,
557 2373 639 2428 nihilo
654 2373 739 2428 minus
755 2375 954 2428 condemnatur.
973 2389 1050 2444 prae-

248 2447 317 2494 terea
333 2441 468 2494 fructuum
491 2441 570 2494 medii
591 2441 729 2512 temporis,
752 2443 780 2496 id
803 2449 844 2496 est
866 2443 938 2508 eiua,
962 2441 1052 2512 ειιοιι3

248 2515 306 2590 post
330 2515 469 2578 aoeeptmn
494 2509 529 2564 ad
555 2509 730 2564 exhibendum
755 2509 882 2564 iudicium
908 2515 969 2564 aute
995 2525 1051 2564 rem

248 2577 384 2632 iudicatam
407 2579 571 2644 intercessit,
595 2579 723 2632 rationem
745 2579 844 2632 habere
867 2577 946 2632 debet
962 2579 1050 2632 iudex.

248 2645 313 2712 quod
331 2647 353 2698 si
370 2651 448 2712 neget
464 2647 496 2710 is,
515 2663 576 2700 cum
591 2663 642 2716 quo
659 2645 693 2698 ad
707 2647 885 2700 exhibendum
897 2653 987 2702 aetum
1002 2653 1051 2708 est,

248 2715 272 2768 in
294 2715 426 2782 praesenti
450 2715 574 2766 exhibere
597 2729 625 2766 se
648 2729 725 2782 posse
744 2719 771 2768 et
786 2719 891 2782 tempus
910 2713 1053 2768 exhibendi

249 2797 324 2834 eausa
347 2785 422 2848 petat
444 2779 525 2850 idque
548 2781 605 2836 sine
622 2781 793 2836 frustratione
810 2781 947 2850 postulare
962 2781 1050 2836 videa-

248 2855 300 2914 tur,
317 2849 374 2902 dari
392 2849 415 2902 ei
434 2847 525 2914 debet,
543 2853 575 2902 ut
591 2853 679 2902 ιιιειεε
696 2855 789 2902 caveat
806 2865 834 2902 se
851 2849 1050 2902 restituturum:

248 2917 313 2986 qued
335 2917 462 2986 sineque
479 2917 569 2972 statim
586 2917 660 2972 iussu
677 2917 772 2972 iudicis
789 2933 845 2972 reru
863 2917 988 2972 exhibeat
1004 2931 1050 2970 ue-

248 3001 294 3056 que
309 2991 402 3054 postea
419 2985 599 3040 exhibitorum
617 3001 645 3040 se
663 2991 763 3052 caveat,
782 2985 999 3040 condemnandus
1017 2987 1053 3038 sit

248 3055 271 3108 iu
287 3053 322 3118 id,
341 3055 411 3124 quod
429 3055 529 3110 actoris
547 3055 673 3108 intererat
690 3055 723 3106 ab
741 3053 816 3106 initio
834 3067 891 3106 rem
908 3053 1051 3106 exhibitam

248 3127 261 3176 4
293 3137 357 3176 εεεε.
393 3121 422 3174 Si
444 3121 561 3174 familiae
586 3121 757 3176 erciscundae
779 3121 876 3174 iudicio
901 3127 991 3174 actum
1009 3121 1050 3184 sit,

247 3191 356 3258 singulas
379 3205 422 3242 res
446 3188 555 3258 singulis
578 3187 719 3244 heredibus
742 3187 896 3242 adiodmare
920 3187 998 3242 debet
1016 3193 1050 3250 et,

247 3259 267 3312 si
282 3257 309 3312 iu
332 3257 441 3310 alterius
464 3271 581 3324 persona
603 3271 778 3326 praegravare
801 3255 923 3310 videatur
948 3255 1050 3310 adiudi-

248 3325 325 3392 catio,
352 3325 430 3378 debet
453 3325 525 3380 hune
547 3325 659 3378 invicem
685 3323 808 3380 coheredi
833 3329 906 3378 certa
927 3325 1050 3392 pecunia,

245 3395 310 3448 sicut
332 3393 384 3448 iam
407 3393 508 3448 dictum
521 3397 599 3462 esti',
612 3391 796 3448 condemnare.
829 3407 860 3446 eo
879 3407 984 3460 quoque
1001 3407 1049 3444 uo-

245 3463 310 3516 mine
328 3461 450 3516 coheredi
468 3461 580 3530 quisque
598 3475 646 3514 suo
665 3459 882 3514 condemnandus
901 3465 954 3524 est,
979 3457 1051 3526 quod

245 3531 312 3584 solus
334 3529 437 3582 fructus
461 3529 615 3582 hereditarii
637 3527 711 3580 fundi
728 3529 849 3598 percepit
867 3531 914 3580 aut
930 3541 986 3580 rem
1002 3527 1050 3580 he-

245 3597 394 3652 reditariam
421 3597 540 3664 corrupit
566 3601 614 3650 aut
640 3595 811 3664 consumpsit.
848 3611 917 3664 quae
945 3595 1051 3664 quidem

245 3667 358 3720 similiter
379 3665 448 3720 iuter
471 3665 560 3734 plures
585 3679 689 3744 quoque
713 3679 792 3732 quam
816 3663 883 3718 duos
907 3663 1050 3718 coheredes

245 3737 258 3786 5
291 3733 496 3802 subsequuntur.
533 3733 635 3786 Eadem
650 3733 828 3786 mterveniunt
842 3737 870 3786 ει
884 3733 906 3786 si
919 3731 1051 3786 communi

245 3799 381 3856 ιιιιιιιιειιε
405 3799 438 3856 de
461 3799 582 3868 pluribus
605 3801 685 3854 rebus
708 3805 798 3854 actum
822 3799 910 3854 fuerit.
939 3799 1050 3868 quodsi
1085 3861 1086 3864 Ἴ

244 3867 275 3924 de
294 3883 348 3924 una
369 3885 413 3934 re,
437 3867 519 3922 veluti
541 3867 575 3922 de
597 3867 694 3934 fundo,
718 3869 741 3922 si
759 3867 865 3938 quidem
882 3869 933 3922 iste
950 3867 1049 3922 fundus

245 3937 375 3992 commode
392 3937 543 4006 regionibus
563 3935 715 3990 divisionem
733 3935 858 4006 recipiat,
884 3941 974 4006 partos
993 3937 1049 3990 eius

244 4005 346 4074 singulis
363 4005 518 4060 athtrdicare
535 4003 615 4058 debet
633 4009 672 4070 et,
695 4003 717 4058 si
740 4005 819 4060 unitis
842 4021 906 4084 pars
924 4019 1048 4072 praegra-

243 4087 301 4126 vare
323 4073 468 4138 videbitur,
492 4073 516 4126 is
538 4073 651 4126 invicem
668 4075 742 4126 certa
759 4087 873 4140 pecunra
891 4073 967 4126 alteri
986 4087 1048 4126 eou-

244 4141 402 4196 demnaudus
425 4147 478 4198 est:
502 4139 574 4210 quod
592 4141 614 4194 si
633 4141 770 4194 commode
788 4141 867 4196 dividi
884 4157 939 4194 uon
956 4139 1049 4210 possit,

243 4209 281 4264 vel
296 4209 372 4264 home
391 4209 461 4264 forte
479 4215 527 4264 aut
543 4209 629 4264 mulus
647 4209 696 4262 erit
714 4207 746 4262 tle
765 4225 817 4276 quo
836 4213 924 4262 aetum
942 4211 984 4274 sit,
1003 4207 1050 4262 uui

243 4281 309 4332 totus
334 4277 528 4334 adiudicandus
554 4283 595 4332 est
620 4281 647 4330 et
671 4277 711 4332 isl
734 4277 810 4332 alteri
837 4283 911 4330 certa
936 4277 1050 4346 pecunia

243 4349 258 4400 t
290 4345 514 4400 condemnandus.
549 4345 578 4398 Si
587 4345 679 4398 linium
694 4345 872 4414 regundorum
886 4351 976 4400 actum
991 4345 1048 4398 iue-

243 4413 288 4478 rit,
312 4411 442 4482 d'mpicere
460 4413 538 4468 debet
554 4413 648 4478 index,
671 4429 706 4466 au
724 4411 877 4468 necessaria
894 4413 930 4468 sit
947 4411 1048 4468 adiudi-

243 4479 316 4534 catio.
344 4497 412 4550 quae
429 4497 495 4536 sane
512 4497 565 4536 uno
584 4497 649 4534 casu
666 4483 818 4536 necessaria
836 4487 885 4546 est,
903 4481 927 4534 si
944 4481 1047 4536 eviden-

242 4547 347 4604 tioribus
364 4549 464 4604 finibus
482 4549 606 4618 distingui
623 4567 701 4618 agros
720 4549 884 4606 commodius
901 4549 951 4616 sit,
970 4567 1049 4620 quam

242 4615 300 4670 olim
321 4615 435 4672 trissant
458 4617 588 4672 distincti:
611 4633 672 4670 nam
689 4621 754 4674 tunc
772 4633 883 4672 necesse
901 4623 941 4672 est
959 4635 993 4672 es
1010 4617 1047 4672 al·

242 4683 318 4738 terius
336 4699 399 4752 agro
418 4691 523 4754 partem
540 4685 655 4754 aliquam
672 4685 781 4740 alterius
799 4687 857 4754 agri
874 4687 981 4742 domino
1000 4685 1047 4740 ad·

242 4749 354 4804 iudicari.
381 4769 434 4820 quo
454 4769 519 4808 casu
537 4753 695 4808 conveniens
713 4759 768 4816 est,
792 4759 822 4806 ut
839 4753 862 4808 is
881 4753 958 4808 alteri
975 4759 1050 4808 certa

242 4819 349 4886 pecnnia
366 4819 463 4874 debeat
480 4819 658 4876 condemnari.
686 4835 716 4874 eo
726 4821 1048 4888 quoque⁵uomiuedam

242 4885 340 4942 nundus
365 4895 407 4942 est
431 4887 543 4958 quisue
566 4889 618 4942 lroc
647 4887 759 4954 iudicio,
789 4889 861 4958 qued
883 4891 954 4944 forte
978 4889 1050 4944 circa

242 4953 303 5034 fines
327 4957 458 5012 malitiose
479 4905 579 5026 ahquid
605 4955 748 5020 commisit,
775 4957 849 5010 verbi
873 4959 960 5026 gratia
987 4957 1049 5026 quia

242 5019 336 5090 lapides
353 5023 446 5078 finales
464 5023 570 5080 furatos
589 5029 693 5080 estant
710 5023 820 5080 arbores
833 5023 928 5080 finales
944 5025 1047 5080 cecidit.

242 5091 418 5146 contumaciae
441 5107 547 5160 quoque
564 5093 670 5146 nomine
688 5091 799 5160 quisque
817 5107 848 5146 eo
866 5091 965 5146 iudicio
984 5109 1047 5146 eon·

242 5155 386 5224 damnatur,
410 5159 491 5214 veluti
515 5161 537 5214 si
560 5161 621 5228 quis
637 5161 745 5214 iubente
761 5159 849 5214 iudice
866 5161 953 5214 metiri
970 5175 1048 5230 agros

276 5329 304 5390 tl)
322 5329 441 5390 moribus]
451 5329 477 5378 Ε
483 5329 519 5388 W,
530 5329 692 5380 amaloribus
702 5333 738 5392 B,
752 5329 785 5396 τῇ
793 5329 851 5378 τῶν
860 5329 956 5398 σοφῶν
963 5347 1049 5394 νομο-

242 5391 352 5458 θεειᾳθ
442 5397 474 5458 (a)
493 5395 693 5458 fitJBmabetur
710 5397 765 5448 We
855 5401 887 5458 (3)
906 5395 983 5458 quod]
1000 5395 1049 5452 Wi,

243 5461 285 5524 qui
295 5463 318 5512 Β
328 5463 394 5512 W⁰E
400 5479 405 5512 t
422 5465 468 5512 teat
479 5461 540 5514 τοὺς
553 5461 672 5532 καρποὺς
677 5459 706 5512 δὲ
712 5463 761 5514 τοῦ
767 5465 848 5530 μέσον
855 5459 960 5530 χρόνον,
970 5455 1048 5512 τοῦτ’

241 5527 296 5578 ἔστι
309 5527 368 5582 τοὺς
382 5527 451 5596 μετὰ
459 5527 646 5596 προκάταρξιν
653 5533 729 5598 μεχρι
738 5525 885 5592 καταδίκης
896 5529 927 5592 Θ,
938 5531 1050 5594 quodvis

245 5601 330 5650 recedit
344 5617 360 5650 a
374 5613 459 5650 uosmet
474 5601 574 5650 lectione
625 5599 667 5664 (ι’)
686 5601 780 5662 4,e,re
833 5597 867 5658 (l)
884 5597 916 5658 is]
929 5597 1053 5660 BW·,is

245 5665 432 5718 mmoemEW⁶
483 5669 518 5728 (a)
535 5669 645 5728 quoque]
655 5665 688 5726 E,
702 5665 787 5728 queB
795 5665 828 5716 W

274 5737 305 5794 (o)
326 5733 363 5796 Os.
372 5733 432 5798 Dry.
443 5733 505 5792 48,1
558 5737 591 5790 (ιι
610 5731 741 5780 infamiam
750 5733 768 5780 ι.
778 5747 834 5780 enm
845 5731 945 5790 damno]
962 5727 1050 5788 WEO,

244 5797 281 5848 rel
290 5797 332 5848 ini.
344 5797 382 5850 hc
401 5799 424 5848 d.
434 5801 470 5860 B,
479 5797 519 5848 vel
529 5797 665 5860 dampnrun
675 5797 714 5848 vel
723 5797 855 5848 infamiam
865 5797 882 5844 i.
893 5811 950 5846 cum
959 5793 1050 5842 damno

1058 349 1098 420 55

1572 349 1680 416 mer.
1703 351 1778 436 1111,
1804 361 1853 422 rr.
1869 355 1905 422 rs

1106 545 1120 592 ‘l
1156 557 1251 610 passus
1274 559 1328 598 non
1344 541 1431 598 ιεειιι.
1467 539 1543 610 quoe
1560 533 1647 592 autem
1664 541 1721 594 istis
1739 541 1840 594 iudiciis
1858 541 1905 594 ali-

1415 651 1422 678 ,
1447 611 1474 664 id
1496 607 1584 664 statim
1607 607 1662 660 eius
1685 607 1716 660 fit
1739 609 1782 662 cui
1804 609 1905 664 adiudi-

1106 611 1149 662 cui
1172 611 1352 666 adiudicatum
1374 613 1408 668 sit

1105 681 1192 730 catum
1211 685 1258 732 est.

1417 837 1419 840 Ι
1444 749 1557 810 rrvru⁰

1314 851 1359 898 DE
1378 851 1530 902 PUBLIOIS
1549 847 1697 900 IUDIOIIS.

1139 949 1250 1002 Publica
1267 947 1365 1002 iudicia
1382 965 1467 1018 neque
1484 967 1530 1018 per
1547 949 1667 1006 actiones
1684 945 1842 1000 ordinantur
1858 963 1907 1000 nee

1105 1017 1210 1070 omnino
1229 1015 1372 1086 quidquam
1389 1017 1473 1072 simile
1495 1021 1593 1074 habent
1617 1015 1710 1072 ceteris
1733 1015 1851 1080 iudiciis,
1875 1015 1908 1070 de

1105 1085 1200 1152 quihus
1217 1085 1300 1140 locuti
1318 1099 1423 1150 sumus,
1440 1101 1482 1138 ma
1501 1103 1586 1156 neque
1603 1085 1740 1140 diversitas
1760 1089 1800 1138 est
1817 1099 1908 1138 eornm

1107 1159 1117 1204 l
1156 1157 1182 1206 et
1202 1153 1230 1206 in
1251 1151 1419 1206 instituendis
1445 1159 1470 1206 et
1486 1171 1514 1208 m
1531 1153 1692 1210 exercendis.
1727 1151 1839 1206 Publica
1860 1165 1907 1204 an-

1105 1227 1158 1274 tem
1175 1219 1247 1274 dicta
1264 1227 1335 1288 sunt,
1354 1219 1424 1288 quod
1441 1221 1521 1276 cnivis
1540 1237 1572 1276 ex
1589 1223 1689 1292 populo
1707 1219 1842 1276 exsecutio
1862 1235 1914 1274 εε-Ὶ

1105 1293 1119 1342 2
1154 1287 1466 1358 rumplerumquedalur.
1484 1289 1906 1358 Publicorumiudiciorumquae-

1104 1357 1164 1410 dam
1183 1357 1306 1426 capitalia
1324 1361 1394 1420 sunt,
1412 1357 1540 1424 quaedem
1557 1373 1610 1410 non
1626 1359 1758 1426 capitalia.
1784 1357 1908 1426 capitalia
1948 1405 1949 1408 ,

1104 1425 1222 1490 dicimus,
1240 1441 1308 1494 quae
1325 1423 1417 1480 ultimo
1435 1423 1563 1546 sthpplicio
1582 1425 1710 1504 adficiunt
1727 1427 1767 1480 vel
1781 1441 1866 1500 aquae
1881 1431 1910 1480 et*

1103 1493 1170 1560 ignis
1191 1493 1377 1546 interdictione
1399 1493 1440 1546 vel
1475 1495 1641 1558 eportatrone
1657 1495 1698 1548 vel
1715 1493 1836 1548 metallo:
1864 1509 1906 1546 ee-

1103 1567 1161 1614 tera
1184 1561 1206 1614 si
1230 1575 1283 1630 qua
1304 1561 1440 1614 infamiam
1463 1561 1581 1626 irrogant
1605 1575 1664 1614 cum
1688 1561 1802 1618 damuo⁷
1825 1575 1911 1630 pecu*

1103 1629 1196 1692 niario,
1211 1629 1278 1682 haec
1291 1627 1398 1696 publica
1408 1627 1513 1708 quidem
1522 1633 1592 1690 sunt,
1607 1643 1661 1682 non
1675 1633 1764 1682 tamen
1774 1630 1906 1698 capitalia.

1103 1701 1117 1750 3
1185 1695 1298 1750 Publica
1314 1699 1404 1750 autem
1420 1693 1518 1750 iudicia
1535 1699 1597 1748 sunt
1613 1693 1689 1748 haec.
1715 1697 1757 1750 lex
1772 1699 1839 1750 Iulia
1853 1713 1908 1750 ma-

1102 1765 1213 1830 iestatis,
1232 1777 1299 1832 quae
1315 1765 1343 1816 in
1361 1777 1414 1828 eos,
1433 1763 1477 1842 qui
1492 1769 1585 1818 contra
1598 1763 1784 1832 imperatorem
1799 1765 1840 1818 vel
1854 1781 1910 1820 rem

1102 1831 1235 1902 publicam
1252 1831 1353 1900 aliquid
1370 1830 1453 1884 molilt
1469 1837 1539 1896 sunl,
1558 1847 1635 1886 suum
1652 1831 1764 1898 vigorem
1783 1833 1908 1888 extendit.

1103 1903 1178 1954 cuius
1202 1915 1289 1970 poena
1306 1903 1410 1954 animae
1426 1899 1592 1954 amissionem
1610 1899 1722 1954 sustinet
1740 1903 1766 1954 et
1782 1903 1911 1954 memoria

1103 1975 1119 2022 4
1153 1969 1192 2024 rei
1215 1973 1242 2022 et
1259 1973 1320 2038 post
1337 1973 1448 2022 mortem
1466 1967 1612 2022 damnatur.
1647 1969 1713 2020 ltem
1730 1969 1773 2022 lex
1791 1969 1860 2022 Iulia
1877 1969 1910 2020 de

1103 2035 1237 2092 adulteriis
1266 2035 1433 2100 coercendis,
1460 2049 1528 2104 quae
1554 2051 1608 2088 non
1631 2037 1716 2092 solum
1737 2041 1910 2090 temeratores

1103 2105 1249 2158 alienarum
1264 2105 1417 2172 nuptiarum
1431 2101 1518 2170 gladio
1532 2103 1617 2170 punit,
1636 2103 1683 2158 sed
1696 2103 1774 2158 etiam
1792 2119 1847 2168 eos,
1866 2103 1911 2170 qui

1103 2187 1163 2226 oum
1186 2171 1311 2226 masculis
1333 2169 1470 2224 ιειεειιεει
1492 2171 1627 2224 libidinem
1653 2185 1776 2226 exercere
1799 2171 1909 2236 audent.

1102 2239 1149 2294 sed
1172 2239 1263 2294 eadem
1277 2239 1344 2318 ,lege
1360 2239 1427 2294 Iulia
1450 2239 1529 2318 etlam
1547 2239 1631 2308 stupri
1647 2239 1775 2320 flagitium
1792 2239 1910 2308 punitur,

1103 2323 1163 2362 cum
1181 2307 1239 2374 quis
1262 2307 1367 2362 strevi
1389 2307 1430 2362 vel
1453 2323 1578 2374 mrgmem
1601 2307 1644 2362 vel
1668 2307 1774 2362 viduam
1799 2308 1911 2362 honeste

1102 2377 1232 2430 urentem
1249 2375 1418 2444 stupraverit.
1443 2389 1557 2444 poenam
1574 2379 1663 2428 autem
1681 2375 1773 2428 eadem
1787 2375 1830 2428 lex
1844 2377 1910 2430 irro-

1102 2449 1148 2512 gat
1184 2445 1359 2510 creatoribus,
1376 2443 1400 2498 sl
1416 2441 1521 2498 honesti
1537 2447 1607 2508 sunt,
1625 2443 1832 2512 publicationem
1848 2459 1910 2512 par-

1102 2513 1136 2566 tis
1171 2513 1275 2566 imidiae
1292 2511 1432 2576 bonorum,
1450 2511 1473 2566 si
1489 2509 1616 2576 humiles,
1635 2513 1754 2578 corporis
1772 2513 1911 2566 coercitio·

1103 2585 1116 2632 5
1153 2595 1213 2636 nem
1236 2597 1297 2636 cum
1319 2581 1488 2650 relegatione.
1523 2579 1590 2632 Item
1611 2579 1655 2632 lex
1673 2579 1796 2634 Cornelia
1820 2581 1852 2634 de
1875 2581 1911 2632 si·

1104 2647 1196 2714 cariis,
1221 2663 1291 2716 quae
1311 2647 1459 2704 homicidas
1481 2647 1568 2702 ultore
1589 2645 1661 2702 ferro
1683 2647 1853 2716 persequitur
1869 2647 1910 2702 vel

1103 2731 1157 2782 eoa,
1176 2715 1221 2786 qui
1238 2717 1352 2770 hominis
1369 2715 1508 2770 occidendi
1526 2731 1607 2770 causa
1623 2731 1683 2770 cum
1696 2715 1749 2770 telo
1765 2715 1909 2770 ambulant.

1103 2785 1184 2836 telum
1199 2789 1296 2848 autem,
1310 2791 1342 2838 ut
1355 2783 1439 2838 (imus
1454 2787 1544 2836 noster
1556 2783 1602 2836 iul
1615 2783 1834 2854 interpretatione
1847 2783 1911 2850 legis

1103 2851 1242 2906 duodecim
1255 2851 1425 2906 tabularum⁹
1440 2851 1569 2920 scriptum
1582 2851 1697 2920 reliquit,
1710 2851 1788 2920 vulgo
1806 2851 1912 2920 quidem

1102 2919 1128 2974 id
1146 2919 1309 2988 appellatur,
1334 2919 1407 2988 quod
1430 2919 1464 2974 ab
1481 2935 1546 2974 arcu
1563 2919 1689 2974 mittitur:
1714 2919 1761 2974 sed
1784 2923 1812 2974 et
1835 2933 1912 2974 omne

1103 2987 1281 3056 significatur,
1299 2987 1372 3110 quod
1388 3003 1470 3040 manu
1487 2987 1626 3042 cuiusdam
1643 2989 1768 3042 mittitur:
1791 2987 1913 3056 sequitur

1103 3071 1179 3122 erge,
1202 3061 1233 3108 ut
1257 3061 1284 3108 et
1317 3055 1374 3124 apis
1397 3061 1423 3110 ει
1445 3055 1545 3124 lignum
1568 3061 1595 3110 et
1614 3053 1715 3110 ierrurn
1733 3057 1785 3110 hoc
1802 3055 1911 3110 nomine

1103 3121 1278 3176 contineatur.
1306 3123 1458 3190 dictumque
1475 3123 1509 3178 ab
1526 3139 1572 3188 eo,
1595 3123 1665 3190 quod
1689 3123 1717 3176 ιε
1739 3123 1912 3190 longinquum

1102 3191 1230 3256 mittitur,
1254 3205 1271 3244 a
1289 3189 1392 3244 Graeca
1413 3205 1478 3246 voce
1500 3189 1655 3258 figuratum,
1681 3183 1800 3244 ἀπὸτοῦ
1817 3187 1911 3256 talei:

1103 3263 1129 3310 et
1143 3259 1212 3312 hanc
1229 3257 1446 3326 significationem
1460 3259 1578 3312 invenire
1586 3273 1725 3328 possumus
1735 3257 1797 3312 etin
1808 3257 1911 3314 Graeco

1103 3325 1221 3380 nomine:
1245 3341 1308 3380 uam
1325 3325 1397 3396 quod
1414 3343 1462 3380 nos
1479 3325 1561 3380 telum
1579 3325 1752 3396 appellamus,
1775 3325 1815 3380 illi
1832 3323 1908 3394 βέλος

1102 3395 1238 3462 appellant
1262 3387 1317 3446 rimi
1339 3397 1387 3448 τοῦ
1409 3391 1567 3460 βάλλεσθαι.
1601 3393 1725 3448 admonet
1748 3409 1797 3448 nos
1822 3393 1911 3448 Xeno-

1101 3463 1174 3530 phou
1182 3463 1212 3514 ¹⁰.
1239 3475 1301 3514 nam
1317 3461 1356 3514 ita
1373 3461 1493 3530 scripsit:
1512 3459 1607 3514 καὶτὰ
1625 3459 1688 3528 βέλη
1708 3457 1774 3530 ὁμοῦ
1791 3463 1910 3532 ἐφέρετο,

1102 3527 1200 3600 λόγχαι,
1216 3527 1371 3596 τοξεύματα,
1385 3525 1537 3598 σφενδόναι,
1554 3527 1674 3582 πλεῖστοι
1690 3525 1720 3582 δὲ
1734 3533 1779 3580 καὶ
1793 3527 1911 3584 ,tiricast-

1102 3595 1191 3652 sicarii
1208 3603 1298 3652 autem
1315 3595 1484 3666 appellantur
1501 3613 1518 3652 a
1534 3599 1599 3664 sica,
1617 3597 1689 3668 qued
1707 3595 1840 3666 significat
1857 3597 1912 3652 fer·

1101 3681 1176 3720 reum
1194 3665 1314 3720 cultrum.
1342 3665 1433 3718 eadem
1448 3665 1505 3734 lege
1517 3671 1545 3720 et
1557 3667 1668 3722 venefici
1681 3667 1770 3734 capite
1784 3665 1912 3720 damnau-
1937 3721 1939 3726 s

1101 3739 1159 3798 ter,
1184 3733 1230 3802 qni
1253 3733 1355 3788 artibus
1373 3733 1485 3798 odiosis,
1508 3739 1563 3788 tam
1574 3737 1594 3766 ¹²
1610 3735 1718 3790 venenis
1736 3733 1777 3790 vel
1795 3735 1913 3790 susurris

1102 3801 1210 3868 magicis
1233 3801 1353 3856 homines
1377 3801 1532 3856 occiduunt
1555 3803 1597 3856 vel
1622 3803 1693 3856 mala
1718 3801 1912 3858 medicamenta

1102 3875 1116 3924 t
1151 3869 1257 3938 publice
1272 3867 1452 3922 vendiderunt.
1487 3871 1550 3924 Alia
1567 3871 1661 3924 deinde
1677 3867 1720 3924 lex
1738 3871 1914 3940 asperrimum

1102 3937 1200 3992 emman
1225 3951 1294 3992 nova
1316 3953 1404 4006 poena
1427 3939 1608 4006 persequitur,
1636 3953 1704 4008 quae
1727 3937 1857 4006 Pompeia
1879 3939 1913 3994 de

1100 4005 1249 4074 parricidiis
1265 4011 1384 4060 vocatur.
1413 4021 1465 4076 qua
1482 4013 1598 4072 cavetur,
1616 4011 1655 4072 ut,
1676 4005 1726 4060 ¹³si
1744 4007 1803 4076 quis
1816 4021 1912 4074 paren-

1100 4075 1134 4126 tis
1153 4081 1200 4126 aut
1217 4075 1264 4126 filii
1281 4079 1329 4126 aut
1346 4075 1451 4128 omnino
1469 4073 1626 4128 adfectionis
1643 4075 1708 4138 eius,
1727 4089 1796 4142 quae
1809 4089 1914 4128 nuncu·

1100 4141 1209 4210 patione
1226 4141 1361 4210 parricidii
1379 4141 1544 4208 continetur,
1566 4141 1839 4210 improperaverit,
1859 4141 1913 4196 sive

1102 4211 1170 4264 clam
1188 4209 1242 4264 sive
1259 4211 1348 4278 palam
1364 4209 1392 4264 id
1410 4225 1491 4266 ausus
1509 4209 1602 4276 fuerit,
1627 4225 1676 4264 uec
1694 4225 1748 4264 nou
1771 4209 1809 4272 ιε,
1836 4207 1912 4264 εειεε

1101 4279 1161 4332 dolo
1180 4279 1249 4334 male
1262 4277 1289 4332 id
1304 4279 1407 4332 iactum
1422 4285 1471 4344 est,
1488 4279 1529 4334 vel
1544 4279 1666 4332 conscius
1681 4277 1797 4330 criminis
1816 4277 1913 4342 existit,

1100 4347 1163 4400 licet
1179 4347 1379 4414 extranearet,
1397 4363 1485 4414 poena
1498 4345 1633 4414 parricidii
1647 4345 1772 4414 punietur
1787 4349 1814 4398 et
1827 4359 1913 4414 nequo

1100 4413 1187 4482 gladio
1211 4429 1296 4484 neque
1318 4415 1424 4482 ignibus
1442 4429 1528 4482 neque
1544 4413 1599 4466 ulla
1617 4413 1670 4464 alia
1688 4411 1809 4466 sollemni
1826 4429 1913 4480 poena

1100 4483 1252 4548 subicietur,
1271 4483 1318 4536 sed
1331 4483 1438 4536 insutus
1454 4481 1538 4536 culleo
1555 4495 1614 4534 cum
1631 4495 1697 4534 cane
1713 4487 1740 4534 et
1754 4479 1823 4550 gallo
1838 4481 1912 4550 galli-

1100 4567 1183 4606 naceo
1212 4555 1239 4604 et
1256 4551 1346 4618 vipera
1364 4555 1390 4604 et
1407 4549 1483 4604 simia
1501 4555 1527 4604 ει
1543 4549 1611 4600 inter
1629 4549 1686 4602 eius
1709 4547 1806 4604 ferales
1829 4565 1912 4618 angu-

1100 4619 1166 4674 stias
1178 4633 1237 4672 cour
1257 4619 1395 4682 rebensus,
1415 4615 1560 4672 secundum
1578 4615 1649 4684 quod
1666 4617 1779 4684 regionis
1798 4619 1913 4686 qualitas

1100 4687 1198 4750 ualerit,
1216 4637 1258 4740 veh
1274 4687 1302 4738 in
1319 4687 1434 4740 vicinum
1452 4699 1525 4738 mare
1541 4683 1583 4762 rel
1597 4683 1625 4736 in
1640 4699 1744 4738 amnem
1757 4687 1913 4754 proiciatur,

1100 4759 1130 4808 ut
1153 4753 1226 4808 omni
1249 4753 1437 4808 elementorum
1460 4767 1511 4804 usu
1527 4765 1602 4804 vrvus
1620 4767 1712 4806 carere
1727 4753 1839 4824 incipiat
1857 4759 1884 4810 et
1892 4757 1913 4786 ¹⁴

1101 4821 1124 4876 ei
1142 4823 1245 4876 caelum
1262 4821 1413 4890 superstiti,
1430 4825 1503 4872 terra
1520 4823 1623 4876 mortuo
1643 4819 1787 4876 auferatur.
1815 4823 1838 4878 si
1855 4823 1914 4888 quis

1100 4897 1190 4944 autem
1207 4889 1274 4944 alias
1292 4887 1451 4958 cognatione
1467 4887 1508 4942 vel
1526 4887 1663 4946 adfinitate
1678 4891 1836 4946 coniunctas
1853 4905 1914 4956 per-

1100 4973 1180 5014 sonae
1203 4957 1352 5022 necaverit,
1394 4969 1488 5010 oeuam
1511 4956 1520 5009 l
1554 4957 1576 5010 is
1595 4957 1733 5014 Gemellae
1757 4957 1790 5012 de
1811 4959 1914 5014 sicariis

1101 5031 1114 5078 l
1152 5023 1330 5080 sustinebar.
1380 5029 1434 5078 tem
1457 5023 1500 5078 lex
1545 5027 1646 5082 omelia
1668 5029 1701 5082 de
1727 5027 1818 5094 falsis,
1846 5041 1926 5098 quae.

1100 5093 1181 5148 etiam
1197 5091 1401 5146 testamentaria
1417 5097 1541 5158 vocatur,
1564 5111 1677 5164 poenam
1694 5095 1795 5164 irrogat
1812 5095 1851 5160 ei,
1869 5095 1914 5164 qui

1100 5165 1290 5214 testamentum
1303 5161 1345 5214 vel
1360 5159 1432 5214 aliud
1446 5161 1650 5218 instrumentum
1664 5163 1762 5218 fabum
1777 5163 1914 5230 scripserit

1100 5329 1143 5390 Al,
1154 5329 1193 5378 vel
1202 5329 1320 5380 damnum
1330 5329 1369 5380 vel
1378 5331 1483 5382 iufamia
1492 5333 1509 5384 i.
1520 5331 1607 5384 Aerr
1716 5333 1750 5396 (8)
1769 5333 1807 5394 in]
1817 5329 1857 5396 Al,
1868 5351 1911 5384 om.

1101 5397 1142 5446 rel.
1255 5397 1289 5458 (ol
1307 5399 1368 5464 Diq.
1379 5401 1464 5462 aare,
1475 5411 1547 5462 raam
1668 5403 1713 5460 (to)
1730 5401 1812 5450 Anae.
1823 5401 1846 5460 5,
1857 5409 1878 5458 r,
1889 5409 1912 5450 m

1103 5465 1143 5524 (lli
1163 5465 1189 5512 id
1198 5475 1247 5514 erl:
1262 5467 1288 5512 et
1297 5467 1347 5516 tela
1357 5465 1433 5518 simul
1442 5467 1613 5526 mittebantur,
1624 5467 1719 5528 hastae,
1729 5467 1846 5530 sagittae,
1856 5465 1914 5512 fun-

1101 5529 1154 5590 dae,
1166 5531 1285 5594 permulti
1293 5533 1425 5598 etlapides
1493 5537 1537 5596 (12)
1556 5537 1617 5596 iam]
1626 5535 1683 5594 ΑΕ,
1693 5551 1736 5584 εει.
1748 5535 1782 5592 Β,
1793 5537 1915 5580 tammu-

1101 5597 1166 5660 gicis
1176 5615 1219 5646 om.
1230 5599 1256 5650 R
1377 5605 1421 5668 (13)
1439 5603 1461 5652 si
1472 5601 1528 5668 quia
1536 5637 1541 5650 .
1550 5637 1555 5650 .
1564 5637 1569 5650 .
1577 5599 1707 5650 auferatur
1715 5619 1745 5650 er
1757 5599 1816 5650 Ood.
1826 5599 1850 5656 9,
1860 5609 1914 5658 rut

1103 5673 1147 5782 ute)
1166 5669 1267 5784 ethil,
1281 5674 1310 5720 ut
1319 5673 1346 5722 Β
1356 5673 1415 5722 Ood.
1468 5675 1511 5734 (ts)
1529 5675 1564 5722 ric
1577 5673 1643 5734 dett,
1658 5669 1770 5718 subsistit
1780 5669 1842 5728 RB,
1857 5669 1914 5718 sub-

1103 5735 1221 5782 situeur
