4366 6258
278 349 436 418 XXXXll
458 361 487 420 4.
506 361 524 420 5
1075 353 1140 424 672
1478 383 1480 386 ·
1517 375 1563 420 on
1584 377 1689 424 susus
1711 365 1954 434 lucrosius-ra

277 545 344 598 hoc¹
364 541 546 598 adnotandum
559 547 600 596 ert
611 541 718 598 Celsum
736 545 886 600 consultum
903 559 958 598 non
975 543 1008 598 de
1025 545 1085 598 lati·
1138 559 1192 598 non
1209 543 1300 612 utique
1316 559 1347 598 eo
1365 543 1425 598 loco
1442 543 1613 614 intellegitur,
1632 559 1684 612 quo
1697 543 1830 612 negotium
1845 547 1951 614 gestum,

279 617 309 666 18
343 617 429 680 tante,
452 611 501 668 sed
524 611 557 666 de
580 611 699 668 absente.
734 613 808 668 Idem
825 613 919 668 Celsos
942 613 1086 678 existimat,
1137 611 1181 676 sit,
1198 611 1248 666 'scd
1265 629 1318 682 qno
1336 611 1463 668 solvenda
1481 619 1522 668 est
1538 611 1662 682 pecunia.

275 681 299 734 si
316 679 353 744 is,
377 697 394 734 a
411 697 463 748 quo
481 679 655 734 hereditatem
672 685 763 750 petere
780 679 870 748 velim,
893 681 994 748 latitat,
1013 697 1085 736 oom-
1172 677 1192 736 4
1210 679 1329 734 Parrus
1349 681 1417 736 libro
1442 681 1665 750 quiuquopmimo
1682 679 1794 750 septimo
1818 681 1856 734 od
1877 679 1944 734 odro-

276 747 427 802 modissime
453 747 511 802 fieri
536 763 629 818 posse,
659 753 690 802 ιι
716 751 744 802 in
772 747 968 818 possessionem
995 749 1086 802 mittar
1139 751 1194 800 tum
1232 747 1262 800 Si
1285 763 1377 802 servus
1400 747 1450 802 snb
1475 747 1631 802 condicione
1653 745 1731 802 heres
1751 745 1890 800 institutus
1914 747 1945 802 sit

276 831 372 882 rorum,
408 829 456 870 uas
494 831 524 870 ro
542 815 638 870 herede
654 817 697 870 vel
713 831 762 886 pro
781 829 936 886 possessore
952 815 1085 884 possidet:
1131 817 1203 868 ιιι5
1226 815 1336 868 dubium
1359 815 1407 880 sit,
1432 829 1467 868 on
1490 815 1513 868 is
1536 815 1614 868 heres
1634 813 1754 880 liberque
1775 813 1883 868 futrrrus
1905 815 1944 884 sit,

277 883 324 936 sed
346 881 369 936 si
387 833 447 936 (ιιι
477 883 543 946 ecit,
564 899 617 952 quo
639 883 726 938 minus
748 883 911 952 possideret,
933 883 1007 936 bona
1030 883 1086 936 eius
1137 897 1192 934 non
1214 887 1257 936 est
1277 883 1398 950 iniquum
1420 881 1620 950 postulantibus
1643 881 1819 934 oreditoribus
1842 881 1882 934 ita
1902 881 1945 936 de-

280 955 314 1008 tt),
343 949 504 1018 possidenda
518 951 777 1006 etvendendasnnt.
803 949 888 1004 Divus
903 965 1010 1018 quoque
1020 949 1086 1004 Pius
1139 949 1223 1014 cerni,
1247 955 1290 1016 ιι,
1314 951 1338 1004 ιι
1358 953 1422 1004 ante
1445 955 1548 1002 certum
1568 955 1673 1018 tempus
1694 949 1716 1002 is
1735 949 1811 1002 heres
1829 963 1884 1002 non
1902 965 1945 1002 ex-

277 1019 305 1070 in
326 1033 441 1084 persona
462 1017 534 1080 eius,
559 1019 605 1084 qui
626 1019 801 1072 hereditatem
821 1017 962 1086 possidens
980 1017 1086 1086 copiam
1138 1015 1229 1080 titerit‚
1247 1015 1358 1084 perinde
1376 1015 1465 1070 omnia
1483 1017 1665 1078 observentur,
1685 1031 1716 1068 ιι
1735 1015 1758 1070 ιι
1775 1017 1797 1070 ιι
1815 1015 1893 1070 heres
1910 1017 1945 1072 ita

277 1085 319 1138 sui
341 1099 394 1138 nou
416 1083 547 1148 faciebat,
569 1085 708 1154 rescripsit
727 1087 756 1138 in
777 1085 973 1150 possessionem
996 1099 1087 1138 rerum
1136 1083 1275 1138 institutus
1297 1097 1351 1138 non
1374 1087 1458 1138 esset:
1484 1083 1556 1150 quod
1576 1083 1732 1150 plerumque
1754 1081 1900 1148 accideret,
1925 1087 1945 1138 si

276 1151 495 1206 hereditariarum
512 1151 692 1206 adversarium
709 1151 902 1206 inducendum:
925 1151 954 1204 ιι
971 1167 1026 1220 qno
1043 1167 1086 1206 re·
1137 1151 1188 1204 sub
1211 1151 1367 1204 ιιιιιιιιιιι
1391 1151 1496 1204 dandae
1520 1149 1602 1204 about
1624 1149 1753 1218 pecuniae
1776 1151 1853 1204 heres
1870 1151 1944 1204 insti-

275 1219 393 1288 scriptof
416 1223 442 1272 et
464 1217 582 1272 fructum
605 1221 742 1288 percipere
763 1219 841 1272 iussit
861 1233 934 1282 eum,
965 1219 1013 1288 qni
1037 1233 1086 1288 per
1136 1223 1212 1272 tutus
1234 1217 1270 1270 sit
1293 1233 1342 1272 nec
1365 1217 1422 1270 dies
1445 1217 1584 1286 adpositus
1608 1219 1652 1270 sit.
1687 1217 1734 1270 sed
1749 1219 1802 1270 hoo
1820 1225 1944 1284 quantum

276 1287 383 1340 nimiam
397 1287 591 1342 contumaciam
605 1285 768 1356 possessoris
783 1285 945 1350 hereditatis,
963 1291 995 1340 ut
1010 1285 1086 1340 lucro
1137 1285 1171 1338 ad
1189 1285 1261 1340 bona
1278 1285 1317 1336 ita
1333 1285 1543 1340 observandum:
1562 1291 1680 1340 ceterum
1697 1283 1805 1338 libertas
1823 1285 1849 1338 ei
1864 1301 1944 1354 quan-

275 1355 334 1408 ιιιι
358 1353 448 1420 cedat,
472 1355 500 1408 ιιι
517 1355 713 1424 possessionem
730 1353 855 1408 inductos
873 1359 915 1408 est
932 1369 1023 1408 rerum
1038 1355 1085 1408 he·
1138 1353 1224 1420 doque
1236 1357 1371 1420 competet
1382 1359 1409 1408 et
1421 1369 1437 1406 a
1448 1359 1572 1420 praetore
1584 1352 1767 1408 conservanda
1778 1357 1826 1418 cst,
1846 1355 1944 1408 etiamsi

276 1421 468 1476 redituriarum.
1138 1425 1242 1474 certum
1259 1421 1293 1474 sit
1310 1435 1397 1488 neque
1414 1419 1539 1474 heredem
1556 1435 1589 1474 ne
1608 1437 1641 1474 ue
1659 1423 1791 1474 bonorum
1809 1435 1944 1488 possesso-

311 1483 429 1546 Simu
442 1489 509 1544 libro
526 1489 717 1558 scroperrsimo
734 1487 771 1540 orl
788 1487 902 1542 edictum
936 1487 966 1540 Si
983 1487 1029 1540 diu
1044 1489 1085 1542 in·
1137 1503 1193 1542 rem
1209 1487 1338 1540 futurum.
1367 1489 1389 1540 si
1407 1489 1465 1556 quis
1484 1495 1575 1542 tameo
1591 1437 1714 1542 {creden
1733 1503 1761 1542 se
1775 1489 1946 1558 spondendo⁶

277 1561 379 1610 certum
395 1557 437 1622 sit,
455 1557 533 1612 heres
550 1561 689 1610 extaturus
707 1571 757 1608 nec
772 1569 805 1606 ne
820 1555 862 1618 sit,
881 1571 963 1610 causa
979 1555 1086 1622 cognita
1136 1555 1178 1608 vel
1196 1555 1315 1608 actiones
1332 1553 1459 1622 patiendo
1478 1555 1632 1608 defunctum
1652 1555 1788 1622 defendat,
1810 1557 1881 1608 bona
1902 1557 1944 1608 de-

276 1623 394 1690 permitti
417 1625 551 1690 oportebit
573 1625 644 1676 bona
665 1623 704 1676 rei
727 1621 871 1676 servandae
895 1637 978 1674 causa
997 1623 1084 1690 possi·
1137 1621 1222 1674 functi
1239 1623 1329 1676 venire
1346 1637 1401 1674 non
1418 1627 1553 1690 poterunt.

277 1693 352 1754 dere,
377 1697 417 1756 et,
440 1689 464 1744 si
484 1689 523 1744 ita
539 1705 582 1744 res
600 1695 711 1756 urgueat
729 1687 770 1742 vel
788 1687 908 1742 condicio
926 1689 1058 1742 bonorum
1065 1691 1084 1754 ³,
1172 1687 1190 1744 5
1214 1687 1359 1742 Uorsibus
1375 1689 1443 1744 libro
1460 1689 1630 1758 soanpea'mo
1650 1689 1687 1742 od
1703 1689 1817 1742 edictum
1853 1687 1882 1742 Si
1898 1691 1944 1744 mi-

278 1759 356 1810 etiam
374 1757 426 1812 hoc
440 1757 490 1810 erit
506 1755 712 1822 concedendum,
732 1761 762 1810 ut
780 1761 888 1810 curator
906 1757 1086 1810 constituatur
1138 1771 1187 1810 nor
1210 1755 1301 1822 viginti
1325 1757 1442 1822 quinque
1466 1757 1557 1822 annis,
1580 1757 1627 1824 qui
1649 1757 1732 1810 habet
1755 1761 1908 1822 curatores,
1931 1777 1946 1812 a

311 1821 330 1878 9
349 1823 466 1878 Pronus
485 1825 553 1876 libro
571 1825 813 1894 quinquepensimo
830 1825 944 1894 septimo
962 1823 999 1876 od
1016 1823 1085 1876 edio·
1138 1823 1307 1876 curatoribus
1325 1839 1380 1876 non
1398 1823 1556 1878 defendatur
1569 1839 1619 1878 neo
1634 1825 1714 1876 alium
1729 1823 1895 1878 defensorem
1909 1825 1945 1878 in-

280 1897 290 1944 l
328 1897 383 1944 tum
417 1909 487 1944 unus
505 1891 733 1944 excreditoribus.
762 1891 791 1944 Si
807 1891 876 1946 alter
894 1907 926 1946 ex
944 1891 1085 1944 heredibus
1137 1891 1232 1954 veniat,
1250 1889 1383 1944 bonorum
1401 1891 1579 1944 venditionem
1593 1891 1703 1960 patitur,
1723 1893 1772 1946 etsi
1785 1907 1840 1946 non
1854 1891 1945 1960 latitat,

278 1959 346 2014 intra
363 1963 483 2026 tempora
500 1957 551 2012 sibi
568 1957 729 2026 praestituta
746 1959 875 2014 deliberet
892 1959 966 2014 adire
980 1959 1084 2014 heredi·
1137 1959 1200 2012 licet
1215 1975 1270 2012 non
1287 1957 1465 2012 fraudationis
1485 1975 1569 2012 causa
1585 1959 1692 2014 latitare
1709 1959 1824 2026 videtur,
1843 1959 1888 2028 qui
1906 1963 1945 2016 sui

277 2033 373 2092 tatem,
397 2027 464 2080 alter
481 2041 543 2080 vero
560 2031 637 2094 neget
654 2041 682 2080 ιι
699 2025 847 2092 aditurum,
870 2027 1013 2082 videndum
1026 2033 1084 2092 est,
1137 2043 1191 2080 uon
1208 2029 1250 2080 est
1266 2025 1378 2080 idoneus
1397 2027 1528 2082 defensor.

277 2095 341 2164 quid
359 2095 534 2150 creditoribus
552 2095 684 2164 agendum
698 2095 740 2152 sit.
767 2101 795 2150 et
810 2095 900 2166 placet
916 2095 1022 2150 interim
1039 2111 1085 2150 eos
1172 2091 1191 2152 6
1209 2093 1329 2150 Pronus
1344 2095 1411 2150 libro
1430 2095 1496 2164 qu'u
1515 2095 1653 2164 coperimo
1671 2099 1764 2150 octauo
1784 2095 1820 2150 od
1834 2095 1945 2152 edictum

276 2163 305 2216 in
326 2165 522 2230 possessionem
544 2163 686 2218 mittendos
713 2165 850 2220 custodiae
877 2179 972 2230 causa,
1000 2163 1086 2218 donee
1137 2163 1165 2218 Si
1182 2179 1235 2216 non
1253 2161 1401 2230 expedierit
1417 2111 1520 2232 puali>
1544 2163 1719 2216 hereditatem
1744 2163 1861 2230 parentis
1884 2165 1945 2218 reti-

276 2237 420 2300 appareat,
442 2231 468 2286 is
490 2231 536 2300 qui
557 2231 685 2286 deliberat
706 2237 794 2286 utrum
818 2233 966 2300 adgnoscat
981 2237 1085 2302 partem
1136 2245 1207 2298 nere,
1226 2237 1335 2300 praetor
1352 2231 1424 2284 bona
1460 2229 1561 2284 efunoti
1575 2231 1665 2284 venire
1679 2231 1814 2298 permittit,
1833 2237 1863 2284 ut
1876 2233 1945 2298 quod

277 2315 355 2352 suam
371 2315 406 2352 an
424 2315 478 2354 non
495 2299 649 2366 adgnoscat.
1139 2305 1150 2350 l
1188 2299 1354 2368 superaverit
1370 2297 1473 2368 pupillo
1491 2299 1656 2352 restituatur.
1685 2299 1713 2350 Si
1730 2299 1854 2368 pupillus,
1873 2305 1945 2352 ante-

314 2365 351 2422 10
375 2365 519 2422 Uarianos
535 2367 603 2420 libro
620 2369 801 2436 ootnpeusr'mo
812 2367 905 2438 primo
920 2365 957 2418 acl
970 2365 1085 2422 edictum
1137 2383 1217 2434 quam
1230 2367 1384 2432 abstineret,
1403 2365 1504 2434 aliquid
1518 2365 1638 2434 gesserit,
1656 2365 1815 2420 servandum
1829 2371 1878 2428 est,
1897 2369 1945 2420 uti-

277 2433 306 2488 Si
322 2435 439 2502 pupillus
455 2449 582 2504 praesens
601 2433 648 2500 sit,
667 2439 783 2488 tutorem
800 2439 890 2488 autem
907 2449 962 2488 non
977 2433 1084 2500 habeat,
1137 2439 1152 2488 2
1189 2449 1239 2502 ιιι
1258 2435 1281 2488 ιι
1298 2437 1370 2490 bona
1386 2433 1440 2488 fide
1448 2435 1546 2556 dgessit.
1574 2433 1644 2500 Quid
1661 2449 1731 2502 ergo,
1749 2433 1772 2488 si
1790 2433 1945 2502 quibusdam

276 2517 325 2570 pro
347 2503 456 2556 ahsente
474 2501 612 2556 habendus
631 2507 679 2556 est.
1138 2503 1314 2556 oreditoribus
1332 2503 1424 2568 solvit,
1467 2503 1544 2556 eiude
1560 2503 1632 2556 bona
1648 2503 1794 2556 venierint?
1826 2501 1850 2556 si
1883 2517 1944 2556 uae·

314 2567 350 2626 11
372 2569 489 2622 Pronus
503 2569 570 2624 libro
584 2573 676 2622 octauo
690 2569 728 2624 od
736 2569 874 2624 Plautium
902 2569 931 2622 Si
941 2569 996 2624 iilic
1009 2569 1085 2624 fami·
1137 2575 1220 2638 ratur,
1238 2587 1274 2622 an
1290 2569 1413 2638 repetitio
1433 2571 1474 2638 sit,
1493 2587 1527 2624 ιιι
1545 2585 1627 2624 ιιιιι
1640 2571 1668 2636 id
1684 2569 1854 2626 statuendum
1865 2519 1944 2624 ilalin-

276 2637 327 2692 lias
343 2637 458 2704 legatum
475 2637 517 2692 vel
528 2635 760 2692 fideicommissum
773 2639 822 2692 sub
837 2635 995 2692 ιιιιιιιιιιι
1008 2639 1085 2692 relio-
1139 2653 1188 2692 nus
1211 2639 1262 2704 ait,
1292 2653 1327 2692 ne
1352 2637 1461 2692 alterius
1489 2645 1537 2692 ιιι
1559 2639 1725 2708 neglegentia
1745 2643 1793 2692 ιιι
1814 2637 1944 2708 cupiditas

277 2707 399 2770 sumsit,
424 2703 564 2760 dicendum
586 2710 627 2758 est
648 2713 703 2758 tam
724 2707 811 2775 ipsum
832 2721 912 2774 quam
933 2711 1037 2774 patrem
1058 2707 1086 2760 in
1138 2705 1208 2772 huic,
1226 2705 1272 2776 qui
1291 2707 1401 2776 diligens
1418 2707 1484 2774 fuit,
1508 2713 1612 2762 noceat.
1648 2707 1759 2774 quodsi
1776 2713 1890 2776 utroque
1908 2707 1942 2760 in·

278 2773 471 2840 possessionem
488 2773 630 2828 mittendos
649 2789 723 2838 esse,
745 2773 808 2842 quia
824 2775 903 2830 ambo
920 2789 996 2844 spem
1013 2791 1084 2828 com·
1137 2779 1224 2830 stante
1241 2773 1291 2828 tibi
1308 2773 1473 2842 gratificatus
1491 2779 1566 2828 tutor
1583 2775 1674 2836 solvit,
1693 2789 1806 2842 aequum
1823 2789 1882 2830 esse
1901 2783 1945 2828 aut

278 2841 347 2894 modi
364 2841 472 2896 habent.
845 2883 847 2888 s
1137 2841 1211 2910 prius
1233 2841 1345 2896 eandem
1367 2843 1517 2912 portionem
1538 2843 1602 2896 mihi
1625 2841 1716 2908 quaeri
1737 2849 1785 2896 aut
1802 2845 1945 2896 communi-

314 2905 351 2966 12
371 2907 541 2964 Poupomcs
560 2909 628 2964 libro
646 2909 788 2962 vicensimo
806 2911 884 2962 tertio
906 2909 943 2962 od
961 2907 1086 2974 Quintum
1138 2911 1252 2964 candum
1270 2911 1342 2981 quod
1360 2911 1501 2980 accepisti:
1520 2917 1546 2964 et
1562 2911 1614 2964 hoo
1628 2911 1748 2964 lulianus
1763 2911 1808 2964 ait.
1835 2917 1946 2980 apparet

277 2977 397 3032 Mucium
433 2977 498 3030 llum
521 2977 546 3032 le
580 2983 669 3032 torum
690 2976 733 3032 vel
749 2977 947 3032 fideicommissi
964 2977 1087 3032 servandi
1137 2983 1226 3032 antem
1243 2977 1317 3046 loqui
1334 2995 1407 3044 eunt,
1431 2979 1455 3034 si
1479 2995 1512 3034 ex
1536 2979 1613 3034 bonis
1632 2979 1750 3100 paternis
1769 2979 1886 3034 solutum
1904 2979 1944 3034 sit.

278 3061 375 3112 eausa,
397 3045 438 3100 vel
462 3047 525 3112 quia
564 3045 635 3100 amni
657 3045 750 3100 infecti
773 3045 850 3100 nobis
874 3061 928 3100 non
951 3051 1085 3112 caueatur,
1138 3047 1202 3114 quid
1218 3061 1290 3116 ergo,
1309 3047 1332 3102 si
1349 3047 1456 3102 aliunde
1473 3047 1590 3116 pupillus
1610 3047 1736 3100 severit?
1766 3047 1842 3100 reddi
1859 3047 1884 3100 ei
1902 3047 1944 3100 de-

277 3115 348 3170 bona
365 3113 501 3184 possidere
517 3119 625 3184 praetor
641 3113 783 3184 permittit,
805 3115 846 3168 vel
863 3115 962 3168 ventris
979 3115 1086 3170 nomine
1138 3114 1212 3170 bebit
1227 3131 1277 3170 nec
1295 3115 1348 3170 ne?
1378 3121 1404 3170 ιι
1426 3121 1517 3170 utrum
1540 3131 1557 3168 a
1579 3115 1710 3170 creditore
1731 3129 1765 3168 an
1789 3131 1821 3170 ex
1843 3115 1944 3168 heredi-

277 3183 305 3236 in
320 3183 514 3252 possessionem
532 3199 581 3238 nos
599 3183 687 3248 mittit,
705 3199 759 3236 non
774 3181 948 3252 possidemus,
966 3183 1015 3238 sed
1029 3199 1085 3238 ma·
1136 3185 1211 3238 tate?
1240 3182 1369 3238 Scaevola
1391 3189 1483 3238 noster
1507 3185 1558 3250 ait,
1587 3185 1610 3238 si
1631 3183 1731 3254 aliquid
1754 3183 1790 3238 ιιι
1811 3183 1839 3236 in
1860 3183 1944 3248 bonis,

277 3253 315 3320 gis
335 3251 483 3306 custodiam
497 3265 587 3306 rerum
599 3257 627 3306 et
639 3251 850 3306 observationem
862 3251 940 3306 nobis
954 3251 1083 3308 concedit.
1138 3251 1322 3306 deducendum
1340 3267 1373 3306 ex
1388 3253 1536 3306 hereditate
1555 3251 1669 3306 solidum
1683 3253 1803 3330 exemplo
1817 3251 1884 3314 eius,
1903 3253 1945 3318 qui

314 3315 350 3376 13
370 3319 553 3376 Pluinnam
573 3321 640 3376 libro
659 3325 757 3390 quarto
776 3319 877 3376 docimo
894 3337 1085 3390 responsorum
1136 3319 1218 3388 gessit
1238 3319 1359 3388 negotia:
1384 3321 1431 3376 sed
1454 3319 1478 3374 si
1499 3321 1566 3374 nihil
1589 3321 1623 3374 sit
1645 3319 1673 3372 in
1697 3321 1787 3384 boms,
1811 3335 1865 3372 non
1889 3335 1945 3374 esse

278 3387 321 3440 Ad
345 3387 520 3456 cognitionem
542 3389 733 3456 imperatorum
755 3403 773 3442 a
793 3389 915 3458 praeside
932 3387 1086 3456 provinciae
1137 3387 1257 3454 iniquum
1281 3389 1408 3444 adversus
1436 3387 1593 3442 creditorem
1621 3387 1736 3442 dandam
1762 3387 1945 3454 repetitionem

278 3457 403 3510 remissus
426 3457 477 3512 etsi
498 3457 527 3510 in
550 3457 644 3510 ceteris
668 3457 758 3510 litibus
776 3457 877 3510 Romae
897 3457 1039 3512 defendere
1056 3473 1086 3512 se
1138 3457 1213 3526 quasi
1229 3457 1342 3512 indebiti
1358 3457 1446 3512 soluti.

278 3541 332 3578 non
355 3523 473 3592 cogitur,
502 3523 641 3580 tamenin
664 3525 801 3592 provincia
825 3523 1006 3580 defendendus
1030 3531 1084 3580 est:
1172 3523 1190 3580 7
1211 3523 1302 3580 Gaius
1323 3523 1390 3580 libro
1408 3525 1532 3580 uicesimo
1551 3525 1628 3578 tertio
1652 3523 1689 3578 ad
1706 3523 1818 3580 edictum
1833 3525 1944 3594 prouin-

278 3607 340 3644 nam
363 3597 390 3646 et
412 3593 490 3646 exilio
512 3591 673 3662 temporario
701 3591 801 3660 puniti,
831 3593 854 3646 ιι
881 3593 1006 3646 defensor
1031 3609 1085 3646 non
1137 3593 1206 3646 ciale
1232 3593 1430 3646 Hereditarium
1444 3607 1491 3646 aes
1504 3593 1620 3646 alienum
1637 3591 1797 3660 intellegitur
1813 3593 1893 3646 etiam
1911 3593 1944 3658 id,

278 3661 383 3726 existat,
401 3661 472 3714 bona
489 3667 612 3714 veneunt.
1137 3661 1169 3714 de
1187 3677 1239 3730 quo
1258 3677 1319 3714 oum
1337 3661 1462 3714 defuncto
1481 3661 1523 3730 agi
1540 3677 1595 3714 non
1611 3661 1713 3730 potuit,
1736 3661 1816 3714 ueluti
1835 3661 1907 3728 quod
1923 3661 1944 3714 ιι

315 3725 353 3784 14
376 3727 494 3784 Paucos
516 3729 585 3784 libro
607 3727 725 3784 racundo
747 3727 933 3798 quaestionum
974 3727 1003 3782 Si
1027 3727 1085 3796 quis
1137 3745 1199 3782 eum
1215 3735 1364 3782 moreretur
1381 3729 1504 3784 daturum
1519 3745 1548 3784 se
1562 3727 1734 3796 promisisset,
1751 3729 1815 3784 item
1829 3729 1900 3796 quod
1913 3729 1944 3794 is,

280 3795 436 3850 creditorem
453 3797 620 3866 prohibuerit
635 3797 708 3850 bona
725 3795 852 3850 debitoris
868 3795 983 3864 ingredi,
1007 3795 1086 3850 datur
1137 3797 1182 3864 qui
1199 3811 1247 3864 pro
1265 3795 1392 3850 defuneto
1408 3795 1553 3862 fideiussit,
1577 3801 1767 3866 postmortem
1785 3797 1842 3850 eius
1859 3797 1944 3852 solvit.

283 3871 290 3916 l
329 3865 357 3918 in
374 3879 432 3920 eum
451 3865 536 3932 actio,
560 3865 653 3934 quanti
669 3879 702 3918 ιι
718 3879 761 3918 ιιι
779 3865 822 3918 ιιι.
857 3865 910 3918 Sed
932 3863 1004 3918 etsi
1026 3865 1085 3934 quis
1171 3859 1359 3926 Silanianum
1379 3865 1446 3918 libro
1465 3865 1654 3934 scrupeusimo
1667 3865 1759 3934 primo
1778 3865 1815 3918 od
1831 3865 1943 3920 edictum

278 3933 425 4002 legatorum
442 3933 631 3988 servandorum
645 3949 729 3988 causa
742 3931 1085 4004 missusinpossessionem
1136 3931 1168 3986 ln
1191 3931 1368 3986 venditionem
1388 3931 1520 3986 bonorum
1547 3931 1625 3986 etiam
1649 3949 1715 3986 usus
1738 3931 1843 3988 fructus
1866 3935 1943 3994 venit,

279 4003 411 4056 admissus
433 4019 487 4056 non
509 4009 561 4066 est,
586 4001 609 4054 si
629 4001 711 4070 legati
732 4001 853 4054 condicio
869 3999 999 4070 pendeat,
1023 4001 1086 4054 licet
1137 4001 1199 4070 quia
1220 3999 1399 4070 appellah'one
1427 3999 1527 4054 domini
1556 3999 1718 4054 fructuarius
1747 4017 1852 4068 quoque
1881 4017 1944 4056 con-

279 4071 365 4138 possit
388 4069 512 4134 deficere,
537 4069 693 4126 aestimatur
715 4075 803 4124 tamen
825 4069 853 4122 id
875 4069 947 4138 quod
969 4069 1086 4138 legatum
1140 4073 1150 4120 l
1187 4069 1293 4122 tinetur.
1322 4067 1350 4122 si
1368 4067 1427 4138 quis
1443 4069 1548 4122 fructus
1565 4083 1599 4122 ex
1616 4067 1725 4138 praedio
1742 4069 1870 4126 debitoris
1886 4069 1944 4138 capi

279 4147 294 4190 ἰ
329 4143 384 4204 ιιι,
407 4139 469 4208 quia
491 4139 602 4192 interest
620 4139 677 4192 eius
695 4143 804 4192 cautum
820 4137 927 4192 habere.
965 4137 1086 4192 creditor
1137 4137 1342 4206 poterimusne
1366 4137 1494 4202 creditor,
1519 4135 1565 4204 qui
1586 4137 1615 4190 in
1631 4137 1827 4206 possessionem
1844 4135 1944 4206 praedii

279 4211 369 4262 autern
395 4207 584 4260 condicionalis
608 4207 636 4258 in
663 4207 858 4274 possessionem
884 4221 938 4260 non
963 4205 1084 4270 mittitur,
1137 4205 1233 4258 missos
1256 4209 1310 4270 est,
1332 4205 1447 4258 vendere
1469 4205 1511 4258 vel
1534 4207 1623 4258 locare
1646 4205 1737 4260 debet:
1762 4205 1809 4260 sed
1833 4207 1884 4260 hoo
1908 4205 1944 4256 ita

280 4275 342 4342 quia
359 4273 382 4326 is
399 4273 524 4338 mittitur,
547 4273 592 4342 qui
613 4279 703 4342 potest
719 4273 790 4328 bona
808 4289 841 4326 ex
857 4273 944 4328 edicto
962 4273 1084 4328 vendere.
1138 4273 1255 4338 demum,
1279 4273 1302 4326 si
1325 4279 1386 4326 ante
1408 4275 1512 4340 neque7
1537 4273 1644 4326 venierit
1661 4287 1746 4340 neque
1763 4271 1867 4326 locatus
1886 4273 1942 4326 crit.

317 4339 354 4398 15
383 4339 528 4396 Uarianos
551 4341 618 4396 libro
641 4345 720 4396 screto
744 4341 1010 4410 fideicommissorum
1049 4341 1085 4406 Ιι,
1136 4355 1198 4392 nam
1220 4339 1245 4392 si
1263 4339 1317 4394 iarn
1333 4355 1351 4394 a
1369 4339 1488 4394 debitore
1505 4339 1547 4394 vel
1563 4339 1667 4394 locatus
1685 4345 1743 4394 erat
1760 4339 1802 4394 rel
1817 4341 1941 4408 venierat,

280 4411 404 4478 quirem
427 4413 604 4478 permutatam
626 4409 743 4478 accepit,
773 4411 886 4480 emptori
912 4409 1005 4468 similis
1031 4415 1085 4464 est:
1137 4407 1253 4462 servabit
1273 4413 1383 4478 praetor
1404 4407 1581 4462 uenditionem
1602 4413 1629 4462 ιι
1650 4409 1808 4462 locationem
1833 4423 1849 4462 a
1871 4407 1944 4462 debi-

279 4479 342 4532 item
364 4477 402 4544 is,
429 4477 474 4544 qui
500 4493 557 4530 rem
584 4477 612 4530 in
640 4477 755 4532 solutum
783 4493 846 4532 acce
865 4477 888 4530 it
908 4477 950 4532 vel
973 4477 1020 4546 qui
1039 4477 1086 4532 lite
1136 4475 1317 4542 berefactam,
1334 4475 1386 4530 etsi
1402 4477 1512 4530 minoris
1529 4475 1686 4530 distractum
1703 4479 1745 4530 est
1761 4477 1802 4528 vel
1820 4477 1943 4542 locatum,

280 4545 420 4600 aestimata
441 4545 550 4598 retinuit
572 4544 614 4598 vel
635 4561 669 4600 ex
686 4561 768 4600 causa
785 4547 855 4614 stipa
884 4545 963 4600 tionis
980 4561 1034 4600 non
1051 4547 1086 4602 ob
1136 4543 1188 4596 nisi
1209 4543 1233 4596 si
1255 4543 1283 4596 in
1306 4543 1428 4598 fraudem
1451 4543 1613 4598 creditorum
1633 4543 1686 4598 hoc
1708 4543 1769 4596 liat:
1793 4549 1857 4596 tunc
1874 4543 1943 4596 euim

280 4613 464 4666 liberalitatem
482 4617 523 4666 est
540 4619 709 4666 consecutus.
1137 4617 1245 4680 praetor
1273 4611 1413 4664 arbitrium
1438 4611 1485 4664 dat
1509 4609 1699 4676 oreditoribus,
1727 4615 1758 4662 nt
1784 4627 1815 4664 ιιι
1842 4611 1942 4678 integro

1138 4681 1152 4730 2
1187 4676 1347 4732 locationem
1367 4679 1410 4732 vel
1430 4677 1608 4732 venditionem
1628 4677 1738 4732 faciam.
1778 4679 1820 4732 De
1842 4683 1941 4732 cetera-

1136 4761 1197 4798 rum
1214 4761 1319 4814 quoque
1335 4761 1426 4800 rerum
1442 4745 1575 4800 fructibus
1592 4745 1661 4798 idem
1675 4747 1725 4800 erit
1737 4745 1887 4810 dicendum,
1904 4749 1941 4804 ιι,

659 4819 713 4878 ιιι,
1137 4813 1161 4866 ιι
1178 4813 1223 4880 qui
1240 4813 1323 4868 locari
1343 4813 1460 4882 possint,
1484 4813 1618 4880 locentur,
1643 4819 1710 4882 puta
1730 4813 1865 4866 mercedes
1888 4829 1941 4866 ser·

282 4915 327 4966 DE
344 4915 452 4966 REBUS
470 4915 705 4966 suonomnsrn
723 4917 849 4966 Ionicis
866 4917 1086 4970 POSSIDENDIS
1137 4895 1229 4934 mrum
1251 4883 1293 4962 *91
1313 4881 1491 4936 mmmmm
1509 4885 1721 4960 ⁰⁰t³z⁰nimqi¹³l
1745 4897 1812 4948 quae
1831 4883 1942 4948 p⁰⁵⁵¹mt

272 4995 273 4998 ‘
541 4983 605 5034 SEU
621 4981 828 5036 VENDUNNS·
1136 4947 1645 5070 lustrantialustrantia
1661 4947 1941 5068 antistitii

318 5079 332 5138 1
355 5083 446 5138 Galus
464 5083 532 5140 istro
549 5083 672 5136 uicesimo
691 5085 770 5138 tertio
792 5083 830 5138 ool
845 5083 961 5140 edictum
973 5085 1086 5154 prouin-
1137 5083 1248 5148 videtur,
1267 5089 1368 5152 quanto
1385 5089 1504 5152 ternpore
1522 5083 1619 5146 locent,
1642 5083 1861 5152 quemadmodum
1878 5081 1942 5136 illud

282 5149 349 5204 ciale
384 5149 480 5206 Venire
496 5151 568 5206 bona
584 5149 622 5204 ibi
638 5155 756 5218 oportet,
779 5153 825 5206 ubi
846 5151 958 5222 quisque
980 5149 1086 5206 defendi
1137 5151 1226 5204 estin
1248 5149 1358 5206 arbitrio
1380 5167 1486 5216 eorum,
1516 5149 1631 5204 vendant
1653 5149 1694 5206 vel
1716 5149 1818 5212 locent,
1841 5149 1942 5206 scilicet

282 5217 369 5282 debet,
386 5219 414 5272 id
431 5225 472 5272 est
1137 5223 1152 5272 4
1189 5217 1245 5272 sine
1261 5217 1323 5272 dolo
1342 5219 1426 5272 malo:
1446 5233 1479 5272 ex
1496 5217 1576 5288 culpa
1589 5223 1677 5272 antem
1691 5217 1731 5272 rei
1743 5233 1797 5272 non
1811 5215 1887 5272 fiunt.
1914 5215 1942 5272 Si

316 5281 334 5338 2
353 5285 471 5342 Plutus
491 5287 558 5342 libro
577 5287 818 5408 quiapuopcnstmo
836 5291 934 5356 quarm
959 5287 996 5340 ad
1016 5287 1085 5340 odio·
1136 5301 1205 5340 unns
1222 5285 1266 5352 sit,
1284 5287 1329 5354 qui
1343 5287 1483 5366 possideat
1499 5287 1578 5350 bono,
1596 5285 1748 5354 expeditum
1761 5285 1811 5338 erit
1823 5285 1856 5340 de
1869 5285 1941 5340 loca·

282 5357 337 5404 tum
371 5353 418 5406 ubi
434 5353 594 5410 domicilium
610 5353 647 5408 ha
665 5359 701 5418 et,
1128 5353 1221 5420 tione:
1257 5353 1311 5406 uod
1328 5369 1351 5406 ιι
1368 5371 1423 5408 ιιι
1439 5369 1518 5418 unus,
1536 5351 1583 5408 sed
1597 5353 1686 5422 plures
1700 5353 1761 5420 sint,
1778 5353 1838 5422 quis
1851 5369 1941 5408 eorum

316 5415 334 5476 3
356 5419 447 5476 siros
466 5423 535 5476 atro
552 5423 674 5476 uicesimo
692 5425 770 5478 tertio
792 5423 830 5476 orl
845 5423 960 5476 edictum
973 5423 1084 5494 prouin-
1127 5371 1338 5476 'detentionis
1355 5421 1539 5486 nefrendem,
1563 5421 1707 5488 quaeritur.
1742 5427 1770 5476 et
1792 5419 1816 5476 ιι
1837 5421 1941 5488 quidem

284 5487 350 5542 ciale
377 5493 425 5542 ant
437 5491 484 5544 ubi
496 5489 606 5558 quisque
620 5491 791 5544 contraxerit.
816 5497 982 5544 contractum
995 5495 1084 5544 autem
1137 5487 1259 5542 conuenit
1271 5489 1340 5542 inter
1354 5503 1409 5554 eos,
1427 5487 1652 5558 expeditissimum
1665 5493 1719 5542 est:
1737 5503 1800 5542 nam
1811 5493 1838 5542 ιι
1851 5503 1941 5544 omnes

1811 5605 1937 5614 ...m--..a

281 5665 311 5728 (l)
329 5665 370 5714 hio
379 5663 419 5714 ΙΝ
485 5665 517 5722 (ιι
535 5661 714 5730 :amptius
777 5663 809 5724 (ιι
827 5661 954 5712 bonan
1134 5659 1234 5712 diusor.
1308 5637 1500 5726 (tlsc'cF¹cum
1510 5659 1775 5728 B,respondendoF²
1846 5663 1880 5724 (ιι
1898 5679 1939 5714 ιι-

316 5735 348 5794 [o
366 5733 414 5784 Ει.
429 5741 507 5792 aaa
526 5731 586 5784 Sao.
601 5741 691 5794 ιι...ιι;
710 5729 774 5796 Pap.
789 5739 878 5784 ιι...ιι.
891 5757 924 5768 -
942 5731 1008 5782 Bae.
1022 5731 1047 5794 ι,
1062 5741 1083 5794 ι,
1135 5729 1300 5794 que1quch

281 5811 352 5858 ltdi-
365 5827 399 5838 --
415 5801 451 5870 Os
468 5801 526 5852 Coa
539 5803 562 5866 7,
576 5813 603 5854 ιι
699 5799 732 5866 (ι)
748 5797 843 5866 sitite,
855 5799 885 5850 nt
900 5801 945 5866 (ιιι
960 5797 1082 5866 dsiccar)
