4366 6258
261 385 303 434 un
323 383 443 430 sumus
464 385 540 430 nne.
561 385 605 430 nr
626 381 750 434 nmmo.
1052 361 1115 434 457
1728 363 1872 454 XXXIII
1896 369 1910 424 1

263 557 325 604 ‘cnm
342 549 450 612 moriar,
470 547 532 602 licet
548 547 576 602 in
593 549 708 604 rationes
726 563 798 604 meas
815 549 945 604 nenshta
962 551 1016 604 sint
1032 553 1059 602 et
1108 563 1144 598 an
1157 547 1273 626 pretium
1291 549 1360 614 eius,
1382 551 1446 604 scd⁴
1463 559 1489 606 et
1505 549 1547 616 ld,
1571 545 1643 616 quod
1655 559 1708 666 pro
1725 543 1836 622 introitu
1854 559 1911 598 ero-

263 617 399 674 ‘cautioncs
416 615 452 668 ad
469 621 585 670 actorem
602 631 689 670 meum
707 617 905 670 transtulerim’.
938 617 983 670 hic
1004 617 1057 672 chi-
1107 629 1164 682 gan
1182 615 1261 680 solet,
1279 629 1313 668 ex
1330 631 1411 672 cansa
1427 615 1655 672 fideicommissis
1688 611 1830 666 heredibus
1848 629 1911 666 con-

262 685 385 754 rcgrapha
411 683 558 736 debitorum
586 691 612 738 et
636 685 787 752 pecuniam,
815 701 875 738 oum
902 691 972 738 esset
995 701 1057 754 pro·
1107 683 1184 750 sequi
1199 681 1291 750 possit,
1325 685 1462 750 respondit
1484 683 1629 740 secundum
1647 697 1679 736 ee
1694 693 1763 748 quae
1775 695 1911 760 propone·

262 757 370 810 fecturus
391 751 420 802 in
442 751 546 814 urbem,
566 751 596 804 in
616 751 770 806 lateralibus
792 749 910 806 condidit
928 757 954 804 et
972 751 1057 804 chiro-
1109 753 1122 802 3
1158 755 1251 802 rentur
1266 763 1353 818 posse.
1388 749 1461 804 Idem
1481 757 1594 808 testator
1613 751 1708 806 liberto
1729 747 1849 802 mucan
1869 747 1911 802 his

262 819 360 892 graphia
384 817 484 870 exactIs
507 833 586 886 qnam
612 819 726 886 pecunia
753 823 860 886 erogata
884 833 1005 874 reversus
1029 817 1058 870 in
1107 815 1194 868 serbis
1216 815 1326 886 legarit:
1357 813 1425 870 ‘Seio
1451 817 1547 874 liberto
1574 835 1632 874 meo
1655 817 1773 872 militiam
1796 813 1830 868 do
1853 815 1910 884 lego

262 887 366 960 patriam
387 891 449 952 post
466 885 600 940 biennium
617 885 670 938 alia
688 885 863 954 chirographa
879 885 1057 954 praediorum,
1107 883 1197 948 illam',
1220 897 1299 950 quom
1319 883 1438 936 militiam
1460 891 1485 936 et
1505 885 1739 940 assertionis:
1763 883 1911 954 quamtum

263 955 431 1074 quapippstee
449 957 648 1072 compararepat
657 955 674 1018 1,
692 957 719 1006 et
735 951 876 1072 ppacutniam
890 951 921 1072 ip
937 953 1058 1074 lffimfia
1108 955 1161 1070 eppg
1179 965 1220 1070 den
1232 965 1323 1070 donera
1346 949 1621 1070 omffiiitedsirildtmitus
1638 955 1747 1010 militiae
1763 953 1798 1006 ah
1815 951 1911 1006 herede

262 1039 325 1144 iiia
342 1033 686 1156 eslegrppppprplpeepdstpp
703 1035 972 1142 ppverpusuminnisppm
991 1033 1911 1158 laig-³¹103a¹icairrdr⁵iglteroarpiiortqnaeraocumpnttar

262 1159 353 1214 talibus
370 1153 494 1208 condidit.
528 1155 665 1254 resppndit
687 1153 833 1232 secundum
857 1169 888 1206 ea
909 1169 980 1234 quae
994 1171 1056 1232 pro·
1109 1159 1284 1208 tractatarum
1325 1153 1354 1206 Si
1370 1157 1445 1232 pater
1462 1151 1621 1232 exheredato
1638 1153 1693 1210 filio
1710 1155 1848 1210 substituit
1859 1159 1910 1236 'he-

262 1227 413 1348 stitit
429 1221 1058 1356 itit{dictitantitttttttpb
1107 1221 1378 1342 tilitatddttt·
1394 1219 1724 1342 ttitdtttdttt
1739 1221 1911 1360 {iiiiii

263 1359 457 1414 continerentur.
496 1357 565 1412 idem
593 1357 718 1424 quaesiit,
746 1371 795 1420 an,
823 1373 882 1408 cum
912 1355 1058 1424 emptiones
1109 1357 1244 1420 decedere,
1271 1361 1337 1424 puto
1364 1371 1380 1408 a
1405 1353 1548 1410 substituto
1575 1351 1675 1408 eiliIio
1697 1357 1802 1414 omnino
1825 1359 1911 1426 legate

262 1425 421 1498 praediorum
443 1423 471 1478 in
492 1423 576 1480 isdem
598 1423 753 1478 lateralibus
768 1423 930 1490 condiderat,
947 1423 1079 1502 praedia
1107 1423 1263 1492 praestarii'
1280 1439 1334 1478 non
1346 1422 1449 1488 debere,
1468 1423 1530 1492 quia
1541 1437 1595 1476 non
1606 1421 1715 1486 directo,
1733 1425 1782 1478 sed
1790 1441 1839 1494 per
1851 1443 1911 1480 suc-

277 1507 357 1560 noque
372 1491 459 1558 legato
478 1491 581 1546 cedant.
614 1491 751 1560 respondit
773 1507 828 1546 non
848 1489 952 1560 quidem
973 1505 1057 1544 mam-
1111 1497 1121 1546 1
1158 1493 1302 1548 cessionem
1313 1491 1347 1544 ad
1358 1489 1442 1544 filium
1450 1489 1583 1546 hereditas
1593 1489 1677 1558 patrie
1686 1493 1814 1558 pervenit.
1847 1493 1911 1548 Plus

262 1515 321 1618 iesse
338 1573 478 1626 apparere,
502 1557 615 1628 quidde
650 1559 747 1614 raediis
764 1561 903 1624 sensisset,
926 1575 1018 1612 verum
1035 1561 1059 1612 si
1109 1575 1155 1628 ege
1177 1561 1206 1616 iu
1226 1559 1321 1624 fratre,
1344 1559 1401 1628 qui,
1425 1573 1484 1612 cum
1505 1559 1581 1612 heres
1599 1557 1842 1636 assenserant,
1866 1577 1910 1614 ex-

261 1645 290 1684 ea
308 1631 391 1680 mente
414 1627 557 1696 emptIones
579 1627 617 1680 ibi
632 1575 760 1690 inseret,
791 1633 822 1678 ut
847 1627 888 1680 his
913 1627 1058 1696 legatariae
1106 1627 1262 1684 herodotum
1289 1627 1398 1680 fratrem
1427 1627 1550 1680 heredem
1575 1627 1704 1690 instituit,
1730 1627 1823 1704 accepi
1849 1629 1910 1682 suh-

262 1697 322 1750 datis
338 1695 485 1762 proprietas
503 1693 672 1762 praediorum
692 1699 885 1762 praestaretur,
908 1711 988 1762 posse
1012 1695 1057 1748 de·
1108 1695 1227 1750 stitutum
1248 1695 1305 1750 eius
1325 1695 1440 1762 legatum
1460 1709 1515 1748 non
1538 1693 1631 1748 debere
1653 1707 1686 1746 ac
1707 1707 1741 1746 ne
1763 1693 1867 1760 qmdem
1889 1697 1911 1750 si

263 1773 272 1818 1
305 1761 372 1816 leudi
414 1761 503 1816 raedis
525 1777 630 1830 quoque
653 1761 750 1816 deberi.
786 1761 867 1816 Pater
887 1761 1003 1816 familias
1021 1763 1059 1816 ita
1106 1763 1232 1818 intestato
1252 1763 1346 1816 fratri⁷
1367 1761 1536 1828 successerit,
1563 1759 1698 1828 quianon
1721 1759 1911 1828 principaliter,

260 1831 358 1912 legavit:
382 1779 480 1908 ‘finees
497 1845 607 1884 numero
626 1829 693 1884 duas
710 1831 793 1896 leves,
816 1847 882 1900 quas
904 1831 937 1884 de
959 1831 1057 1910 sigilla-
1107 1829 1154 1882 sed
1169 1847 1218 1900 per
1235 1831 1428 1886 successionem
1444 1831 1515 1884 bona
1531 1827 1640 1908 haeris?
1658 1827 1692 1882 ad
1709 1843 1770 1882 eum
1785 1843 1911 1896 peruene-

261 1901 333 1954 ‘nbus
352 1913 409 1962 emr,
428 1897 485 1952 dari
500 1897 585 1952 volo’:
602 1897 626 1952 is
644 1897 677 1954 de
694 1897 852 1966 sigillaribus
866 1899 938 1954 leves
953 1897 1058 1966 quidem
1108 1901 1122 1950 2
1156 1905 1227 1954 runt.
1254 1897 1283 1954 Si
1299 1897 1370 1954 filius
1388 1915 1420 1954 ex
1436 1897 1515 1952 uncia
1531 1897 1608 1952 heres
1625 1897 1764 1950 mstitntus
1782 1895 1817 1950 sit
1835 1901 1861 1950 et
1878 1897 1911 1952 ab

261 1983 308 2022 non
324 1971 429 2030 emerat,
447 1965 537 2020 lances
555 1969 644 2020 autem
661 1973 763 2034 emptas
780 1967 905 2030 habehat,
930 1971 957 2020 et
974 1965 1056 2020 diota-
1107 1981 1138 2020 eo
1154 1965 1243 2034 legata
1265 1967 1329 2020 data
1351 1969 1416 2032 sint,
1440 1967 1539 2020 hebeat
1559 1969 1587 2020 et
1607 1965 1793 2030 substitutum,
1818 1963 1912 2018 deinde

260 2037 325 2088 cerat
345 2039 531 2086 testamentum
555 2039 618 2088 ante
645 2033 762 2098 triduum
791 2049 869 2102 quam
896 2039 1056 2088 moreretur:
1107 2035 1245 2088 commisso
1257 2035 1344 2088 edicto
1358 2035 1497 2104 paralium
1513 2031 1596 2086 hlium
1613 2033 1717 2102 accepit
1733 2033 1818 2102 partis
1837 2033 1911 2086 dimi-

260 2099 398 2170 quaesitum
416 2109 463 2164 est,
482 2117 516 2156 au
532 2101 585 2156 hae
601 2101 699 2168 boses,
717 2117 784 2170 quas
797 2107 898 2170 emptas
912 2101 945 2156 de
958 2101 1056 2170 sigilla·
1100 2101 1166 2154 dise
1186 2101 1317 2154 honorum
1333 2103 1542 2170 possessionem:
1564 2101 1722 2156 substitutus
1744 2101 1801 2154 eius
1824 2105 1913 2170 utrum

260 2169 324 2222 dhus
345 2167 449 2234 habuit,
475 2167 562 2236 legato
585 2169 720 2236 cederent,
746 2185 806 2224 oum
827 2169 915 2224 naidas
936 2169 1003 2224 alias
1025 2167 1057 2224 de
1106 2183 1140 2222 ex
1161 2169 1241 2222 uncia
1262 2167 1350 2236 legata
1371 2171 1509 2238 praestat⁹
1531 2185 1566 2222 an
1589 2183 1653 2224 vero
1676 2185 1710 2224 ex
1731 2167 1860 2224 semisse?
1886 2173 1913 2222 et

260 2235 408 2304 sigillaribus
426 2235 518 2290 emerit
534 2251 585 2290 nec
601 2235 735 2304 legaverit.
761 2237 899 2304 respondit
912 2237 1057 2290 secundum
1105 2235 1193 2290 verius
1211 2239 1252 2290 est
1269 2251 1302 2290 ex
1319 2237 1428 2290 semisse
1444 2235 1491 2290 sed
1508 2251 1542 2290 ex
1557 2237 1638 2290 uncia
1655 2235 1777 2290 omnibus
1799 2251 1833 2290 ex
1851 2235 1911 2290 reli-

260 2319 288 2426 ξε)
302 2317 366 2424 puae
383 2307 596 2372 proponerentur
613 2303 702 2356 deberi
718 2319 777 2370 eas,
800 2319 866 2374 quas
884 2305 918 2360 de
935 2305 1056 2386 sigillari-
1106 2309 1122 2356 3
1157 2303 1215 2370 quis
1224 2305 1246 2336 ¹⁰
1271 2303 1361 2358 liberis
1385 2309 1412 2358 et
1433 2303 1595 2372 parentibus.
1635 2303 1734 2358 donne
1760 2317 1865 2384 quoque
1891 2305 1913 2356 si

260 2439 307 2494 bis:
329 2437 492 2506 ‘Sempronio
509 2439 615 2494 alumno
632 2455 691 2494 meo
707 2439 774 2494 illud
792 2445 818 2494 et
834 2439 914 2494 illud:
939 2445 978 2506 et,
997 2455 1057 2494 curn
1106 2439 1239 2508 acceperit
1254 2441 1386 2494 bonorum
1403 2439 1609 2510 possessionem,
1634 2455 1667 2494 ex
1684 2441 1793 2494 semisse
1809 2445 1914 2492 tantum

260 2511 309 2574 ‘per
324 2511 437 2560 aetatem
454 2507 551 2572 licebit,
569 2507 687 2560 militiam
704 2507 777 2560 illam
790 2523 849 2562 oum
861 2507 972 2562 introitu
985 2523 1056 2560 com·
1105 2507 1193 2576 legata
1208 2507 1369 2560 substitutus
1387 2507 1503 2562 debebit:
1523 2525 1574 2576 quo
1592 2509 1671 2564 modo
1689 2509 1759 2562 enim
1775 2513 1905 2576 augentur

260 2575 348 2642 parari
364 2575 438 2628 volo:
455 2573 517 2628 huic
534 2589 639 2644 quoque
656 2573 744 2628 omnia
760 2575 880 2644 integra'.
908 2575 1056 2644 quaesitum
1105 2575 1152 2630 uhi
1172 2575 1286 2642 amplius
1313 2581 1353 2628 est
1377 2575 1405 2626 in
1430 2575 1560 2630 bonorum
1586 2575 1768 2644 possessione,
1795 2579 1834 2630 sic
1858 2575 1914 2630 et¹²

260 2647 304 2704 est,
326 2641 348 2694 si
365 2641 536 2710 Sempronius
560 2657 618 2696 eam
641 2641 760 2696 militiam
782 2643 832 2696 sibi
854 2643 1055 2712 comparaverit,
1106 2645 1151 2698 ubi
1167 2641 1253 2696 minos
1271 2647 1319 2708 est,
1338 2641 1485 2698 deducitur.

321 2371 475 2424 usemisset.
500 2371 615 2426 Alumnc
632 2371 786 2440 praecepit³
803 2371 922 2430 militiam
939 2371 982 2426 his
999 2387 1056 2428 ver·
1106 2389 1140 2428 ex
1161 2371 1292 2426 dodrante
1312 2371 1449 2426 institutus
1475 2371 1613 2428 commisso
1636 2371 1722 2428 edicto
1745 2373 1912 2426 semissem¹¹

757 3529 890 3604 LIBER
912 3529 1176 3604 TRIGESIMUS
1200 3527 1397 3604 TERTIUS.

626 3721 675 3778 11³,
1101 3719 1215 3770 testator
1232 3715 1386 3768 electionem
1402 3715 1492 3770 heredi
1514 3713 1587 3768 dedit
1595 3717 1649 3780 ¹⁵⁴),
1676 3731 1743 3782 quas
1760 3715 1799 3770 rir
1822 3717 1909 3772 bonus

282 3817 659 3868 nnlnnu1s¹⁴nnecn1s
677 3819 721 3868 nu
738 3817 1024 3868 riomoonnrssrs.
1086 3781 1707 3918 ιξωῗῗξρ1ῗὲῑὶἷέἓῖἃέ11115’ρὲιᾏιξξξίιιίῆᾱῦὲἷξξιὲἶξιῗξ
1734 3781 1857 3906 dgffdmff,
1883 3789 1909 3906 ξξ

288 3917 486 3974 lPonromos
506 3919 573 3972 libro
597 3919 690 3988 quinto
715 3919 752 3970 od
771 3915 901 3972 Sabinum
936 3919 1002 3972 (lum
1025 3917 1053 3970 in
1102 3917 1182 3970 fuerit
1206 3915 1336 3970 adiectum
1361 3917 1416 3970 ‘riri
1433 3917 1496 3970 boni
1514 3917 1662 3982 arbitratu’‚
1686 3919 1739 3972 hoc
1760 3933 1908 3986 sequemur,

258 3999 329 4038 annos
353 3985 393 4038 sin
428 3985 468 4038 los
492 3985 554 4054 quid
575 3985 691 4054 legatum
715 3985 749 4038 sit
770 4001 858 4052 neque
881 3985 1050 4064 adscriptum,
1103 3989 1131 4036 ut
1148 3999 1197 4052 pro
1215 3985 1347 4064 positione
1363 3983 1513 4084 patrimonii
1534 3985 1591 4064 sine
1608 3985 1747 4066 uexatione
1764 3985 1908 4066 ebineom-

257 4051 1050 4190 attiliaititrittttttttittttttd.dib
1102 4049 1908 4198 (111111111111111)1111111111)

284 4183 393 4244 ilcan
408 4189 475 4240 libro
492 4191 571 4240 scroto
589 4187 772 4240 adriaticum
811 4187 843 4240 In
860 4201 944 4240 annos
962 4187 1051 4252 singu-
1101 4185 1245 4240 videamus.
1277 4191 1303 4240 et
1319 4191 1384 4252 puto
1402 4191 1488 4240 totum
1504 4201 1558 4240 non
1575 4185 1719 4254 petendum
1735 4187 1821 4252 simul,
1839 4189 1910 4240 sieut

256 4253 290 4308 Ios
310 4255 382 4308 heres
407 4255 548 4308 damnatus
572 4255 657 4308 sinere
683 4269 725 4308 me
746 4253 799 4308 Irui
822 4255 906 4308 fundo
930 4255 954 4308 si
976 4255 1050 4307 initio
1102 4253 1173 4306 etin
1190 4253 1293 4306 heredis
1312 4253 1446 4308 electione.
1480 4251 1539 4306 fieri
1560 4253 1630 4306 enim
1652 4253 1792 4324 pensiones
1812 4253 1909 4308 debere

257 4321 321 4388 mni,
355 4339 405 4390 quo
437 4323 523 4378 colere
551 4321 687 4386 deberem,
719 4337 819 4376 moram
848 4321 954 4388 fecerit,
988 4321 1052 4376 licet
1101 4325 1215 4374 testator
1236 4321 1332 4384 voluit,
1356 4321 1517 4400 quantitates
1541 4321 1680 4374 dumtaxat
1701 4321 1859 4390 pensionum
1880 4321 1909 4372 in

256 4395 339 4456 postea
359 4389 576 4458 patiatur,.quia
599 4391 705 4444 cultura
728 4389 777 4444 sim
790 4393 938 4456 *exclusus
962 4395 1051 4444 mosen
1101 4393 1116 4442 5
1152 4387 1261 4444 arbitrio
1278 4387 1383 4442 heredrs
1400 4393 1448 4444 aut
1464 4387 1585 4456 legatarii
1602 4389 1722 4444 contulit.
1757 4389 1811 4444 Sed
1830 4389 1854 4444 si
1870 4389 1909 4440 ita

255 4459 326 4512 tohus
344 4459 405 4510 anni
422 4459 528 4512 nomine
545 4457 609 4510 mihi
625 4457 1011 4526 tenebiturrquemadmodnm
1028 4457 1052 4510 si
1100 4457 1136 4512 sit
1152 4459 1267 4526 legatum
1285 4457 1370 4510 ‘heres
1386 4471 1460 4510 meus
1475 4457 1545 4510 Titio
1563 4457 1655 4510 decem
1671 4457 1751 4512 trima
1767 4455 1810 4510 die
1827 4455 1908 4518 dato',

257 4525 352 4580 diurnas
381 4543 475 4594 operas
499 4525 590 4582 Stichi
608 4525 671 4580 dare
695 4526 834 4580 damnatus
857 4543 912 4580 non
935 4541 953 4578 a
974 4541 1052 4580 mane
1100 4531 1190 4580 utrum
1206 4525 1377 4594 pensionibus
1395 4539 1431 4578 an
1446 4539 1508 4578 vero
1525 4531 1587 4594 post
1602 4525 1746 4580 triennium
1760 4523 1908 4576 debeatur?

255 4591 295 4644 sed
310 4609 325 4646 a
341 4599 417 4648 sexte
434 4593 486 4648 diei
501 4595 569 4648 hora
585 4593 637 4658 det,
656 4593 738 4648 totius
753 4593 923 4648 dianomine
937 4599 1050 4648 tenetur.
1102 4599 1128 4646 et
1154 4597 1221 4660 puto
1250 4593 1289 4648 sic
1316 4591 1511 4662 accipiendum,
1543 4591 1619 4660 quasi
1640 4597 1717 4662 pater
1738 4591 1853 4642 familias
1877 4589 1910 4644 de

284 4657 300 4716 3
328 4659 471 4714 enarrans
494 4661 561 4716 libro
590 4663 713 4714 vicesimo
737 4665 835 4730 quarto
862 4663 900 4714 ad
920 4659 1050 4716 Sabinum
1102 4665 1116 4714 6
1152 4675 1242 4714 annua
1267 4659 1339 4714 bima
1362 4659 1441 4714 nima
1463 4661 1506 4714 die
1528 4661 1643 4714 musisse
1685 4661 1842 4726 reponatur.
1880 4657 1910 4710 Si

256 4723 279 4778 Si
297 4729 409 4796 legatum
432 4729 467 4782 sit
488 4729 610 4784 relictum
632 4741 723 4782 annua
740 4727 811 4780 bima
827 4729 906 4782 trima
923 4729 979 4794 die,
1003 4729 1050 4780 tri-
1102 4727 1145 4780 cni
1163 4731 1236 4782 certa
1253 4729 1386 4798 quantitas
1403 4729 1506 4798 legetur
1522 4735 1563 4792 et,
1585 4741 1656 4796 quoa
1694 4729 1861 4794 praestetur,
1882 4725 1910 4778 in

254 4795 318 4858 ginta
333 4795 412 4862 iorte,
437 4795 504 4850 dena
520 4811 568 4864 per
585 4795 702 4862 singidos
721 4795 850 4848 debentur
866 4813 965 4862 annos,
989 4797 1052 4851 licet
1102 4795 1218 4864 singulos
1240 4813 1324 4852 annos
1347 4801 1448 4852 certum
1470 4795 1570 4866 aliquid
1592 4795 1665 4848 velut
1683 4807 1781 4846 murae
1802 4791 1910 4846 iusserit

256 4865 266 4912 1
296 4879 347 4916 non
362 4863 443 4918 luerit
460 4863 592 4918 adiectum
608 4861 909 4930 ‘aequispensionibus'.
935 4863 1052 4918 Proinde
1100 4867 1214 4918 testator
1249 4865 1374 4930 rocstari,
1391 4865 1508 4934 legatum
1524 4863 1608 4918 valet:
1630 4859 1677 4912 sed
1694 4861 1726 4912 ie
1738 4859 1827 4940 aspris
1844 4861 1908 4916 hac-

254 4933 276 5002 et
300 4929 321 4984 si
347 4931 479 4986 adiectum
506 4933 588 4986 fuerit
614 4931 811 5000 pensionibus,
842 4931 906 4984 licet
934 4945 989 4984 non
1016 4931 1052 4986 sit
1101 4939 1179 4986 tenus
1196 4881 1275 4988 defiet
1291 4933 1386 5000 valere,
1406 4939 1536 5002 quatenus
1550 4927 1657 5000 modum
1669 4927 1908 5002 probabdetnusu-

253 5001 369 5052 Insertum
395 4999 513 5068 ‘aeqrds',
541 4999 603 5054 item
632 4999 807 5078 siscrIptnm
827 4995 909 5050 fuerit
933 4999 1050 5068 aequis,
1100 5017 1191 5056 rerum
1208 5017 1263 5056 non
1280 5001 1392 5056 excedit.

253 5059 308 5116 licet
327 5081 380 5118 non
403 5067 438 5120 sit
460 5065 593 5122 adtectum
617 5065 814 5134 ‘pensiombus’,
839 5065 979 5120 dicendum
1002 5069 1051 5122 erit
1135 5067 1154 5126 4
1177 5067 1297 5124 Pronus
1316 5069 1384 5124 libro
1405 5065 1574 5136 sesopcsimo
1598 5061 1715 5118 secundo
1736 5065 1775 5118 nd
1794 5065 1909 5122 edictam

254 5131 266 5180 2
296 5145 390 5200 aequas
417 5135 483 5188 fieri.
524 5135 576 5188 Sed
601 5135 624 5188 si
650 5133 783 5188 adiectum
806 5133 987 5202 ‘pensionibus
1010 5135 1050 5188 in-
1100 5137 1129 5192 si
1156 5137 1185 5192 in
1211 5137 1328 5206 singulos
1357 5151 1442 5188 annos
1469 5131 1550 5186 alicui
1570 5129 1686 5198 legatum
1708 5131 1757 5198 sit,
1786 5133 1909 5200 Sabinus,

254 5199 360 5280 ‘sequid
382 5201 534 5270 inaequales
557 5203 738 5258 debebuntur:
763 5215 831 5282 quae
850 5217 915 5282 ergo
935 5201 1050 5282 debean-
1101 5205 1177 5260 carius
1200 5205 1332 5260 sententia
1354 5217 1418 5258 rena
1441 5205 1495 5266 est,
1521 5197 1600 5278 plura
1625 5199 1714 5282 legata
1736 5217 1795 5258 csse
1822 5203 1861 5256 ait
1885 5209 1911 5258 et

253 5267 303 5332 tur,
323 5267 465 5324 videamus.
501 5275 527 5326 et
548 5275 614 5340 puto
638 5287 684 5326 eas
707 5269 798 5326 deberi
822 5275 882 5336 (nist
899 5271 1051 5338 specialiter
1100 5275 1178 5342 primi
1201 5275 1265 5328 anni
1284 5287 1395 5342 purum,
1418 5273 1585 5338 sequentium
1607 5269 1804 5326 oonducionaIe:
1829 5271 1911 5326 rideri

253 5437 278 5500 (1)
295 5437 449 5500 praediorum
458 5455 519 5506 quae
528 5447 617 5506 postea
626 5447 812 5508 comparaverat
821 5443 869 5494 dcl.
904 5445 936 5506 (1)
945 5441 1049 5494 nisiias.
1103 5441 1216 5498 Ceionius
1261 5445 1294 5506 (a)
1313 5441 1472 5506 praestetF²
1516 5443 1560 5508 (1ο)
1579 5443 1911 5508 sederunciaomnibusex

254 5501 387 5558 fflarcndas
431 5511 461 5572 (3)
480 5509 647 5562 eniienedd.
692 5511 725 5574 (1)
743 5511 842 5562 seddel.
885 5513 917 5572 (5)
935 5509 1001 5560 idem
1011 5509 1050 5560 ΡΞ
1100 5511 1260 5576 reIIquisdeI.
1309 5511 1351 5572 (11)
1368 5509 1506 5560 exseruisse
1516 5531 1568 5566 cum
1577 5515 1692 5566 Haase.
1742 5517 1787 5578 (11)
1805 5515 1916 5566 sioutF

252 5569 280 5632 It)
297 5575 394 5640 sipeter
404 5575 550 5628 exheredato
562 5577 615 5628 filie
629 5577 769 5644 substituit,
786 5577 919 5642 [instituit]
934 5579 1050 5628 heredem
1134 5581 1178 5642 (ts)
1196 5577 1258 5628 Sat.
1273 5587 1330 5630 tet.
1347 5587 1441 5642 iamin
1462 5581 1512 5632 Ed.
1526 5593 1594 5644 l...8;
1613 5583 1676 5650 Pop.
1692 5593 1765 5636 enit.
1783 5593 1824 5644 253
1841 5585 1911 5650 App.

252 5643 1049 5720 extraneum,deindeilieexbaneushunefiliumheredeminsti·
1100 5659 1224 5698 17...2I.-
1239 5645 1379 5710 Restm
1481 5653 1522 5714 (14)
1541 5655 1566 5702 et
1575 5653 1710 5704 menstruis
1725 5655 1770 5704 ins.
1781 5653 1833 5704 ind.
1842 5651 1910 5702 Flor.

252 5709 296 5758 tort
307 5715 330 5758 et
340 5711 410 5762 heres
422 5713 463 5776 [is]
475 5713 555 5764 Iactus
566 5713 635 5764 intra
644 5715 801 5780 pubertatem
809 5717 913 5768 decedat
921 5717 1050 5768 secundum
1100 5719 1143 5776 (15)
1161 5715 1228 5764 sicut
1243 5715 1266 5764 si
1282 5733 1330 5764 van
1346 5719 1376 5768 de
1394 5717 1476 5770 Water
1553 5723 1605 5784 (15¹)
1624 5721 1733 5770 dedetF
1822 5723 1866 5782 (16)
1886 5725 1910 5770 et

254 5777 420 5836 Coiuciurnscr.
459 5783 500 5846 (t')
517 5787 643 5848 praestare
657 5781 693 5834 F²
727 5785 759 5850 (1)
776 5785 889 5836 iratreF
919 5789 951 5848 (8)
970 5783 1050 5848 patris
1100 5781 1224 5848 positione
1239 5783 1300 5834 Hal.
1372 5785 1414 5852 (11)
1433 5787 1548 5842 hantscr.

1674 5875 1707 5930 58
