4366 6258
272 361 378 432 XXVI
399 371 417 434 7
1061 349 1125 424 344
1314 311 1320 316 μ
1553 379 1598 424 ιι
1618 375 1922 424 ιιιιιιιιιιιιιοιιι

272 551 323 608 ιιι
341 555 367 604 ct
383 551 407 604 ci
423 547 476 604 siut
493 547 660 604 condemnati
682 547 711 602 in
731 545 759 600 id
782 547 852 618 quod
875 563 926 604 sua
947 547 1075 604 intererat
1124 553 1151 602 et
1173 553 1281 602 curator
1305 547 1404 604 sororis
1428 561 1506 612 snae,
1531 563 1592 604 cnm
1615 551 1685 604 esset
1707 561 1741 602 ax
1766 543 1877 612 ciuitate,
1895 545 1923 602 in

273 619 381 676 minoris
398 623 498 672 tutores
517 615 595 686 culpa
612 631 704 672 eorum
722 617 909 672 condemnatos
925 633 980 672 non
997 631 1072 672 csse:
1124 631 1177 686 qna
1198 617 1325 672 ιιιιιιιι
1347 625 1404 672 erat
1426 617 1498 688 ipsos
1522 615 1641 672 dominos
1663 615 1845 696 praediorum,
1869 631 1923 672 nou

273 703 309 742 an
324 685 454 740 restitutio
473 685 597 742 adversus
614 691 716 740 tutores
734 687 838 742 cesset?
868 691 893 742 et
909 685 1074 754 Papinianus
1124 685 1299 740 conductores
1329 701 1411 742 ouem
1442 701 1605 740 annonarum
1640 691 1667 742 et
1699 685 1923 742 conuibutionum

273 769 459 822 responsorum
484 753 550 808 libro
575 751 692 808 secundo
718 753 756 808 ait
780 757 859 810 nihilo
884 755 970 808 miuus
994 769 1074 824 porse
1122 753 1358 824 temporadarum⁷
1383 755 1527 816 sustinere,
1550 769 1648 810 morem
1670 755 1742 808 huuc
1764 759 1791 808 et
1813 769 1924 808 consue·

273 823 375 876 restitui
400 829 426 876 et
450 823 549 876 idcirco
574 827 723 886 curatores,
746 823 769 878 si
793 823 908 880 nondum
929 821 1076 892 iudicatum
1122 823 1239 876 hidinem
1256 837 1359 892 semper
1376 822 1542 878 observatam
1557 829 1665 878 secutus
1682 827 1709 878 et
1724 823 1782 892 ipse
1794 839 1842 892 pro
1853 837 1924 876 com·

273 889 408 956 iecerunt,
434 905 513 958 posse
536 895 710 958 prouocantes
741 907 789 962 per
814 891 993 960 exceptionem
1020 889 1073 946 doli
1123 889 1196 946 muni
1229 895 1256 946 et
1289 889 1424 946 individua
1454 891 1599 946 hereditate
1629 907 1749 946 annonas
1778 889 1925 960 praestitit:

275 959 407 1026 consequi,
425 965 456 1012 ut
473 961 510 1012 ιιι
526 959 685 1012 mandentur
697 959 822 1016 adversus
833 967 933 1014 tutores
944 959 1072 1014 actiones.
1124 973 1232 1026 quaero,
1249 975 1285 1012 an
1301 959 1329 1014 iu
1345 959 1492 1014 redonibus
1509 959 1604 1014 dandis
1619 961 1718 1028 opponi
1728 961 1844 1014 curatori
1861 975 1923 1028 pos-

274 1025 337 1094 quid
358 1033 448 1080 tamen
472 1027 495 1078 si
516 1025 569 1078 iam
595 1025 717 1080 fecerunt
746 1029 889 1084 iudicatum
918 1027 1073 1082 curatores?
1123 1027 1166 1090 sit,
1184 1027 1246 1094 quia
1262 1043 1317 1082 uon
1339 1033 1411 1082 recte
1428 1043 1476 1096 pro
1499 1033 1576 1096 parte
1593 1027 1692 1082 sororis
1708 1027 1776 1082 tales
1792 1027 1924 1098 impensas

273 1093 390 1162 proderit
406 1093 457 1148 hoc
475 1093 621 1158 tutoribus,
644 1095 768 1162 quoniam
791 1097 856 1150 nihil
877 1093 972 1150 minori
989 1095 1072 1158 abest,
1121 1093 1230 1150 lecerat.
1265 1093 1431 1150 Modestinus
1448 1095 1585 1164 respondit
1600 1095 1646 1148 ιιΒ
1668 1095 1695 1150 id
1722 1095 1825 1150 demum
1847 1109 1925 1150 cura-

274 1159 318 1228 qui
341 1161 373 1216 de
395 1161 495 1228 pracda
515 1161 597 1230 magis
621 1177 700 1228 quam
717 1163 750 1218 de
767 1165 861 1216 damno
879 1161 1005 1216 sollicitus
1024 1167 1072 1228 est,
1122 1169 1206 1216 torem
1223 1161 1331 1216 adultae
1354 1167 1477 1232 reputare
1501 1177 1533 1216 ex
1556 1177 1638 1216 cansa
1661 1163 1693 1216 de
1717 1177 1770 1232 qna
1793 1163 1926 1232 quaeritur

273 1229 324 1282 uisi
339 1227 408 1282 forte
425 1227 551 1284 mandare
568 1229 685 1286 actiones
701 1237 812 1300 paratus
829 1231 864 1284 sit
879 1229 1054 1284 curatoribus.
1122 1245 1209 1298 posse,
1227 1231 1298 1300 quod
1314 1231 1381 1298 ipsa,
1399 1231 1422 1284 si
1438 1247 1493 1284 rem
1511 1245 1586 1284 suani
1598 1231 1802 1296 administraret,
1820 1245 1928 1300 erogare

306 1291 345 1352 26
373 1297 491 1350 Parius
513 1297 581 1350 libro
606 1297 729 1354 aleaume
762 1303 859 1368 quarto
890 1297 927 1352 cd
957 1297 1071 1352 edictum
1124 1303 1138 1350 7
1182 1297 1392 1378 compelleretur.
1435 1297 1550 1352 Tutores
1583 1297 1635 1352 duo
1665 1303 1727 1366 post
1750 1297 1927 1354 ιιιιιιιιοιιιι

273 1363 354 1418 Cum¹
381 1369 504 1418 curatore
526 1369 552 1416 et
574 1371 713 1432 protutore
742 1369 820 1420 etiam
843 1369 966 1420 manente
991 1365 1072 1418 admi·
1122 1365 1290 1434 pupilianam
1307 1381 1395 1420 rernm
1410 1365 1511 1420 factam
1532 1365 1673 1434 pecuniam
1694 1365 1764 1420 inter
1787 1381 1815 1420 ιι
1833 1365 1927 1420 diuise·

272 1431 427 1486 nistratioue
444 1431 486 1500 agl
503 1435 597 1500 potest.
1122 1439 1198 1498 rant,
1215 1443 1278 1502 post
1312 1449 1374 1486 uam
1398 1433 1550 1486 divisionem
1574 1435 1641 1486 alter
1665 1447 1755 1486 eorum
1778 1433 1806 1486 iu
1823 1435 1929 1488 exilium

305 1495 344 1556 27
363 1497 444 1552 iuuit
458 1499 524 1554 libro
541 1501 651 1570 septimo
676 1503 713 1556 ud
736 1501 870 1556 Plautium
911 1501 1009 1564 Tutor,
1028 1499 1073 1568 qui
1123 1501 1202 1556 datus
1226 1507 1266 1556 est
1289 1451 1403 1556 durante
1426 1501 1523 1556 tutela:
1555 1501 1746 1570 quaerebatur,
1775 1515 1811 1554 an
1839 1507 1929 1556 actore

272 1567 381 1620 tutelam
402 1567 483 1636 gerit,
507 1573 633 1634 quantum
659 1571 693 1624 ad
710 1567 900 1638 providentiam
916 1569 1073 1636 pupillarem
1124 1567 1267 1624 constituto
1286 1573 1410 1624 contutor
1435 1569 1489 1624 eins
1512 1575 1615 1636 partem
1637 1567 1776 1637 pupillaris
1799 1571 1929 1638 pecuniae

271 1633 370 1690 domiui
387 1635 446 1690 loco
464 1635 555 1690 haberi
572 1637 657 1690 debet.
1122 1641 1212 1704 petere
1229 1637 1263 1690 ab
1281 1651 1313 1690 ιο
1331 1635 1436 1704 poterit.
1470 1635 1637 1690 Modestinus
1654 1635 1804 1704 respondit:
1831 1635 1853 1690 si
1874 1637 1928 1690 hoc

305 1697 344 1760 28
367 1701 546 1758 Macerinus
570 1705 636 1760 libro
668 1705 761 1756 octavo
785 1701 814 1756 dt
832 1705 946 1756 cetorum
987 1701 1073 1756 Tutor
1123 1705 1272 1772 quaeritur,
1295 1719 1331 1756 an
1354 1709 1492 1758 ocntntore
1516 1705 1634 1784 relegato
1658 1709 1782 1758 coututor
1805 1703 1861 1758 eius
1884 1709 1928 1756 tu-

271 1771 797 1906 atrataastatadstat
812 1769 930 1906 satta
944 1771 1074 1892 “illd
1122 1771 1197 1896 “ti
1214 1771 1931 1910 ttlttstttttttiatirastillat

275 1911 284 1958 l
326 1907 459 1974 cogendus
493 1909 613 1986 accipere
637 1903 786 1984 iudicium..
815 1905 917 1984 Tutor,
935 1877 988 1986 {qui
1012 1911 1074 1986 post
1122 1909 1149 1960 A
1170 1907 1304 1986 tutoribus
1327 1911 1354 1960 et
1377 1905 1543 1986 curatoribus
1566 1857 1842 1988 pnpillcrumegdem
1872 1905 1929 1960 dili-

270 1973 744 2118 tttttttaatatttta
761 1975 1074 2110 atattttttttltt
1123 1975 1932 2120 tttttiidftttratttmttttttttttta

269 2109 422 2176 pecuniam:
446 2109 510 2178 qniu
527 2109 606 2164 etiam
623 2107 718 2162 iustrus
736 2107 800 2160 mihi
824 2109 927 2164 videtur
950 2123 1011 2162 eum
1028 2125 1075 2176 per
1126 2117 1137 2162 1
1173 2107 1227 2164 fide
1243 2109 1372 2178 praehere
1389 2109 1475 2164 debet.
1512 2109 1635 2164 Officium
1657 2113 1776 2164 tutorum
1801 2113 1931 2162 curatori·

270 2191 346 2244 quem
372 2193 426 2230 non
451 2177 537 2242 stetit,
564 2191 616 2244 quo
642 2175 729 2238 miuus
755 2185 898 2230 conuentus
923 2179 1074 2230 restitueret
1124 2179 1173 2232 bus
1192 2175 1342 2232 constitutis
1359 2175 1440 2230 finem
1457 2177 1554 2246 accipit
1576 2175 1689 2244 ideoque
1712 2177 1800 2232 omnia
1817 2175 1931 2242 negotia,

268 2245 393 2310 tutelam,
418 2245 453 2298 ad
474 2245 681 2314 praestationem
704 2259 845 2296 usurarum
867 2261 921 2298 uon
944 2261 1002 2300 com
1023 2245 1073 2298 elli.
1125 2261 1194 2314 quae
1209 2245 1277 2298 inita
1294 2249 1365 2308 suut,
1383 2243 1673 2298 adfidemouratorum
1686 2245 1833 2312 pertinent:
1850 2245 1930 2322 idque

274 2311 419 2368 Uirrarns
432 2317 522 2366 uocat:
545 2329 599 2366 nou
617 2311 717 2366 sufficit
734 2311 870 2380 optulisse,
879 2313 931 2366 nisi
948 2317 975 2368 et
1011 2327 1074 2380 epo·
1124 2313 1203 2366 etiam
1221 2313 1296 2368 divus
1313 2311 1422 2366 Marcus
1442 2329 1501 2366 cum
1518 2311 1572 2366 lilio
1590 2327 1638 2366 suo
1657 2311 1800 2366 Commodo
1817 2327 1931 2380 rescrip-

269 2381 322 2434 suit
339 2381 505 2448 obsignatam
521 2383 580 2432 tuto
598 2379 627 2432 ιι
642 2379 711 2432 loco.
1125 2383 1140 2434 2
1175 2379 1217 2434 sit.
1252 2379 1401 2434 Hereditas
1423 2395 1527 2448 quoque
1543 2379 1705 2446 pupillorum
1728 2377 1821 2434 electio
1840 2377 1932 2434 eadem

302 2443 341 2504 29
359 2447 552 2500 Mauortius
582 2443 650 2500 libro
674 2449 767 2498 octavo
786 2445 947 2514 clipeatorum
990 2447 1073 2500 maxi-
1124 2447 1251 2500 adversus
1268 2435 1379 2512 tutored,
1396 2449 1425 2502 ιι
1442 2463 1493 2516 quo
1508 2447 1674 2514 potissimum
1686 2447 1830 2500 consistere
1842 2447 1933 2510 velint,

269 2529 360 2582 meque
383 2511 505 2566 heredem
527 2511 639 2566 tutoris:
668 2527 730 2566 nam
752 2513 918 2578 periniquum
941 2517 982 2566 est
1005 2529 1074 2578 eum,
1126 2515 1260 2582 competit,
1279 2515 1428 2584 quaeipsis
1445 2531 1557 2584 quorum
1581 2515 1666 2566 tutela
1684 2513 1867 2568 administrata
1883 2515 1932 2566 sit:

269 2581 312 2634 cui
328 2581 398 2632 forte
414 2583 476 2646 post
492 2581 583 2646 viginti
600 2593 685 2632 annos
709 2579 750 2632 rel
773 2581 886 2646 amplius
909 2581 937 2634 in
959 2585 1074 2632 mentem
1122 2585 1141 2634 Ἰ3
1176 2581 1386 2650 ⁹priuoipalibus
1407 2581 1641 2636 constitutionibus
1659 2581 1817 2636 declaratur.
1837 2581 1933 2650 Sump-

268 2647 338 2700 ιιιιι
354 2647 466 2700 tutelam
483 2663 631 2716 reposcere,
650 2645 729 2700 ctiam
746 2661 843 2700 usuras
860 2647 1004 2716 postulare.
1124 2653 1215 2714 tuum,
1259 2651 1287 2702 ui
1311 2651 1383 2704 bona
1409 2649 1461 2704 fide
1483 2649 1512 2702 in
1535 2649 1661 2714 tutelam,
1684 2665 1738 2704 non
1755 2649 1800 2718 qui
1816 2649 1844 2702 in
1860 2649 1933 2718 ipsos

302 2711 341 2772 30
359 2713 440 2770 Iumr
463 2713 529 2770 libro
547 2715 669 2770 uicesimo
681 2715 774 2784 primo
792 2715 956 2784 clipeatorum
990 2713 1074 2770 Tuto·
1124 2721 1227 2770 totores
1245 2719 1322 2782 bunt,
1340 2717 1408 2770 ratio
1427 2717 1519 2770 haberi
1536 2717 1618 2782 solet,
1643 2717 1695 2770 nisi
1712 2717 1746 2770 ab
1764 2731 1795 2772 eo
1813 2715 1935 2786 quicum

267 2783 303 2836 ιιι
320 2785 492 2852 praecipuum
510 2789 550 2836 est
568 2781 693 2846 officium,
712 2797 746 2836 ιι
763 2783 929 2836 indefensum
945 2781 1075 2852 pupillum
1126 2783 1173 2836 dat
1190 2789 1290 2838 certum
1308 2785 1437 2838 solacium
1454 2785 1478 2838 ei
1496 2785 1611 2838 constitu
1624 2803 1669 2838 um
1686 2791 1734 2838 est.

267 2849 407 2918 rehuqnat.
1160 2847 1201 2908 34
1218 2851 1323 2906 lunius
1338 2853 1453 2912 Aoniis
1470 2851 1537 2906 libro
1555 2869 1586 2904 re
1620 2867 1746 2906 ausorum
1786 2851 1840 2906 Res
1861 2851 1936 2906 ondit

302 2913 636 2974 transmarinarum
655 2917 748 2988 prium
771 2917 976 2996 accusationum
1015 2915 1076 2970 Divi
1126 2917 1161 2972 ad
1178 2919 1361 2974 instruendam
1385 2919 1544 2988 diligentiam
1566 2867 1709 2974 iiddicantis
1732 2924 1760 2974 et
1775 2919 1838 2990 pup‘
1860 2935 1935 2974 orum

268 2983 379 3040 Severus
397 2991 424 3040 et
432 2985 583 3040 Antoninus
591 2985 706 3054 Augusti
721 2985 812 3054 Sergio
821 2985 931 3040 Iuliano.
959 2983 1074 3052 ‘Forma
1125 2987 1267 3040 utilitatem
1284 2987 1504 3042 admittendorum
1520 3001 1612 3042 seruos
1630 3003 1734 3058 quoque
1749 3003 1839 3042 eorum
1853 2989 1935 3042 inter-

267 3057 329 3122 ‘qna
351 3053 447 3122 singuli
472 3059 590 3116 ιιιιιιιι,
617 3059 698 3122 prout
724 3055 832 3122 quisque
857 3053 938 3120 gessit
954 3052 1075 3118 tutelam,
1126 3071 1157 3110 ro
1175 3055 1215 3108 ari
1250 3071 1320 3112 osse.

268 3125 465 3188 ‘nonnunquam
488 3121 515 3172 in
540 3119 652 3176 solidum
675 3127 813 3184 tenentur,
837 3121 976 3174 dumtaxat
989 3121 1077 3198 'iutra
1157 3069 1200 3180 {5
1244 3137 1403 3178 ιιιιιιιιιιι
1418 3123 1485 3178 libro
1502 3121 1620 3178 secuudo
1639 3123 1824 3192 quaestionum
1851 3121 1936 3176 Tutor

269 3187 423 3256 ‘pubertatis
441 3193 562 3256 tempora
579 3189 668 3244 locum
686 3189 781 3252 babet,
805 3205 859 3242 uon
877 3187 956 3242 etiam
974 3193 1077 3256 sipost
1127 3189 1182 3244 siue
1199 3197 1308 3246 curator
1324 3191 1440 3256 nomina,
1459 3205 1527 3260 quae
1544 3191 1614 3244 iuste
1631 3197 1710 3260 putat
1732 3205 1786 3244 nori
1804 3205 1862 3244 csse
1877 3189 1935 3244 ido·

268 3257 444 3324 ‘pubertatem
463 3255 718 3310 administraverint.
748 3323 749 3326 Ἴ
1126 3275 1186 3324 ιιι,
1205 3275 1221 3314 a
1238 3259 1327 3328 priore
1349 3265 1438 3314 tutore
1460 3259 1501 3312 vel
1524 3265 1649 3314 curatore
1673 3259 1809 3328 suscipere
1831 3257 1936 3328 quidem

301 3319 340 3382 32
358 3325 439 3378 Ιιιι
462 3325 528 3380 libro
555 3331 633 3380 scuto
659 3341 851 3396 responsorum
893 3325 956 3378 Sina
979 3323 1076 3378 herede
1127 3343 1159 3382 co
1178 3327 1239 3394 tur,
1256 3343 1311 3382 nou
1328 3331 1419 3382 tamen
1436 3325 1602 3382 exactionem
1617 3327 1736 3396 periculo
1754 3343 1803 3382 suo
1820 3325 1919 3382 facere

266 3397 339 3446 tutor
366 3391 495 3446 decessit:
528 3409 641 3460 quaero,
668 3409 702 3448 an
729 3399 837 3448 curator
859 3391 960 3460 popilio
989 3391 1076 3456 raus,
1160 3343 1201 3454 ξι
1219 3395 1299 3450 sonu
1313 3395 1383 3450 storo
1407 3397 1485 3448 uarro
1510 3397 1697 3464 qaaestionem
1737 3395 1810 3448 inter
1832 3397 1936 3450 tutores

267 3475 327 3512 cum
344 3475 429 3528 neque
446 3461 593 3514 inventaria
611 3475 696 3528 neque
714 3463 767 3514 aha
783 3461 959 3514 instrumenta
977 3475 993 3514 a
1010 3457 1076 3512 fide·
1127 3463 1210 3516 divisa
1226 3463 1311 3516 tutela
1328 3467 1382 3516 cst:
1406 3463 1535 3532 aequitas,
1554 3477 1623 3532 quae
1640 3477 1742 3514 merum
1757 3463 1800 3516 ius
1812 3477 1937 3532 compen·

266 3527 368 3580 iussore
384 3527 480 3580 tutoris
500 3529 687 3592 exhibeantur,
705 3529 792 3598 possit
809 3527 921 3582 eundem
937 3525 1076 3580 fideiusso·
1127 3529 1237 3586 sadonis
1254 3529 1366 3596 inducit,
1383 3545 1432 3598 pro
1452 3535 1493 3584 ter
1510 3529 1629 3584 cllidum
1646 3535 1673 3584 et
1692 3545 1833 3598 personam
1856 3545 1937 3600 agen·

266 3609 321 3648 rem
339 3595 480 3674 conuenire
497 3611 531 3648 ex
548 3595 732 3674 stipulatione,
750 3595 862 3664 (ιιιιιιι3
877 3595 971 3664 pupilli
993 3595 1077 3648 intcr-
1126 3599 1162 3652 tis
1186 3601 1284 3652 tutoris
1310 3613 1365 3653 non
1390 3547 1523 3652 magram:
1547 3613 1610 3652 nam
1635 3597 1727 3654 divisio
1745 3599 1851 3664 tutelae,
1871 3613 1938 3666 quaa

266 3667 314 3716 cst.
349 3661 517 3716 Modestinus
543 3663 681 3730 respondit
702 3679 729 3716 in
753 3663 798 3716 ida
821 3663 893 3730 quod
915 3667 990 3718 tutor
1013 3679 1076 3716 ιιι·
1127 3681 1181 3720 ιιι
1198 3667 1272 3732 iuris,
1290 3665 1338 3722 sed
1354 3667 1543 3720 iurisdictionis
1562 3671 1615 3732 est,
1639 3665 1748 3720 modum
1769 3665 1937 3720 administra-

266 3727 348 3784 ιιιιιι
370 3729 471 3796 potnit,
495 3729 678 3784 fideiussorem
701 3745 807 3800 quoque
830 3731 965 3784 conveniri
998 3745 1075 3808 Ιοιιι.
1127 3733 1193 3788 tioui
1214 3733 1281 3788 facit
1299 3739 1326 3790 et
1349 3735 1418 3788 inter
1440 3733 1513 3802 ipsos
1536 3733 1627 3788 locum
1648 3733 1731 3789 habet
1754 3749 1803 3788 nec
1826 3733 1938 3802 experiri

269 3803 279 3850 1
316 3795 483 3850 Modestinus
500 3811 543 3850 res
563 3797 637 3850 ondit
655 3797 781 3850 damnum
799 3797 822 3852 ιι
839 3797 977 3866 qnodacci
1004 3803 1017 3850 t
1035 3811 1076 3864 eo,
1128 3817 1188 3856 cum
1205 3801 1306 3870 pupillo
1324 3801 1473 3856 volentibus
1491 3801 1601 3856 obstare
1618 3801 1704 3856 debet.

266 3865 328 3934 quit
351 3865 489 3918 cautiones
512 3813 591 3920 8οΡ11ιὶ
615 3865 750 3934 vectigalis
773 3865 896 3920 invenite
921 3881 976 3920 11011
1005 3871 1077 3944 tuna
1162 3865 1390 3926 371uusrle'bro
1415 3869 1556 3922 undecimo
1580 3871 1766 3940 quaestionum
1801 3869 1939 3934 Tutorem,

266 3931 448 4012 adiutorem,
472 3933 546 4012 cuins
569 3933 642 3986 nulla
666 3933 747 4012 culpa
769 3933 885 3988 admissa
910 3937 1076 4004 propomtur,
1127 3937 1173 4018 qni
1189 3937 1301 3992 tutelam
1317 3937 1394 4006 gerit,
1412 3937 1527 3992 Sabinus
1545 3941 1573 3990 ιι
1587 3937 1704 4002 Cassius,
1741 3942 1803 3992 rcut
1818 3937 1894 4006 gerit,
1911 3937 1939 3992 iu

266 4003 280 4054 2
315 4015 421 4054 minime
438 4005 579 4070 pertinere.
614 4001 781 4054 Modestinus
807 4003 945 4072 respoudit
962 4005 1077 4054 tutorem
1127 4005 1244 4072 smgnlas
1268 4021 1310 4060 ιιι
1334 4021 1383 4074 per
1404 4009 1524 4074 tempora
1547 4003 1620 4060 uelut
1643 4021 1677 4058 ex
1704 3953 1826 4074 pfuribus
1850 4007 1939 4060 causis

266 4083 356 4122 eorum
379 4069 512 4122 redituum
536 4069 644 4124 nomine
666 4069 797 4122 rationem
819 4069 937 4138 pupillae
965 4067 1077 4124 reddere
1130 4077 1141 4126 l
1179 4073 1291 4152 obligari
1308 4077 1478 4142 putauerunt.
1514 4071 1666 4126 Secundum
1684 4089 1764 4142 qnam
1781 4071 1940 4126 seutentiam

266 4137 377 4200 debere,
395 4137 441 4206 qui
467 4153 500 4190 ex
524 4135 609 4190 tundo
635 4135 708 4190 bona
734 4137 786 4190 fide
803 4137 906 4206 percipi
922 4141 1075 4208 potnerunt.
1128 4155 1219 4196 servus
1235 4141 1343 4196 institor
1360 4141 1507 4196 dominicae
1523 4141 1620 4194 mercis
1643 4141 1686 4196 uel
1707 4141 1875 4210 praepositus
1893 4141 1939 4194 de·

265 4207 279 4258 3
314 4205 381 4258 Item
396 4205 541 4274 respoudit,
561 4205 684 4258 siminus
701 4219 717 4258 a
735 4219 810 4258 seruo
833 4211 907 4258 tutor
932 4205 1077 4276 percepit⁵,
1127 4209 1190 4262 bitis
1208 4209 1342 4276 exigendis
1360 4207 1467 4264 sibber
1488 4207 1578 4264 factus
1601 4209 1629 4260 ιι
1653 4207 1746 4264 eodem
1770 4213 1833 4264 actu
1850 4225 1939 4276 perse-

265 4287 344 4342 qnam
361 4273 432 4326 bona
450 4273 502 4326 fide
519 4287 553 4326 ex
569 4273 653 4326 fundo
671 4271 773 4342 percipi
789 4273 890 4340 potuit,
915 4289 948 4328 ex
972 4289 1018 4338 eo,
1044 4273 1077 4326 de
1127 4279 1209 4342 reret,
1228 4277 1347 4346 quamuis
1365 4281 1484 4346 tempore
1501 4275 1636 4330 seruitutis
1653 4275 1766 4346 obligari
1783 4291 1839 4330 nou
1860 4283 1939 4344 potu-

266 4355 317 4408 quo
334 4341 453 4408 pupillae
470 4341 505 4394 ιιι
521 4339 675 4404 obstrictus,
695 4345 824 4408 quantum
839 4357 872 4394 ex
885 4341 990 4408 peculio
1010 4339 1077 4396 servi
1129 4345 1186 4408 erit,
1209 4345 1348 4412 praeteriti
1369 4345 1497 4424 temporis
1520 4345 1626 4398 nomine
1649 4345 1754 4398 acdona
1775 4343 1941 4412 negotiorum

266 4407 365 4462 serrari
381 4407 474 4476 possit,
494 4409 577 4462 cideiu
594 4407 678 4462 tutori
694 4407 824 4476 proficere
842 4407 952 4474 debere,
977 4409 1078 4462 scilicet
1127 4417 1262 4480 gestorum
1285 4427 1339 4464 uon
1363 4411 1491 4466 inutiliter
1514 4411 1698 4478 convenietur,
1723 4427 1814 4466 aarum
1839 4411 1941 4466 scilicet

265 4475 288 4528 si
314 4489 368 4530 uon
392 4475 531 4544 perditura
564 4491 641 4532 servo
674 4475 933 4528 administrationem·
956 4475 1076 4530 credidit.
1127 4495 1230 4544 rerum,
1254 4493 1323 4546 quae
1346 4495 1477 4534 conexam
1493 4479 1626 4534 rationem
1644 4495 1705 4534 cum
1721 4479 1773 4544 bis,
1791 4495 1860 4546 quae
1877 4495 1940 4546 pos-

264 4549 280 4594 4
315 4543 476 4612 Interposito
495 4549 619 4598 curatore
633 4543 791 4598 adulescens
806 4543 919 4596 fundum
928 4543 999 4598 Titio
1013 4559 1076 4598 veu-
1127 4553 1173 4600 tea
1199 4549 1275 4614 gesta
1303 4551 1383 4612 sunt,
1408 4547 1575 4600 habueruut:
1607 4547 1647 4600 sic
1664 4547 1766 4608 cnim¹¹
1793 4551 1819 4600 ιι
1841 4549 1941 4600 tutelae

265 4611 344 4690 didit:
368 4615 462 4690 postea
486 4609 713 4690 adgnitafraude
734 4613 762 4666 in
785 4609 917 4678 integrum
938 4613 1077 4666 restitutus
1127 4613 1254 4666 indicium
1272 4629 1363 4668 aarum
1382 4629 1488 4684 quoque
1510 4629 1601 4692 rerum
1624 4629 1707 4668 causa
1723 4619 1815 4694 tenere
1830 4613 1941 4694 placuit,

263 4679 1077 4816 tttidtttttdlatttatt·attatlauit
1127 4697 1206 4804 itt,
1220 4681 1941 4818 attrabata,samaritamus

264 4831 415 4870 remanum
434 4813 1045 4882 quicquamuersumprobatur,pretiumem
1064 4843 1076 4854 ·
1127 4819 1143 4870 2
1178 4831 1239 4870 nem
1254 4815 1344 4870 babet.
1381 4817 1447 4870 Inde
1464 4815 1602 4870 descendit
1625 4817 1760 4884 quaestio,
1778 4831 1847 4884 quae
1863 4817 1941 4884 uulgo

263 4883 314 4936 tori
340 4883 480 4936 restituere
512 4897 567 4936 nou
593 4883 698 4936 debeat.
742 4881 909 4936 Modestinus
939 4829 1078 4950 respondit
1127 4883 1200 4938 ιιιιι
1217 4883 1302 4936 lilium
1318 4883 1434 4936 familias
1451 4887 1569 4938 mactata
1579 4889 1627 4946 est,
1640 4885 1687 4952 qiii
1697 4889 1770 4938 tutor
1781 4889 1941 4938 testamento

262 4951 378 5020 pretium
394 4949 470 5002 fundi
485 4951 518 5002 ab
537 4951 708 5004 adulescente
719 4949 879 5014 venumdati,
893 4949 916 5002 si
926 4951 1077 5004 rationibus
1127 4951 1206 5004 datus
1228 4957 1291 5018 post
1313 4951 1425 5004 tutelam
1451 4957 1554 5020 gestam
1584 4951 1688 5006 emanci
1707 4955 1767 5004 ιιιιι
1793 4951 1821 5004 ιι
1850 4951 1943 5004 eodem

263 5019 319 5074 eius
338 5033 392 5074 nou
408 5017 510 5086 profuit
527 5031 576 5070 nec
602 5019 745 5086 quicquam
770 5017 804 5072 de
827 5033 858 5070 eo
882 5019 916 5068 ι6
941 5017 1077 5070 iudicante
1127 5017 1218 5074 officio
1244 5019 1431 5086 perseverarit.
1459 5023 1486 5074 et
1512 5017 1660 5074 secundum
1686 4969 1779 5072 dubim
1805 5023 1831 5072 et
1858 5017 1944 5072 Cassii

263 5087 340 5140 dein
357 5087 489 5154 integrum
506 5083 676 5140 restitutione
699 5089 829 5140 statutum
852 5089 907 5148 est,
931 5089 1077 5154 emptorem
1128 5085 1287 5140 senteutiam
1313 5085 1432 5150 eueniet,
1459 5091 1489 5140 ut
1515 5083 1548 5140 de
1575 5101 1607 5140 eo
1634 5085 1756 5154 quidem,
1782 5085 1854 5154 quod
1880 5091 1943 5154 post

263 5159 277 5206 t
312 5155 414 5206 frustra
436 5153 580 5220 postulare.
624 5155 691 5206 Item
708 5153 846 5220 respoudit
863 5153 1013 5222 sumptibus
1030 5167 1076 5206 vo·
1129 5153 1366 5222 emancipationem
1399 5157 1503 5232 gestum
1529 5159 1587 5220 est,
1613 5153 1643 5206 in
1667 5153 1782 5206 solidum
1808 5153 1943 5208 conveniri

261 5221 372 5288 luptatis
390 5235 472 5274 causa
497 5221 530 5272 ab
555 5227 674 5298 emptore
695 5219 775 5272 factis
799 5221 1076 5294 adulescentemcuc·
1127 5221 1226 5290 possit,
1245 5221 1279 5274 de
1296 5227 1441 5290 praetento
1465 5225 1569 5286 autem,
1593 5221 1649 5276 sive
1672 5221 1808 5290 peculium
1829 5235 1885 5274 non
1908 5221 1944 5274 sit

262 5289 375 5342 randum
392 5305 447 5342 non
465 5303 537 5342 csse:
563 5303 608 5356 qni
625 5295 715 5342 tamaii
734 5289 768 5340 ab
788 5287 878 5342 eodem
897 5287 1020 5342 aedilicio
1039 5289 1077 5340 ita
1127 5287 1281 5356 ademptum
1298 5289 1353 5342 sice
1370 5287 1524 5356 ademptum
1541 5287 1584 5352 sit,
1601 5287 1670 5342 inid
1687 5287 1758 5356 quod
1774 5287 1864 5342 facere
1880 5303 1942 5356 pos-

262 5353 360 5408 auferri
377 5363 500 5422 possunt,
518 5359 549 5408 nt
565 5357 593 5408 in
609 5353 681 5410 facie
697 5355 818 5422 pristina,
836 5353 864 5408 id
881 5359 922 5410 est
939 5371 1009 5422 quae
1025 5353 1078 5408 luit
1127 5355 1170 5410 ιιι.
1201 5353 1272 5422 quod
1294 5355 1318 5410 ιι
1340 5355 1486 5424 superioris
1508 5355 1637 5424 temporis
1658 5355 1766 5410 nomine
1787 5359 1892 5422 patrem
1910 5353 1943 5408 de

263 5425 324 5476 aute
354 5423 547 5488 uenditionem,
578 5421 729 5476 aedificium
758 5437 817 5476 csse
840 5423 938 5490 possit,
964 5421 1078 5492 emptori
1127 5421 1232 5492 pecuhc
1262 5421 1380 5492 pupillus
1407 5423 1549 5476 convenire
1580 5421 1707 5476 maluerit
1742 5427 1837 5486 (annus
1874 5423 1942 5476 enim

263 5495 277 5546 6
313 5487 419 5542 auferre
436 5491 552 5558 permitti
570 5497 704 5558 oportere.
739 5491 840 5544 Lucius
859 5491 945 5546 Titius
964 5491 1075 5544 coheres
1127 5491 1200 5544 utilis
1218 5503 1252 5544 cx
1269 5505 1322 5560 qno
1340 5491 1456 5544 ιιιιιιι12
1472 5489 1943 5560 agipossccoepitcomputabiturla

263 5675 291 5736 (1)
311 5663 457 5720 cumomF
522 5665 555 5722 (a)
574 5663 639 5712 idem
648 5661 689 5712 F²
742 5665 774 5724 (a)
793 5661 937 5726 quautoF²
997 5663 1029 5722 (t)
1047 5661 1075 5710 id
1127 5661 1172 5722 (tal
1191 5659 1413 5712 adiuuandamecr.
1485 5663 1527 5722 (tt)
1545 5659 1614 5710 cuim
1624 5659 1742 5712 cetram
1813 5663 1856 5724 (ιι)
1875 5665 1943 5710 tute·

264 5739 309 5792 del.
380 5735 411 5794 ιι)
430 5729 594 5794 recepitHul.
668 5733 700 5794 (6)
720 5731 824 5784 aom.F
894 5735 925 5794 (t)
950 5733 1075 5794 tempora·
1127 5727 1266 5780 laeuucdc
1282 5731 1373 5780 Wcter.

262 5807 361 5858 riumF
443 5799 476 5862 (8)
494 5797 522 5846 in
533 5797 651 5848 deffleat.
730 5801 762 5860 (a)
782 5797 1076 5856 idioslsc'ma'li'terHudl
