4366 6258
276 355 462 422 XXXXVH
485 359 502 420 ι
1076 349 1142 430 772,
1759 371 1805 420 nn
1826 369 1940 418 ruanis

952 449 1260 464 *nn-*w

277 543 347 598 Titio
365 541 462 596 herede
479 541 558 596 homo
577 539 636 596 Seio
658 541 762 610 legatus
785 547 846 598 ante
864 541 963 598 aditam
980 541 1082 598 heredi·
1134 541 1258 612 quaestui
1280 541 1389 598 oranti:
1420 541 1575 610 plerumque
1598 541 1667 596 euim
1684 541 1741 598 eius
1764 541 1867 614 generis
1886 557 1939 598 ser·

275 619 358 666 tatem
376 611 446 664 Titio
470 611 572 664 furium
594 609 666 664 iecit.
702 611 724 668 si
748 613 821 666 adita
842 611 990 666 hereditate
1008 611 1083 666 Seius
1134 619 1148 666 t
1185 627 1277 666 vorum
1295 611 1374 666 furtis
1392 611 1498 682 peculia
1515 609 1659 666 eorundem
1676 619 1814 682 augentur.
1849 609 1879 666 Si
1897 627 1939 664 co-

275 681 392 748 legatum
417 679 453 734 ad
480 695 509 734 se
534 679 667 748 pertinere
689 681 811 748 voluerit,
840 679 906 734 furti
933 681 990 736 eius
1016 681 1084 734 servi
1133 679 1212 736 louus
1225 685 1286 748 post
1301 681 1415 736 lustrum
1429 679 1612 736 conductionis
1625 695 1695 734 anno
1711 681 1823 750 amplius
1837 679 1939 736 fructus

276 745 381 802 nomine
404 753 465 814 aget
488 763 547 802 cum
565 763 597 802 co
614 745 714 814 Titius,
741 751 802 816 quia
821 763 906 814 neque
923 753 1000 814 tnnc,
1025 763 1084 800 cum
1133 749 1215 802 insito
1240 747 1345 802 domino
1368 749 1532 816 perceperit,
1561 747 1713 812 ridendum,
1741 765 1773 802 ne
1799 749 1892 802 messis
1915 753 1941 802 et

276 813 378 868 iaceret
395 815 508 880 furtum,
533 815 590 868 eius
608 813 669 880 fuit,
689 823 715 870 ιι
731 821 771 884 (ιιι
786 815 899 868 maxime
917 817 975 884 quis
993 815 1083 868 eristi-
1134 817 1280 870 vindemiae
1298 817 1362 870 furti
1385 831 1446 870 oum
1464 831 1495 870 eo
1514 817 1556 884 agi
1579 815 1672 886 possit.
1707 817 1816 870 etmihi
1833 815 1940 870 dubium

278 887 338 950 met,
356 883 380 936 si
397 897 487 938 servus
503 897 561 938 esse
580 883 697 952 coeperit
713 885 779 946 eius,
797 883 839 936 oui
856 883 957 936 ibrtum
974 883 1083 946 fecerat,
1134 901 1188 938 non
1204 883 1320 948 videtur,
1345 885 1409 952 quin
1425 881 1488 936 fur⁷
1511 889 1537 938 et
1554 883 1578 938 si
1595 883 1788 952 consumpserit
1805 899 1861 938 rem
1877 883 1939 938 sub·

276 949 335 1004 tolli
351 949 417 1004 iurti
431 951 570 1018 actionem,
589 955 619 1006 ut
632 967 681 1006 neo
697 951 720 1006 si
734 951 865 1006 alienatus
883 951 925 1014 sit,
943 951 985 1020 agi
999 951 1084 1018 presit
1133 959 1245 1018 raptam,
1263 951 1348 1020 repeti
1367 967 1398 1006 ea
1415 953 1449 1006 ab
1468 951 1608 1024 eopossit.

278 1033 308 1072 eo
326 1017 440 1084 nominc)
457 1033 491 1072 ne
507 1021 570 1088 post
587 1019 685 1072 aditam
709 1017 814 1086 quidem
830 1017 1004 1072 hereditatem
1021 1019 1085 1072 Titii
1170 1017 1209 1078 69
1229 1015 1289 1086 (68)
1307 1019 1486 1074 Mnacnnnus
1501 1021 1569 1074 libro
1587 1025 1680 1072 coinon
1698 1019 1862 1088 dipestorum
1887 1019 1939 1074 He-

277 1085 365 1140 iactus
383 1091 435 1150 est,
455 1087 517 1154 quia
534 1101 579 1154 ca,
602 1103 669 1156 quae
686 1087 822 1154 legantur,
848 1093 922 1138 recta
939 1087 982 1140 via
999 1087 1033 1140 ab
1052 1101 1083 1140 eo
1134 1087 1276 1142 redituriae
1292 1087 1331 1142 rei
1345 1087 1446 1142 furtum
1461 1087 1519 1142 fieri
1531 1087 1650 1142 lulianus
1665 1087 1787 1156 negabat,
1806 1087 1857 1142 nisi
1871 1087 1941 1144 forte

278 1153 323 1222 qui
339 1153 434 1220 legavit
451 1153 486 1206 ad
503 1169 564 1208 eum
581 1155 624 1208 cui
641 1157 727 1222 legata
745 1157 807 1206 sunt
824 1159 972 1208 transcunt.
1133 1155 1239 1224 pignori
1256 1155 1365 1210 dederat
1383 1155 1523 1210 defunctus
1541 1159 1588 1208 aut
1605 1155 1830 1210 commodaverat:

311 1217 351 1276 66
369 1217 447 1286 (65)ι
470 1219 615 1276 arrianus
636 1223 703 1276 libro
716 1221 807 1290 primo
826 1219 993 1276 euenturum
1012 1219 1083 1274 uedi-
1169 1219 1209 1278 70
1228 1219 1289 1288 (69)
1308 1221 1458 1276 Scaevola
1478 1223 1545 1276 libro
1563 1227 1659 1292 quarto
1678 1223 1862 1292 quaestionum
1895 1229 1941 1276 aut

279 1287 342 1342 lium
361 1285 494 1342 curulium
530 1287 581 1354 pur
597 1305 629 1342 ea
646 1291 732 1342 mente
749 1287 864 1340 alienum
881 1289 945 1356 quid
963 1291 1083 1342 contrac-
1133 1289 1162 1342 in
1181 1307 1234 1358 qua
1251 1305 1316 1342 usus
1334 1289 1437 1344 imctus
1455 1289 1558 1344 ebenus
1576 1295 1623 1344 est.

278 1353 351 1420 tavit,
368 1359 399 1406 ut
415 1353 596 1428 lucrifaceret,
620 1355 725 1408 tametsi
741 1359 843 1408 mutato
863 1355 972 1408 consilio
990 1355 1018 1408 ιιι
1035 1355 1082 1408 do·
1169 1353 1207 1414 71
1229 1353 1289 1422 (76)
1306 1357 1485 1410 Mnnonnnus
1506 1357 1574 1410 libro
1592 1363 1685 1412 οοιοοο
1703 1357 1866 1428 clipeatorum
1892 1357 1940 1412 llis

277 1421 348 1474 mino
363 1427 456 1488 postea
470 1423 593 1490 reddidit,
608 1423 653 1476 fur
667 1427 720 1474 est:
737 1435 813 1474 nemo
830 1421 898 1474 enirn
910 1423 957 1474 tali
971 1427 1083 1492 peccato
1134 1425 1204 1478 enim
1221 1425 1328 1478 casibus
1345 1425 1458 1492 putabat
1473 1423 1691 1478 hereditariurum
1704 1441 1793 1478 rerum
1810 1423 1868 1478 fieri
1885 1423 1898 1476 f
1928 1455 1939 1466 κ

276 1487 697 1622 ittittitittttttttt
713 1489 981 1610 taciti-ann
1004 1555 1036 1608 s
1051 1555 1074 1610 ι
1134 1491 1751 1626 itttittttttttttttttttitali
1767 1491 1857 1546 ¹¹⁶7OE
1875 1509 1938 1560 ‘¹¹¹⁰‘

278 1623 324 1692 qui
340 1639 393 1678 rem
411 1623 436 1694 pi
475 1625 514 1678 ori
532 1625 615 1688 dedit,
641 1639 690 1678 ven
710 1621 785 1678 'derit
802 1639 872 1678 eam:
899 1623 1017 1692 quamvis
1036 1597 1083 1678 uos
1169 1623 1207 1684 72
1223 1621 1284 1692 (71)
1302 1577 1553 1682 recurrentium
1571 1627 1664 1696 quinto
1682 1627 1782 1680 decimo
1800 1643 1837 1680 coc
1851 1625 1939 1680 tassio

278 1693 364 1744 minus
381 1693 423 1756 sit,
453 1699 542 1746 ortum
559 1693 632 1756 iacit,
651 1689 705 1744 sive
719 1705 777 1744 eam
793 1691 941 1744 tradiderat
959 1691 1083 1746 creditori
1134 1693 1162 1746 Si
1179 1695 1209 1758 is,
1229 1693 1272 1748 cui
1291 1693 1455 1748 commodata
1473 1709 1515 1748 res
1531 1701 1596 1758 erat,
1614 1693 1713 1748 furtum
1727 1693 1811 1762 ipsius
1826 1693 1939 1760 admisit,

278 1759 333 1814 sive
355 1759 463 1828 speciali
485 1759 609 1828 pactione
630 1765 734 1812 tantum
756 1759 929 1828 obligaverat:
956 1759 1035 1828 idque
1057 1765 1083 1812 ιι
1134 1765 1177 1830 agi
1196 1777 1255 1814 oum
1273 1777 1304 1816 eo
1319 1765 1346 1814 et
1362 1761 1428 1816 furti
1445 1765 1471 1822 et
1487 1761 1645 1816 commodati
1661 1767 1764 1830 potest:
1783 1765 1817 1826 et,
1835 1761 1859 1814 si
1876 1761 1939 1816 lorti

281 1831 291 1880 i
328 1827 447 1880 iulianus
464 1831 549 1894 putat.
585 1825 612 1876 Si
629 1825 665 1888 ιι,
690 1825 733 1878 oui
749 1841 792 1880 res
811 1827 938 1894 subrepta
955 1825 1003 1892 sit,
1022 1825 1083 1878 duim
1134 1835 1225 1882 actum
1243 1831 1298 1894 est,
1322 1829 1481 1882 commodati
1498 1829 1569 1882 actio
1587 1829 1761 1896 extinguitur,
1785 1827 1809 1882 si
1826 1843 1938 1882 commo-

278 1891 973 2014 ttt,tinniatigititttittltuttnt
990 1899 1083 2014 titt
1137 1895 1393 2016 ¹nl³t³alilllli
1418 1895 1938 2018 fltlsutiiipltllllili·aemulati*

278 2027 394 2082 cundum
410 2027 537 2082 Octaueni
554 1999 711 2080 s’ententiam
728 2029 792 2081 mibi
808 2027 859 2082 soli
876 2029 1002 2096 competit
1017 2027 1083 2082 furti
1134 1979 1293 2086 ίιίιιιιιιιριιοιι
1308 1981 1436 2098 ιιιιιιιιᾶ
1461 2005 1582 2098 quamvis,
1601 2047 1748 2098 usucapere
1766 1979 1938 2098 quisppossit,

278 2095 357 2162 actio,
375 2113 435 2150 cum
452 2095 530 2150 heres
548 2109 596 2150 suo
614 2095 719 2152 nomine
735 2113 789 2150 non
804 2095 910 2160 habeat,
930 2095 999 2164 quia,
1018 2113 1082 2164 qua·
1134 2099 1197 2168 quia
1218 2097 1284 2152 iurti
1306 2113 1383 2164 agere
1405 2103 1494 2168 potest
1521 2099 1558 2164 is,
1583 2099 1656 2152 ouius
1678 2099 1788 2154 interest
1809 2113 1864 2152 rem
1886 2115 1940 2152 non

279 2181 390 2232 cumque
408 2165 510 2218 ratione
528 2161 671 2218 dominium
686 2169 816 2218 mutatum
833 2165 875 2230 sit,
894 2163 999 2220 domino
1014 2181 1083 2218 com·
1133 2167 1250 2236 subripi,
1274 2165 1401 2220 interesse
1424 2171 1514 2220 autem
1535 2167 1591 2222 eius
1615 2167 1729 2232 videtur,
1752 2165 1798 2236 qui
1815 2165 1939 2220 damnum

278 2237 293 2284 ι
327 2239 418 2302 petere
434 2231 500 2286 furti
517 2233 648 2286 ιοιιοιιιιιι
671 2239 783 2288 constat.
819 2233 903 2298 Eum,
928 2233 972 2300 qui
989 2233 1082 2288 mulio·
1133 2251 1262 2304 passurus
1280 2239 1332 2296 est,
1351 2251 1405 2288 nou
1423 2233 1479 2288 eius
1497 2233 1542 2302 qui
1559 2233 1663 2288 lucrum
1679 2233 1800 2288 facturus
1820 2239 1896 2288 esset.

278 2317 336 2356 nem
362 2299 422 2356 dolo
449 2301 519 2356 malo
542 2301 570 2354 in
593 2299 634 2356 ius
662 2307 795 2366 uocasset,
825 2303 848 2354 si
872 2301 973 2354 interea
996 2301 1083 2354 mulae
1169 2299 1206 2360 73
1227 2299 1287 2370 (72)
1312 2301 1500 2356 Monnsnnvus
1525 2301 1593 2356 libro
1616 2303 1727 2372 septimo
1751 2317 1938 2372 responsor-um

278 2373 293 2422 3
327 2369 471 2436 perissent,
496 2369 561 2422 furti
578 2367 662 2422 teneri
684 2373 784 2422 veteres
802 2367 1003 2434 responderunt.
1037 2369 1082 2422 lu-
1134 2371 1289 2438 Sempronia
1304 2371 1406 2424 libellos
1422 2371 1569 2440 composuit
1584 2371 1659 2438 quasi
1673 2369 1770 2422 datura
1784 2369 1938 2434 centurioni,

277 2437 363 2490 lianus
385 2435 524 2504 respondit
546 2449 619 2498 eum,
645 2437 690 2502 qui
711 2435 831 2504 pecuniis
854 2435 987 2502 exigendis
1004 2451 1081 2504 prae·
1133 2443 1164 2490 ut
1181 2439 1215 2490 ad
1234 2437 1352 2492 osticium
1369 2437 1622 2500 transmitterentur,
1641 2437 1689 2490 sed
1706 2453 1759 2490 non
1776 2437 1860 2490 dedit:
1885 2437 1936 2492 Lu·

278 2503 381 2572 positus
399 2509 447 2566 est,
466 2503 489 2556 si
505 2503 681 2556 manumissus
700 2503 794 2570 exigat,
813 2501 878 2554 furii
895 2503 988 2556 teneri.
1013 2503 1082 2570 quod
1135 2505 1191 2560 cius
1208 2521 1257 2572 pro
1275 2505 1403 2558 tribunali
1420 2521 1464 2560 eos
1479 2505 1601 2560 recitavit
1618 2505 1694 2572 quasi
1709 2503 1797 2558 officio
1812 2503 1938 2560 traditos:

279 2569 303 2624 ei
326 2585 489 2636 consequens
513 2575 552 2622 est
576 2569 662 2624 dicere
686 2575 713 2624 et
728 2571 758 2622 in
775 2575 862 2624 tutore
881 2569 924 2624 cui
948 2575 1010 2638 post
1032 2587 1081 2638 pu·
1134 2589 1188 2626 non
1205 2579 1268 2626 sunt
1289 2573 1388 2626 inventi
1405 2573 1432 2626 in
1454 2573 1542 2626 officio
1562 2587 1647 2640 neque
1670 2573 1818 2626 centurioni
1835 2573 1939 2628 traditi:

278 2643 294 2692 4
329 2639 458 2694 bertatem
481 2639 597 2692 solutum
620 2643 667 2692 est.
704 2637 732 2692 Si
755 2641 785 2692 tu
803 2637 901 2690 Titium
922 2637 988 2692 mihi
1012 2653 1082 2692 oom-
1135 2641 1260 2710 quaeret,
1291 2657 1342 2710 quo
1373 2641 1476 2692 crimini
1484 2643 1506 2698 ¹⁰,
1530 2641 1695 2704 subiciatur,
1727 2641 1772 2709 qui
1794 2657 1877 2694 ansus
1901 2647 1941 2696 est

278 2705 441 2760 mandaveris
459 2705 536 2772 quasi
551 2705 689 2770 idoneum,
713 2705 756 2760 oui
774 2705 919 2770 crederem,
947 2711 974 2758 et
991 2721 1038 2772 ego
1056 2705 1083 2758 in
1133 2707 1237 2762 libellos
1255 2707 1288 2760 de
1307 2707 1383 2762 domo
1402 2709 1554 2762 subtractos
1571 2725 1619 2776 pro
1637 2707 1763 2762 tribunali
1779 2707 1878 2776 legere,
1896 2709 1940 2776 qui

279 2773 377 2828 Titium
410 2773 531 2842 inquisti,
565 2773 659 2828 deinde
686 2779 716 2826 tu
748 2773 828 2828 alium
861 2773 978 2828 adducas
1009 2773 1084 2842 quasi
1135 2791 1189 2830 non
1205 2777 1259 2830 sint
1276 2773 1350 2830 dati?
1383 2775 1550 2830 Modestinus
1568 2777 1717 2844 respondit,
1741 2775 1764 2830 si
1787 2777 1854 2830 olam
1877 2777 1938 2830 sub·

279 2841 385 2908 Titium,
405 2841 506 2896 turtum
523 2841 612 2908 iacies,
632 2841 694 2910 quia
711 2841 810 2896 Titium
831 2857 889 2896 esse
905 2843 977 2896 imno
995 2839 1082 2906 credo,
1134 2845 1224 2908 traxit,
1244 2843 1344 2898 furtum
1363 2845 1537 2896 commissum.

280 2909 381 2964 scilicet
399 2911 421 2962 si
438 2915 465 2962 et
482 2911 526 2962 ille
543 2909 589 2978 qui
606 2909 747 2964 adducitur
764 2911 828 2964 scit:
846 2911 918 2978 quod
935 2909 957 2962 si
974 2909 1083 2974 nesciat,
1169 2909 1208 2968 74
1226 2907 1286 2978 (73)
1304 2911 1472 2966 Invocmvus
1485 2911 1553 2968 libro
1571 2911 1664 2980 quinto
1682 2911 1783 2966 deutoro
1799 2929 1836 2966 cx
1850 2911 1939 2966 Cossio

278 2993 331 3032 non
346 2977 445 3032 iacies³
462 2977 570 3044 furtum,
589 2993 639 3032 nec
652 2977 696 3032 hic
714 2977 759 3046 qui
776 2977 886 3032 adduxit
900 2993 977 3046 opem
992 2977 1083 3030 tulisse
1135 2979 1163 3034 Si
1185 2979 1221 3046 is,
1248 2979 1294 3048 qui
1316 2979 1419 3048 pignori
1439 2995 1496 3034 rem
1520 2979 1637 3046 accepit,
1665 2995 1725 3034 cum
1748 2979 1781 3034 ιιι
1802 2979 1938 3034 vendendo

278 3049 367 3114 potest
383 3045 474 3124 videri,
493 3063 552 3100 cum
569 3045 669 3100 furtum
687 3045 787 3100 iactum
804 3063 858 3100 non
877 3045 933 3124 ιιιιΙ
944 3045 990 3100 sed
1009 3043 1083 3124 dabi—
1152 3047 1245 3116 ignore
1262 3047 1328 3100 nibil
1346 3045 1525 3114 convenisset,
1550 3045 1678 3112 vendidit,
1703 3051 1750 3100 aut
1767 3053 1842 3112 ante,
1879 3063 1940 3100 uam

279 3121 293 3166 5
329 3119 372 3166 tur
390 3117 459 3168 actio
482 3115 509 3168 in
531 3115 633 3168 iactum
649 3115 677 3166 in
694 3129 753 3168 eum
771 3115 817 3184 qui
837 3113 955 3178 adduxit.
992 3113 1081 3166 Sistr-
1133 3065 1190 3172 gius
1208 3115 1365 3170 venditionis
1383 3115 1484 3170 ueniret
1500 3115 1614 3184 pecunia
1631 3133 1685 3170 nou
1703 3115 1799 3180 soluta,
1817 3115 1844 3168 id
1861 3065 1938 3170 iecit:

278 3181 385 3250 palatus
404 3181 436 3234 de
454 3187 480 3236 te
494 3183 543 3236 sim
561 3187 618 3250 ‘per
635 3187 661 3236 ιι
677 3199 731 3236 non
749 3181 813 3248 fieri,
832 3181 985 3250 quominus
1004 3181 1081 3234 homo
1133 3183 1198 3240 furti
1215 3199 1244 3238 se
1262 3183 1368 3250 obligat.

279 3251 357 3304 ‘Eros
374 3249 444 3304 intra
467 3251 595 3306 kalendas
612 3251 670 3304 illas
689 3251 753 3304 mibi
770 3251 863 3316 detur’,
889 3249 1007 3318 quamvis
1025 3265 1083 3304 mea
1169 3249 1206 3310 75
1226 3247 1287 3318 (74)
1305 3251 1382 3306 lnnu
1398 3251 1467 3306 libro
1484 3255 1581 3322 quarto
1598 3251 1774 3322 epistularum
1803 3251 1940 3306 Furtivam

277 3319 416 3374 interesset
433 3335 492 3374 eum
509 3335 564 3374 uon
581 3319 682 3388 subripi
703 3323 773 3386 (cum
791 3319 917 3388 subrepto
936 3333 966 3372 ιο
986 3333 1018 3372 ex
1035 3319 1082 3372 sti·
1134 3321 1259 3376 ancillam
1283 3321 1354 3376 bona
1375 3319 1428 3374 fide
1451 3319 1564 3374 duorum
1586 3337 1725 3376 aureorum
1747 3325 1861 3388 emptam
1880 3337 1938 3374 cum

278 3387 371 3454 pulatu
389 3403 442 3442 non
460 3389 572 3452 tonario,
596 3387 618 3442 si
635 3393 723 3442 tamen
744 3403 792 3456 per
809 3393 836 3442 te
859 3387 961 3440 iactum
977 3403 1031 3440 uon
1049 3387 1083 3440 sit
1132 3389 1310 3458 possiderem,
1334 3389 1468 3458 subripuit
1490 3387 1554 3442 mihi
1571 3389 1674 3454 Attius,
1700 3403 1760 3442 cum
1777 3403 1828 3456 quo
1846 3395 1874 3442 et
1891 3403 1938 3456 ego

279 3471 330 3522 quo
348 3455 433 3508 minus
452 3457 515 3510 mibi
532 3455 658 3520 daretur),
682 3471 735 3508 non
758 3461 846 3508 tamen
869 3455 935 3508 furti
952 3455 1083 3508 actionem
1134 3459 1161 3512 et
1179 3457 1301 3512 dominns
1318 3457 1383 3510 t'urti
1400 3473 1417 3510 a
1435 3457 1516 3510 'must
1535 3473 1649 3524 quaero,
1673 3463 1773 3526 quanta
1790 3457 1938 3522 aestimatio

278 3537 318 3576 me
335 3523 441 3576 habere.
595 3591 600 3602 Ι
776 3591 780 3602 Ι
865 3591 870 3602 .
1132 3541 1182 3594 pro
1199 3531 1312 3592 utroque
1335 3525 1393 3580 lieri
1417 3473 1503 3580 gibet.
1538 3523 1688 3604 respondit:
1713 3523 1826 3592 emptori
1849 3523 1938 3592 duplo,

312 3585 351 3646 68
370 3587 430 3656 (67)
451 3589 558 3646 Census
580 3591 648 3646 labro
665 3589 822 3644 duodecumo
840 3591 1004 3660 depasturum
1037 3589 1081 3642 In·
1133 3595 1226 3660 quanti
1243 3593 1301 3648 eius
1317 3593 1440 3658 interest,
1460 3591 1595 3647 aestimari
1612 3593 1704 3658 debet,
1727 3591 1833 3646 domino
1850 3599 1939 3646 autem

278 3655 387 3712 fitiando
406 3655 555 3726 depositum
572 3673 648 3712 nemo
665 3657 730 3712 iacit
747 3655 848 3712 furtum
863 3661 922 3724 (neu
940 3659 1009 3712 enim
1025 3657 1082 3710 fur·
1134 3661 1229 3728 duplo,
1248 3661 1340 3728 spiranti
1358 3677 1390 3716 ea
1407 3661 1501 3716 mulier
1514 3659 1605 3714 inerit,
1640 3677 1689 3714 nec
1707 3677 1755 3716 nos
1772 3675 1876 3716 movere
1894 3659 1938 3714 de-

278 3731 335 3780 tum
352 3729 393 3782 est
409 3727 468 3796 ipsa
485 3727 620 3792 infitiatio,
644 3725 708 3780 licet
722 3741 807 3794 prope
824 3725 924 3778 furtum
942 3733 1005 3792 esti:
1036 3725 1083 3778 sed
1133 3730 1192 3794 bet,
1217 3729 1289 3796 quod
1307 3729 1410 3784 duobus
1427 3745 1514 3798 poena
1535 3727 1602 3784 fruti
1618 3729 1809 3798 praestabitur,
1832 3727 1937 3796 quippe,

278 3793 1083 3918 astuitia“tatiiitttttlttittttttn
1133 3797 1414 3916 wistiliimu‘l·
1427 3799 1533 3876 nnn
1557 3803 1728 3918 imile-tli-
1745 3797 1857 3918 “mili
1883 3797 1937 3850 ιι

278 3903 471 4000 dactyliothece
494 3947 585 4000 quem,
610 3903 670 3984 ou’m
694 3877 813 3998 depgosito
834 3931 960 3996 tenerem,
983 3929 1103 3984 habere
1133 3881 1230 3988 &agnda
1247 3881 1322 3986 ξιιε)
1364 3881 1451 3920 omum
1469 3881 1551 3934 ΨΜ
1574 3881 1743 3934 propneals
1762 3881 1827 3920 caus
1859 3881 1925 3934 prae

281 4003 291 4052 i
327 4015 375 4066 pru
395 4015 442 4054 suo
461 3999 639 4054 destinaverit.
667 3997 696 4054 Si
712 3999 761 4052 tibi
778 3999 932 4066 subreptum
945 4003 993 4062 est,
1012 3997 1082 4066 quod
1167 3997 1206 4058 76
1217 3997 1278 4066 (75)
1294 3999 1464 4054 Ponrouius
1475 3999 1542 4054 libro
1556 3999 1697 4054 uicensimo
1706 4001 1798 4072 primo
1808 3999 1845 4054 ud
1856 3997 1952 4066 Quin,

278 4067 387 4120 nisidio
406 4073 479 4120 certa
503 4065 633 4130 dedisses,
656 4083 769 4134 poenam
790 4065 946 4136 promisisti,
969 4067 1082 4132 ideoque
1133 4073 1189 4120 tum
1205 4065 1325 4122 Mucium
1360 4067 1389 4122 Si
1406 4067 1442 4132 is,
1468 4069 1513 4136 qui
1530 4065 1671 4120 simulabat
1688 4083 1718 4122 se
1757 4075 1938 4124 recuratorem

278 4133 387 4188 sufferre
406 4149 464 4186 eam
480 4149 589 4190 necesse
605 4133 668 4200 fuit,
691 4135 757 4187 furti
779 4135 884 4188 actione
900 4135 952 4188 hoc
977 4149 1082 4202 quoque
1133 4151 1200 4200 esse,
1219 4135 1362 4200 effecisset,
1380 4141 1411 4188 ut
1427 4135 1470 4190 vel
1486 4135 1537 4190 sibi
1554 4135 1594 4190 vel
1613 4135 1656 4190 cui
1672 4151 1714 4190 me
1732 4085 1860 4204 delegavit
1876 4151 1938 4204 pro·

279 4207 294 4256 2
329 4201 551 4256 coaestimabitur.
582 4201 672 4254 infans
691 4201 763 4270 apud
780 4201 866 4254 iurem
883 4201 1013 4256 adoleuit:
1027 4207 1082 4254 tam
1131 4203 1275 4270 mitterem,
1294 4203 1360 4258 furti
1377 4219 1437 4258 cum
1455 4219 1485 4256 ιο
1504 4219 1581 4270 agere
1598 4219 1653 4258 non
1670 4219 1791 4272 possum,
1815 4203 1939 4272 quoniam

278 4269 453 4324 aulideseentis
466 4269 567 4324 turtum
584 4267 648 4322 fecit
664 4269 709 4324 ille
726 4285 804 4336 quam
821 4269 938 4334 infantis,
956 4275 984 4324 ιι
1001 4285 1082 4322 unum
1132 4271 1234 4324 nullum
1249 4285 1345 4340 corpus
1358 4271 1550 4336 intervenisset,
1570 4271 1641 4340 quod
1653 4271 1759 4324 iurandi
1772 4271 1860 4326 animo
1876 4287 1938 4326 con·

278 4343 366 4390 tamen
389 4337 489 4390 furtum
516 4341 570 4390 ast:
601 4335 713 4404 ideoque
741 4337 816 4406 dupli
842 4343 959 4402 tenetur,
990 4337 1083 4406 quanti
1133 4343 1301 4392 trectaretnr.

278 4421 403 4474 umquam
425 4405 497 4472 apud
519 4419 579 4458 enm
601 4405 708 4472 plurimi
729 4405 789 4458 tuit.
824 4421 887 4456 nam
908 4405 979 4474 quod
1003 4405 1083 4458 semel
1168 4401 1206 4462 77
1223 4403 1284 4474 (76)
1301 4405 1381 4458 lnam
1394 4405 1463 4460 libro
1481 4405 1636 4476 tripercce'ruo
1654 4411 1746 4462 octauo
1764 4405 1802 4460 nd
1813 4405 1938 4472 Quintum

280 4475 417 4528 dumtaxat
438 4471 504 4524 iurti
527 4471 570 4540 agi
592 4487 651 4526 oum
674 4489 705 4528 ιο
722 4477 822 4540 potest,
841 4473 903 4540 quid
921 4473 1003 4526 refert
1038 4489 1081 4526 m·
1133 4471 1252 4528 Mucium
1288 4473 1338 4540 Qui
1358 4489 1388 4528 re
1409 4471 1460 4528 sibi
1482 4473 1647 4528 οοιιιιοοιιιιιι
1664 4473 1707 4528 ιιι
1723 4471 1796 4542 apud
1812 4489 1841 4528 se
1858 4473 1939 4542 depo·-

278 4543 380 4610 positae
398 4539 563 4608 quaestioni?
598 4539 707 4608 quippe,
734 4543 758 4596 si
775 4543 918 4608 subreptus
942 4539 998 4594 furi
1013 4489 1083 4594 siret
1134 4541 1186 4594 sita
1210 4557 1273 4594 usus
1297 4545 1338 4594 est
1361 4539 1437 4594 aliter
1455 4545 1535 4610 atque
1553 4541 1668 4610 accepit,
1692 4541 1716 4594 si
1736 4541 1893 4596 existimavit
1909 4555 1939 4596 se

278 4625 420 4662 aurursus
443 4607 535 4662 afure
557 4607 641 4660 altero
660 4623 719 4660 eum
741 4615 939 4678 recuperasset,
963 4609 1043 4662 etiam
1060 4607 1083 4662 si
1133 4625 1188 4664 uon
1203 4609 1286 4664 invito
1304 4609 1410 4664 domino
1426 4607 1455 4662 id
1472 4609 1572 4674 fauere,
1590 4609 1656 4662 furti
1672 4625 1726 4664 non
1743 4615 1857 4664 tenetur.
1892 4609 1939 4664 sed

278 4679 329 4732 duo
347 4677 420 4730 furta
435 4675 550 4738 lecisset,
575 4689 629 4728 non
647 4675 759 4744 amplius
777 4693 857 4744 quam
875 4677 954 4730 semel
973 4693 1032 4730 cum
1049 4691 1080 4730 eo
1131 4693 1182 4732 nec
1210 4677 1323 4746 depositi
1351 4677 1407 4730 ullu
1435 4677 1514 4732 modo
1541 4677 1686 4732 tenebitur:
1717 4675 1876 4732 commodati
1903 4691 1939 4730 an

277 4745 342 4798 furti
359 4745 402 4812 agi
417 4749 510 4812 posset
517 4747 534 4798 ⁵.
561 4757 609 4796 nco
626 4741 806 4810 dubitaverim,
825 4745 888 4812 quin
905 4743 1081 4806 adulescentis
1132 4747 1263 4810 teneatur,
1280 4743 1308 4798 in
1327 4745 1407 4812 culpa
1424 4745 1572 4798 aestimatio
1592 4745 1649 4810 erit,
1666 4745 1694 4798 id
1711 4749 1752 4798 est
1769 4759 1804 4798 an
1820 4759 1875 4798 non
1892 4743 1938 4798 de-

277 4813 365 4882 potius
389 4827 467 4880 quam
489 4811 598 4864 infantis
626 4811 834 4866 aestimationem
856 4811 915 4864 fieri
938 4815 1080 4878 oporteret.
1136 4819 1146 4864 ι
1184 4813 1272 4866 buerit
1295 4813 1446 4866 existimare
1467 4811 1495 4864 id
1517 4811 1651 4864 dominum
1673 4813 1872 4880 permissurum.
1910 4811 1939 4866 Si

278 4885 303 4934 et
320 4879 384 4948 quid
401 4885 456 4932 tam
471 4879 612 4934 ridiculum
630 4883 670 4932 est
687 4895 765 4946 quam
782 4879 915 4932 meliorem
932 4877 999 4932 furis
1018 4893 1081 4930 con·
1133 4879 1192 4948 quis
1211 4879 1288 4934 alteri
1304 4879 1406 4932 furtum
1422 4879 1517 4932 iecerit
1538 4885 1565 4932 et
1581 4879 1608 4934 id
1627 4879 1698 4946 quod
1721 4879 1854 4946 subripuit
1870 4879 1938 4932 abus

278 4947 406 5002 dicionem
431 4961 490 5000 esse
518 4949 627 5014 propter
650 4945 873 5000 continuationem
900 4943 965 4998 furti
992 4945 1081 4998 existi·
1133 4947 1168 5000 ab
1190 4961 1221 4998 eo
1245 4945 1391 5014 subripuit,
1415 4961 1476 4998 oum
1497 4947 1645 5014 posteriore
1665 4947 1725 5000 iure
1742 4945 1863 5000 dominus
1881 4945 1939 5000 eius

278 5019 292 5068 3
327 5015 417 5068 marei
435 5015 501 5068 Cum
515 5027 605 5068 servus
621 5011 753 5082 inemptus
770 5011 859 5068 factm
875 5011 916 5078 sit,
935 5029 990 5068 non
1003 5027 1082 5080 posse
1132 5013 1173 5068 rei
1196 5011 1262 5066 furti
1289 5029 1366 5080 agere
1388 5017 1491 5082 potest,
1520 5011 1564 5068 fur
1586 5013 1659 5094 prior
1676 5029 1731 5068 non
1752 5017 1853 5080 potest,
1877 5013 1938 5068 ideo

278 5091 422 5150 emptorem
437 5081 503 5136 iuni
520 5095 598 5150 agere
615 5095 675 5134 cum
696 5081 832 5136 venditore
854 5081 892 5134 ob
905 5081 946 5146 id,
970 5081 1042 5148 quod
1058 5079 1081 5134 is
1135 5079 1206 5150 quod
1223 5079 1321 5134 domini
1337 5079 1472 5146 intumuit,
1490 5097 1545 5134 non
1560 5081 1657 5150 prioris
1674 5081 1753 5146 furis,
1776 5085 1807 5134 ut
1823 5081 1851 5134 id
1868 5079 1939 5148 quod

278 5167 368 5206 servus
385 5155 446 5218 post
463 5149 633 5218 emptionem,
651 5151 792 5218 antequam
809 5149 977 5212 redderetur,
995 5147 1080 5202 subri·
1112 5155 1116 5162 ’
1133 5149 1290 5218 subreptum
1313 5153 1353 5202 est
1375 5149 1477 5202 salvum
1499 5155 1579 5204 esset.
1614 5149 1680 5204 haec
1702 5149 1815 5216 unitus
1832 5149 1937 5202 Mucius

278 5221 294 5270 t
326 5219 435 5286 puisset.
472 5217 548 5284 Quod
575 5215 629 5270 furi
655 5215 707 5284 ipsi
727 5215 828 5270 frutum
852 5215 946 5272 fecerit
968 5215 1082 5270 furtivus
1133 5215 1214 5272 refert
1232 5221 1257 5270 et
1274 5233 1337 5270 vera
1353 5221 1428 5272 suut:
1451 5233 1512 5270 nam
1528 5217 1593 5272 licet
1607 5215 1713 5270 intersit
1728 5215 1794 5270 furis
1812 5231 1868 5270 rem
1884 5215 1937 5272 sal-

278 5301 381 5350 ιιιιιιι,
406 5301 435 5338 ιο
454 5287 558 5340 nomine
576 5281 707 5338 audonem
724 5301 784 5338 oum
802 5283 907 5338 domino
925 5281 1011 5338 furem
1032 5283 1080 5338 ha·
1132 5299 1282 5350 ramesse,
1307 5283 1370 5352 quia
1393 5283 1558 5338 condictione
1580 5289 1699 5348 tenetur,
1721 5287 1811 5338 tamen
1829 5299 1890 5338 cum
1906 5299 1937 5338 ιο

278 5353 394 5406 biturum
418 5353 521 5432 placet,
547 5367 582 5408 ne
602 5351 723 5406 faemore
746 5351 840 5406 talium
869 5367 1005 5406 seruorum
1027 5367 1082 5406 non
1132 5351 1248 5408 isonius
1265 5351 1376 5406 interest
1392 5351 1458 5406 ιιιιιι
1474 5351 1557 5408 habet
1574 5353 1718 5418 actionem,
1735 5351 1760 5406 si
1775 5351 1888 5406 honesta
1905 5367 1938 5406 ex

277 5421 362 5476 solum
377 5419 443 5492 ipsis
459 5419 654 5492 impunitatem,
671 5419 719 5476 sed
736 5419 848 5476 dominis
867 5435 973 5490 quoque
991 5435 1083 5476 eorum
1133 5435 1217 5476 causa
1232 5419 1352 5476 interest.
1386 5435 1436 5476 neo
1454 5419 1553 5476 utimur
1570 5417 1809 5488 sumserimus,
1827 5419 1872 5488 qui
1886 5437 1936 5490 pn·

276 5595 306 5660 (1)
323 5593 540 5658 =D.21,1‚u‚r
614 5595 646 5656 (2)
662 5593 800 5660 uulpem,
815 5593 922 5644 resuta
992 5595 1023 5656 (3)
1040 5593 1078 5644 la-
1133 5593 1167 5656 (8)
1186 5591 1317 5644 autionaF
1389 5595 1422 5656 (ι)
1439 5593 1659 5656 sicsoripsiudB,
1673 5595 1935 5658 quaerunonsunt...

275 5661 383 5716 cietscr.
482 5661 513 5724 (4)
532 5675 565 5710 ιιι
582 5659 775 5728 dactyliothece,
792 5677 866 5728 quem
884 5661 995 5728 deposito
1010 5665 1079 5712 ιιιιι-
1129 5659 1218 5710 traditi
1226 5659 1272 5726 ΡΙ,
1286 5675 1377 5726 quaero
1386 5677 1443 5710 oum
1451 5675 1502 5710 non
1511 5659 1699 5714 sint...traditi
1707 5661 1732 5712 F
1735 5659 1747 5692 ²
1826 5663 1871 5728 (ιι)
1889 5659 1935 5714 ιιι-

276 5731 314 5782 ιιι
329 5749 375 5782 scr.
482 5729 516 5794 (t)
533 5729 661 5794 siclini,
684 5743 755 5794 posse
770 5731 795 5782 F
898 5731 932 5794 (6)
949 5731 1078 5794 quaestum
1128 5727 1232 5784 mintF
1505 5735 1507 5738 ’

276 5801 362 5862 parent
375 5817 421 5850 scr.
437 5799 555 5864 (similitor
570 5817 618 5850 vau
633 5799 663 5850 da
682 5797 772 5864 Wuert
865 5803 896 5866 (ι)
914 5797 947 5854 sit
962 5801 1007 5852 ius.
1022 5799 1077 5852 edd.
1106 5867 1107 5870 Ἴ
1248 5803 1249 5806 ’
