4366 6258
275 347 384 430 XXXI
673 305 678 316 -
701 451 702 454 Ἴ
1045 329 1047 332 ’
1079 351 1144 426 436
1735 369 1781 418 nn
1801 369 1941 420 nncnnrs

273 543 439 616 portionibus
456 535 571 598 heredes
584 541 637 596 scri
656 541 720 596 serit
738 547 765 596 ει
786 549 890 624 partem
912 541 983 598 forte
1000 557 1081 612 quar·
1132 543 1210 598 sisset
1220 541 1352 608 heredem,
1364 541 1422 598 ειιιε
1433 539 1528 610 modu
1544 539 1590 610 qui
1600 537 1733 608 legitimus
1744 537 1821 592 heres
1834 537 1941 596 intumis

272 621 329 666 tam
346 617 436 664 emere
455 609 571 664 eiusdem
587 559 663 664 fiendi
680 609 820 678 legaverit,
842 627 891 692 pro
915 611 957 664 his
974 611 1081 678 quidem
1133 615 1210 674 esset,
1227 611 1266 664 ita
1283 611 1422 682 loquatrrr:
1446 613 1516 680 ‘peto
1539 625 1588 678 pro
1611 607 1773 672 hereditate,
1796 621 1876 676 quam
1892 609 1941 664 tibi

273 677 447 748 portionibus,
465 691 531 746 quas
548 679 606 732 iure
621 677 782 734 hereditario
799 683 921 742 rebnent,
944 677 1080 732 fideicom·
1133 679 1243 748 ‘reliqui
1261 693 1330 748 quae
1347 679 1383 732 ad
1398 679 1508 732 tratrem
1524 693 1611 730 meum
1628 677 1687 730 iure
1703 677 1817 744 legitime
1834 675 1940 742 rediret,

273 745 381 798 missum
398 759 453 798 non
470 749 583 812 petetur,
600 759 654 796 non
671 745 755 812 magh
773 763 852 814 quam
874 745 898 798 si
920 745 999 800 alteri
1019 745 1080 800 fun·
1135 751 1146 800 1
1184 751 1335 800 ‘contentus
1360 745 1396 802 sis
1421 751 1527 800 centurn
1549 745 1656 798 aureis'.
1691 745 1845 808 Praedium,
1868 745 1942 862 pund

275 811 336 864 dum
352 811 545 880 praelegasset:
563 827 611 880 pro
629 811 714 864 altera
730 829 792 868 vero
805 817 891 884 parte,
908 827 978 880 quae
989 811 1017 866 in
1034 829 1080 866 ex-
1132 813 1238 868 nomine
1252 813 1371 868 familiae
1387 813 1560 882 relinquitur,
1586 811 1608 866 si
1625 829 1680 866 non
1703 809 1852 866 voluntaria
1880 817 1941 866 acta

272 885 359 932 terum
377 877 475 934 nodata
492 883 540 942 est,
557 877 658 930 uirilem
675 877 721 946 qui
743 885 807 934 sunt
824 881 856 934 de
873 879 973 934 familia
989 885 1083 948 petent
1133 881 1168 934 sit
1184 879 1318 946 alienatio,
1337 881 1385 934 sed
1401 883 1473 936 bona
1488 881 1593 934 heredis
1610 883 1732 944 veneant,
1749 877 1850 934 mmdiu
1869 893 1940 948 emp-

274 945 505 1014 admissapropter
515 945 627 1000 heredes
635 945 747 1000 drihum
755 947 906 1018 portionum
914 949 1080 1016 pensatione.
1132 955 1175 1004 tur
1190 949 1305 1002 retinere
1316 949 1404 1016 debet,
1421 947 1547 1018 quamdiu
1559 948 1664 1002 debitor
1674 949 1786 1002 haberet
1797 945 1874 1002 bonis
1887 965 1941 1004 non

274 1019 289 1066 5
326 1013 378 1068 Sed
396 1019 422 1066 ει
439 1015 463 1068 si
479 1013 591 1066 fundum
613 1013 690 1068 heres
714 1019 762 1070 uni
779 1031 813 1070 ex
829 1015 929 1068 familie
945 1015 1083 1084 reliquerit
1132 1015 1253 1082 venditis,
1271 1021 1334 1084 post
1351 1021 1463 1072 mortem
1481 1017 1537 1070 eius
1554 1033 1608 1070 non
1625 1015 1766 1070 habiturus
1779 1015 1850 1084 quod
1868 1021 1941 1070 ester

272 1079 382 1150 eiusque
390 1079 453 1134 fidei
464 1081 630 1144 commiserit,
645 1085 675 1134 ut
686 1097 747 1138 eum
756 1089 847 1138 extero
857 1083 987 1148 restituat,
1001 1099 1082 1150 quae·
1133 1089 1147 1138 t
1181 1083 1258 1138 heres
1276 1089 1416 1152 praestare
1433 1089 1579 1152 cogeretur.
1618 1083 1707 1138 Mater
1728 1083 1782 1138 filio
1806 1081 1941 1154 impubere

273 1149 353 1204 ειιιιει
368 1153 420 1214 εει,
437 1165 474 1202 an
489 1149 541 1202 hoc
551 1147 782 1204 fideicommissum
798 1151 853 1220 peti
863 1151 954 1218 possit.
980 1151 1082 1206 dixiita
1133 1149 1229 1204 herede
1245 1151 1368 1206 instituto
1386 1157 1501 1204 tutorem
1514 1153 1599 1206 cidem
1610 1151 1753 1222 adscripsit
1764 1151 1872 1220 eiusque
1880 1151 1942 1204 fidei

274 1217 378 1270 demum
387 1215 539 1286 petiposse,
557 1215 665 1270 situndi
693 1219 789 1272 retium
801 1217 908 1272 efficiat.
936 1217 1081 1288 sedsiqui·
1133 1219 1271 1282 commisit,
1290 1225 1329 1284 ut,
1352 1219 1375 1274 ει
1388 1219 1458 1272 filius
1471 1235 1536 1274 suus
1550 1221 1621 1272 intra
1633 1219 1845 1288 quattuordecim
1857 1233 1941 1272 annos

275 1285 333 1338 dem
349 1285 393 1338 ille
410 1285 484 1404 {rior
500 1283 660 1402 testaporita
674 1233 1080 1366 ddeicommissumreliquisseti:
1133 1285 1298 1366 decessisset,
1323 1287 1476 1366 restitueret
1491 1287 1666 1342 hereditatem
1684 1287 1846 1368 Sempronio.
1871 1303 1941 1366 ,non

274 1351 411 1486 ἶΙῐιῗιειροιιείῗεξι,1
414 1367 476 1472 rdlrld1
479 1353 848 1488 idmeddeditduiodemdddddd
847 1369 912 1474 iahed
922 1353 1081 1474 idilhldafuid-
1132 1353 1191 1482 did?
1202 1353 1790 1490 dirlilduiuidreelriroffllessidndterredddndddiffitin
1790 1355 1914 1474 treilriredledi
1915 1369 1942 1476 di

273 1493 345 1540 sent:
365 1489 435 1554 ‘peto
453 1501 507 1540 non
524 1485 624 1540 fundus
642 1489 675 1542 do
692 1489 792 1542 familia
807 1489 900 1552 exeat,
917 1487 1022 1540 heredis
1032 1487 1080 1542 he-
1130 1493 1209 1556 pater
1225 1503 1280 1540 non
1296 1487 1356 1542 iure
1373 1489 1445 1542 facto
1463 1489 1641 1542 ιεειειιιειιιε3
1663 1489 1760 1542 tutoris
1783 1489 1845 1542 fidei
1869 1503 1941 1542 com·

272 1555 363 1608 redem
379 1557 489 1622 propter
506 1567 618 1622 sequens
636 1555 874 1618 fideicommissum,
901 1555 971 1624 quod
989 1555 1017 1608 in
1035 1571 1080 1608 ex-
1131 1555 1243 1618 miserit,
1271 1569 1356 1624 aeque
1376 1555 1570 1624 praestabitur,
1597 1555 1817 1624 quemadmodum
1839 1555 1863 1610 si
1883 1555 1941 1610 iure

271 1625 359 1676 terum
371 1621 497 1676 collatum
514 1629 562 1688 est,
580 1629 719 1678 oneratum
730 1621 853 1690 intellegi,
872 1623 993 1690 petituris
1007 1621 1080 1676 dein-
1130 1627 1319 1676 testamentum
1336 1625 1439 1676 iactum
1455 1623 1562 1678 fuisset:
1582 1623 1682 1678 sufficit
1700 1625 1776 1690 enim,
1793 1627 1824 1678 ut
1841 1625 1875 1678 ab
1892 1623 1940 1676 im-

273 1705 335 1758 ceps
354 1689 447 1744 ceteris
467 1691 594 1758 exprimo
606 1693 765 1746 testamento
777 1689 1082 1760 fideicommissumpost
1131 1691 1231 1760 pubere
1249 1689 1341 1744 datum
1359 1689 1590 1744 fideicommissum
1607 1693 1744 1758 ridentum,
1767 1691 1800 1744 ab
1820 1705 1851 1744 eo
1875 1691 1941 1756 dari,

272 1763 288 1812 6
322 1765 434 1812 mortem
451 1759 573 1814 videlicet
595 1761 651 1816 eius
669 1759 714 1826 qui
739 1759 825 1826 primo
842 1759 942 1814 electus
961 1763 1010 1814 est.
1044 1759 1081 1814 Ει
1148 1773 1210 1812 uem
1226 1759 1249 1812 ιε
1267 1759 1313 1826 qui
1331 1759 1414 1812 debat
1430 1765 1545 1812 tutorem
1557 1759 1668 1814 dederat
1678 1759 1721 1814 rel
1734 1759 1815 1814 etiam
1825 1763 1941 1814 tutorem

271 1825 331 1880 ideo
356 1825 378 1880 si
395 1825 481 1882 electo
505 1843 557 1882 nno
584 1825 815 1882 fideicommissum
836 1827 865 1882 tn
890 1833 1011 1882 exterum
1026 1843 1081 1882 nou
1130 1777 1190 1882 dore
1214 1825 1404 1880 arbitrabatur.
1443 1825 1513 1880 idem
1536 1827 1565 1880 in
1589 1831 1713 1882 curatore
1735 1827 1878 1896 impuberis
1901 1829 1942 1882 vel

272 1891 452 1960 conteratur1,
470 1911 524 1950 non
541 1895 607 1950 alias
625 1897 649 1948 ei
666 1895 712 1962 qui
729 1893 830 1950 electus
845 1901 885 1950 est
896 1895 1080 1952 fideicommis-
1130 1893 1239 1948 minens
1256 1895 1334 1948 annis
1350 1895 1428 1948 debet
1439 1895 1553 1962 probari.
1589 1909 1639 1948 nec
1650 1895 1768 1962 interest,
1785 1897 1942 1950 tuterreote

272 1977 331 2016 sum
346 1963 537 2032 praestandum
550 1963 608 2028 erit,
626 1977 706 2032 quam
719 1961 885 2032 interpositis
897 1963 1079 2018 cautionibus:
1132 1963 1211 2016 datus
1227 1961 1287 2016 vivo
1303 1967 1382 2030 patre
1398 1963 1527 2016 moriatur
1543 1963 1584 2014 vel
1601 1961 1691 2032 aliquo
1708 1961 1842 2030 privilegio
1862 1977 1941 2016 excu-

272 2029 401 2096 ιιιιιιιιιιιιι,
419 2047 480 2086 cum
495 2031 630 2094 morietur,
650 2029 672 2084 si
689 2045 743 2096 non
755 2031 783 2084 in
800 2029 970 2086 familiacum
983 2029 1080 2086 erecto
1132 2035 1205 2084 setur
1220 2029 1263 2084 vel
1279 2034 1355 2082 tutor
1371 2043 1430 2082 esse
1447 2045 1501 2084 non
1518 2029 1604 2098 possit
1619 2035 1732 2098 propter
1749 2035 1872 2094 oetatem,
1899 2031 1942 2084 cui

273 2101 286 2150 i
323 2097 533 2168 relinqueretur,
550 2097 670 2152 restitui’.
707 2095 1080 2168 ‘Rogo,f1nrunonmnori-
1131 2103 1205 2152 tutor
1222 2095 1311 2152 fuerat
1328 2097 1422 2150 datus:
1441 2097 1537 2164 quibus
1550 2101 1622 2152 certe
1639 2097 1745 2150 casibus
1757 2095 1941 2152 fideicommis-

272 2165 331 2220 ‘eris
349 2167 474 2222 restituas
492 2183 526 2222 ex
541 2166 645 2220 libertis
662 2165 707 2220 cui
728 2167 820 2222 voles’.
860 2167 931 2236 quod
947 2167 983 2222 ad
1000 2167 1081 2220 verba
1132 2167 1211 2218 sum⁴
1228 2181 1283 2218 non
1299 2163 1443 2230 intercidit,
1467 2165 1573 2232 quoda
1595 2165 1697 2234 pupillo
1721 2165 1812 2218 datum
1828 2163 1940 2218 ridetur.

271 2233 374 2300 attinet,
398 2235 482 2304 ipsius
500 2235 550 2290 erit
567 2233 660 2288 electio
686 2249 737 2288 nec
754 2241 844 2304 petere
869 2235 928 2306 quis
946 2251 1010 2290 uam
1031 2251 1080 2304 po·
1131 2233 1183 2288 hac
1201 2233 1314 2302 denique
1331 2233 1435 2286 ratione
1451 2233 1554 2300 placuit
1572 2247 1589 2286 a
1604 2237 1703 2298 tutore,
1721 2233 1766 2302 qui
1781 2233 1847 2286 nihil
1865 2247 1940 2286 acce-

269 2303 347 2368 terit,
371 2305 498 2372 quamdiu
515 2301 644 2372 praeferri
660 2301 729 2356 alius
751 2309 855 2372 potasti
881 2303 931 2356 2ιιε
961 2309 1025 2356 ncto
1049 2319 1080 2358 eo
1130 2301 1179 2372 pit,
1196 2301 1431 2356 fideicommissum
1448 2299 1548 2370 pupillo
1565 2299 1681 2368 relinqui
1697 2315 1752 2354 nen
1768 2315 1857 2368 posse,
1876 2315 1941 2368 quo-

269 2371 344 2440 prins
362 2385 441 2440 quam
460 2371 540 2440 eligat
556 2375 648 2438 petent
665 2385 765 2424 omnes.
807 2371 897 2440 itaque
914 2371 1025 2438 eveniet,
1051 2377 1082 2424 ut
1131 2371 1203 2424 niem
1220 2369 1292 2440 quod
1309 2371 1344 2424 ab
1363 2385 1394 2424 eo
1412 2369 1568 2438 rehnquitnr
1586 2373 1685 2434 extero,
1709 2383 1762 2422 non
1778 2369 1862 2436 ipsius
1879 2383 1941 2438 pro·

271 2439 343 2506 quod
359 2441 407 2492 uni
424 2437 516 2494 datum
534 2443 575 2490 est
599 2437 663 2492 vivis
680 2437 804 2506 pluribus
827 2455 896 2492 unus
920 2443 1011 2508 petere
1027 2455 1082 2494 non
1132 2443 1147 2492 3
1181 2437 1248 2506 ριιο,
1267 2437 1314 2492 sed
1325 2437 1421 2506 pupilli
1431 2435 1490 2492 iure
1501 2437 1637 2492 debeatur.
1672 2435 1768 2490 Fratre
1784 2435 1882 2490 herede
1901 2437 1941 2490 in-

269 2507 363 2576 possit,
385 2505 432 2560 sed
449 2521 540 2560 omnes
557 2509 650 2572 petant
667 2505 738 2572 quod
755 2521 810 2560 non
827 2507 972 2560 omnibus*
989 2507 1082 2560 datum
1131 2505 1225 2560 stituto
1242 2507 1318 2574 petit,
1336 2521 1371 2560 ne
1388 2505 1479 2560 domus
1497 2505 1665 2570 alienaretur,
1686 2503 1734 2560 sed
1751 2503 1826 2558 utin
1842 2503 1941 2560 tamdia

270 2579 318 2638 est,
332 2579 359 2626 et
372 2573 411 2626 ita
422 2573 528 2628 demum
539 2575 631 2640 petere
642 2573 729 2640 possit
740 2589 819 2640 unus,
831 2575 855 2628 si
866 2573 939 2628 solus
952 2575 1082 2630 moriente
1131 2573 1332 2642 relinqueretur.
1369 2573 1392 2626 si
1409 2589 1463 2626 non
1485 2573 1605 2644 paruerit
1627 2573 1704 2626 heres
1727 2571 1872 2636 voluntati,
1895 2571 1942 2626 sed

271 2645 286 2694 8
321 2657 351 2696 eo
374 2639 514 2710 superfuit.
554 2639 584 2692 Si
604 2655 660 2694 rem
682 2645 771 2708 tuam,
796 2657 875 2710 quam
898 2641 1082 2696 existimabam
1133 2641 1240 2694 domum
1257 2641 1411 2694 chenerern't
1427 2641 1469 2694 rel
1486 2647 1576 2694 extero
1594 2641 1691 2694 herede
1710 2639 1832 2694 instituto
1851 2641 1941 2694 deces-

248 2725 363 2776 -meam,
380 2713 408 2764 te
425 2709 523 2764 herede
533 2707 656 2764 institute
669 2707 740 2764 Titio
752 2711 844 2778 legem,
862 2725 916 2764 non
929 2709 1082 2764 esthratii
1132 2709 1209 2774 serit,
1239 2723 1332 2764 omnes
1357 2707 1588 2762 fideicommissum
1610 2713 1704 2778 petent
1727 2707 1771 2776 qui
1792 2707 1821 2762 in
1841 2707 1942 2762 familia

269 2777 355 2832 Prisci
372 2779 521 2832 sententiae
537 2791 588 2832 nec
606 2779 789 2834 constitutioni
805 2779 889 2848 locus,
906 2795 960 2848 qua
973 2785 1082 2834 cavetur
1131 2777 1248 2832 fuerunt.
1283 2775 1349 2846 quid
1367 2791 1428 2846 ergo
1446 2777 1469 2832 ει
1486 2791 1541 2830 non
1558 2777 1612 2830 sint
1628 2777 1746 2830 eiusdem
1763 2775 1879 2844 gratim?
1904 2777 1943 2830 ita

270 2863 324 2902 non
343 2845 489 2916 cogendum
506 2851 643 2914 praestare
654 2845 771 2914 legatum
787 2847 926 2902 heredem:
945 2863 1008 2902 nam
1019 2863 1080 2902 suc·
1131 2861 1174 2900 res
1192 2845 1335 2914 temperari
1353 2845 1440 2912 debet,
1457 2849 1488 2898 ut
1505 2845 1640 2914 proximus
1658 2845 1770 2914 quisque
1786 2845 1870 2914 primo
1882 2845 1942 2900 loco

271 2931 378 2968 cursum
395 2923 437 2970 εει
454 2915 606 2980 heredibus,
623 2929 657 2968 ne
674 2919 834 2996 'cogerentur
855 2915 991 2980 redimere,
1010 2917 1082 2984 quod
1131 2915 1254 2968 videatur
1269 2913 1407 2992 inritatus.
1441 2929 1492 2968 nec
1505 2913 1665 2968 tamenideo
1684 2929 1713 2992 se
1731 2913 1848 2968 nendum
1862 2929 1944 2992 causa

270 2987 382 3038 testator
399 2999 477 3038 suum
494 2983 647 3038 existimans
671 2983 793 3052 reliquit:
820 2989 882 3038 suut
903 2985 975 3040 enim
997 2983 1065 3038 ma‘
1131 2989 1241 3052 propter
1258 2995 1410 3052 supernores
1426 2981 1455 3034 in
1472 2987 1608 3062 posterum
1625 2981 1696 3034 lacdr
1714 2929 1812 3046 dehet,
1835 2981 1883 3036 sed
1905 2987 1943 3036 rte

269 3051 298 3106 in
315 3050 434 3120 legendis
458 3051 513 3106 suis
530 3051 609 3106 rebus
627 3067 708 3174 quam
732 3053 761 3106 in
778 3053 870 3106 alienis
895 2999 1080 3124 comparandi}
1131 3051 1269 3120 proximus
1287 3051 1401 3130 quisque
1418 3049 1595 3130 admittendus
1613 3055 1662 3116 est,
1680 3049 1704 3104 si
1719 3049 1881 3130 paratususit
1898 3065 1942 3130 ca·

269 3127 298 3174 et
315 3121 457 3176 onerandis
475 3121 615 3176 heredibus
645 3121 768 3176 aciliores
785 3121 950 3178 voluntates:
969 3121 1081 3190 quodin
1131 3135 1192 3174 vere
1209 3135 1239 3174 se
1255 3119 1373 3174 familiae
1389 3119 1700 3174 domumrcstrtutnrum.
1736 3117 1807 3188 quod
1819 3123 1942 3174 ardentm

269 3187 321 3244 hec
339 3189 427 3256 specie
445 3205 499 3244 non
518 3189 617 3254 evenit,
644 3205 706 3244 cum
732 3189 876 3244 dominium
900 3191 939 3244 rei
956 3191 992 3244 sit
1008 3191 1082 3260 apud
1131 3203 1186 3242 non
1202 3187 1284 3242 ιιιεειι
1301 3187 1335 3242 ab
1355 3203 1395 3254 eo,
1414 3187 1460 3256 qui
1475 3187 1560 3256 primo
1577 3187 1638 3242 loco
1656 3185 1788 3242 admissus
1805 3193 1855 3252 εει,
1874 3187 1942 3242 desi-

271 3259 287 3310 9
321 3257 452 3312 heredem.
488 3255 517 3310 Si
540 3257 639 3312 omissa
654 3257 851 3312 fideicommissi
872 3259 954 3312 verba
977 3259 1031 3312 sint
1054 3263 1081 3312 ει
1132 3255 1233 3322 derata,
1259 3255 1335 3310 nuda
1369 3255 1457 3310 uidem
1475 3271 1505 3310 ec
1524 3255 1630 3310 nomine
1643 3259 1779 3324 ¹nascetur
1801 3253 1942 3320 condictio,

271 3331 360 3380 cetera
377 3341 445 3394 qnae
462 3325 588 3394 leguntur
605 3343 666 3380 cum
683 3325 733 3392 bis,
753 3343 822 3398 quae
833 3325 912 3382 scribi
924 3327 1080 3394 debuerunt,
1132 3325 1179 3378 sed
1196 3325 1219 3380 si
1236 3325 1360 3380 domasa
1391 3329 1509 3380 exterum
1523 3323 1851 3404 quandoquepervenerit,
1869 3323 1943 3378 ιιιιει-

271 3401 433 3462 congruant,
460 3399 534 3448 recte
551 3393 643 3448 datum
660 3399 687 3450 et
709 3395 795 3450 minus
813 3395 943 3464 scriptum
959 3395 1080 3466 exemplo
1133 3391 1264 3448 commissi
1280 3393 1374 3462 petitio
1390 3393 1506 3448 familiae
1528 3397 1661 3462 competrt.
1692 3393 1842 3448 cautionem
1855 3399 1944 3448 autem

269 3459 443 3516 institutionis
460 3463 858 3534 legatorumqueintellegetur:
878 3479 957 3532 quam
974 3469 1080 3520 senten·
1130 3463 1235 3516 ratione
1258 3461 1313 3516 doli
1335 3463 1400 3516 mali
1424 3461 1585 3532 exceptionis
1607 3467 1674 3530 puto
1698 3463 1768 3516 iuste
1790 3461 1943 3530 desiderari,

269 3529 335 3582 tiam
361 3529 476 3598 optimus
498 3545 603 3598 quoque
626 3531 771 3600 imperator
793 3537 885 3586 noster
902 3531 1015 3586 severus
1039 3547 1080 3588 se·
1131 3533 1148 3582 4
1182 3529 1393 3598 quamvisnemo
1406 3529 1886 3600 aliusnlteriorexfamiliasupersit.
1916 3529 1942 3586 Si

272 3601 303 3650 10
319 3623 320 3626 ¹
338 3601 415 3652 cutus
443 3601 492 3652 est.
535 3597 602 3652 Item
628 3599 735 3652 timeus
767 3601 911 3668 imperator
942 3601 1082 3670 rescripsit
1132 3597 1239 3664 quidam
1256 3597 1310 3652 sint
1327 3603 1422 3668 postea
1440 3597 1606 3668 emancipati,
1623 3599 1845 3668 mactaripotest,
1863 3613 1900 3652 an
1916 3597 1943 3652 hi

269 3667 358 3730 verba,
382 3665 478 3734 quibus
504 3669 617 3720 testator
633 3667 672 3720 ita
690 3673 798 3722 caverat
823 3671 885 3722 ‘non
902 3667 1026 3722 dubitare
1044 3683 1080 3734 se,
1132 3681 1237 3736 quoque
1253 3671 1327 3720 recte
1343 3667 1576 3722 fideicommissum
1597 3671 1700 3736 petant.
1740 3673 1767 3722 et
1787 3671 1853 3736 puto
1871 3673 1944 3722 recte

269 3733 464 3804 ‘quodcumque
486 3749 555 3788 uxor
572 3733 629 3788 eius
647 3735 775 3804 cepisset,
799 3735 888 3790 liberis
914 3735 970 3790 suis
993 3735 1080 3790 reddi·
1131 3733 1278 3802 petituros,
1307 3737 1433 3802 quoniam
1461 3735 1578 3790 familiae
1606 3735 1784 3804 appellatione
1812 3751 1944 3806 personae

270 3801 384 3868 turam,
400 3817 450 3872 pro
462 3801 665 3856 fideicommisso
678 3803 843 3874 accipienda.
879 3803 951 3872 quod
964 3805 1080 3874 rescrip-
1132 3817 1184 3870 quo
1202 3817 1238 3856 ue
1254 3801 1306 3856 hae
1323 3801 1521 3858 demonstratae
1537 3803 1734 3874 intelleguntur.

269 3875 327 3924 tum
344 3887 474 3924 summam
487 3871 570 3950 habet
581 3871 732 3938 utilitatem,
750 3889 784 3928 ne
797 3871 899 3926 scilicet
915 3873 1002 3928 honor
1013 3873 1081 3928 hene
1167 3817 1206 3936 id
1224 3871 1307 3926 iuno
1325 3871 1394 3928 libro
1421 3873 1542 3926 uicesimo
1569 3873 1757 3942 quaestionum
1795 3871 1945 3942 imperator

269 3939 400 4008 mansueti
416 3939 585 4004 matrimonii,
607 3939 673 3994 fides
692 3943 772 3994 etiam
789 3939 966 3996 communium
983 3941 1080 3994 libero·
1133 3939 1284 3994 Antoninus
1301 3939 1438 4008 rescripsit
1446 3939 1610 4008 legatarium,
1628 3941 1652 3994 si
1668 3939 1734 3994 nihil
1751 3955 1784 3994 ex
1800 3941 1887 4010 legato
1898 3957 1942 3996 ac·

269 4023 330 4062 rum
348 4007 463 4076 decipiat
479 4013 591 4076 patrem,
609 4009 655 4076 qui
665 4009 761 4064 melius
779 4009 811 4064 de
828 4013 1080 4078 matrepraesump-
1133 4009 1217 4078 cepit,
1244 4007 1268 4062 ei
1291 4009 1335 4062 cui
1359 4009 1438 4062 debet
1460 4007 1692 4062 fideicommissum
1716 4009 1865 4062 actionibus
1889 4009 1942 4064 suis

270 4081 356 4132 serat:
374 4081 401 4130 et
417 4075 476 4130 ideo
493 4077 617 4144 princeps
635 4075 880 4144 providentissimus
899 4081 925 4130 et
941 4077 1006 4132 iuris
1019 4077 1080 4132 reli·
1131 4091 1211 4144 posse
1229 4075 1323 4130 cedere
1340 4091 1392 4132 nec
1407 4075 1435 4130 id
1452 4075 1599 4144 cogendum
1616 4077 1726 4132 solvere.
1762 4075 1826 4146 quid
1841 4091 1902 4146 ergo
1921 4075 1944 4132 si

269 4143 432 4214 glosissimus
451 4159 512 4198 cum
528 4143 726 4198 fideicommissi
742 4147 824 4200 uerba
842 4159 948 4200 cessare
961 4145 1080 4200 animad-
1132 4161 1186 4200 non
1203 4149 1298 4210 totum,
1316 4145 1365 4198 scd
1376 4149 1479 4214 partem
1491 4145 1572 4214 legati
1585 4145 1673 4200 relicti
1683 4145 1823 4200 restituere
1834 4153 1942 4214 rogatus

269 4217 393 4276 verteret,
412 4229 472 4266 eum
489 4227 638 4266 sermonem
654 4229 704 4280 pro
718 4213 920 4270 fideicommissa
943 4213 1082 4284 rescripsit
1132 4213 1266 4270 abstineat
1283 4213 1335 4268 eo?
1352 4219 1443 4266 uuum
1454 4213 1604 4270 sedenibus
1622 4213 1677 4270 suis
1692 4211 1719 4266 in
1737 4219 1822 4268 totum
1835 4219 1944 4282 cogetur

271 4281 330 4336 acci
350 4281 465 4334 tendum.
1133 4281 1233 4348 cedere,
1251 4297 1288 4336 an
1304 4297 1367 4336 vero
1385 4297 1440 4336 non
1457 4281 1507 4336 nisi
1530 4281 1565 4336 ad
1586 4297 1644 4336 eam
1664 4281 1849 4352 quantitatem,
1876 4295 1944 4350 quae

305 4297 349 4406 dd
362 4349 481 4404 Pueros
497 4349 564 4428 libre
581 4349 928 4428 undecimoqooesttooom
963 4351 1082 4420 Sequens
1131 4351 1336 4404 fideicommissa
1357 4349 1527 4404 continetur?
1544 4351 1616 4420 qnod
1629 4351 1701 4404 ratio
1718 4349 1822 4406 suadet.
1856 4351 1943 4404 sedet

271 4417 390 4488 quaestio
409 4423 459 4482 εει,
476 4433 512 4472 an
529 4423 609 4472 eham
626 4431 695 4486 quae
711 4433 786 4472 mnus
803 4419 1038 4488 perdonationem
1054 4417 1082 4474 in
1132 4419 1155 4474 ει
1172 4419 1288 4486 legatum
1305 4417 1469 4486 perceperit,
1492 4435 1546 4474 nen
1568 4419 1683 4488 amplius
1707 4433 1740 4472 ex
1764 4433 1846 4488 causa
1868 4417 1941 4472 fidei·

269 4501 380 4540 uxcrem
397 4485 511 4540 contulit
526 4485 555 4540 in
572 4485 768 4540 fideicommissi
793 4487 947 4556 petitionem
963 4487 1080 4542 veniant
1134 4493 1146 4540 1
1183 4487 1317 4542 commissi
1334 4487 1467 4554 cogendus
1484 4487 1534 4540 erit
1550 4487 1659 4552 solvere,
1678 4485 1878 4556 quemrecepit.
1915 4483 1941 4540 si

269 4555 395 4624 respondi
411 4569 444 4608 eu
461 4559 537 4608 extra
554 4569 663 4608 causam
685 4553 818 4608 bonerum
835 4555 954 4610 defuncti
972 4571 1080 4624 compu-
1132 4561 1239 4608 centum
1255 4555 1349 4622 legatis
1368 4555 1476 4624 duplum
1487 4555 1628 4608 restituere
1642 4559 1751 4622 rogatus
1763 4555 1806 4618 sit,
1824 4551 1860 4606 ad
1871 4569 1940 4608 sum*

269 4625 322 4678 tari
339 4623 435 4676 debere
452 4629 480 4676 ει
496 4627 639 4690 propterea
654 4619 858 4678 fideicommissa
870 4639 925 4678 non
942 4623 1080 4690 eonfineri,
1131 4639 1202 4676 mam
1224 4621 1305 4690 legati
1328 4621 1460 4676 videbitur
1488 4621 1690 4676 constituisse⁵s
1723 4621 1859 4678 mentem
1881 4623 1942 4690 post

270 4693 333 4762 quia
352 4705 384 4744 ea
400 4691 526 4744 habitura
542 4693 612 4744 esset
631 4689 710 4744 etiam
735 4689 788 4746 alio
806 4691 903 4746 herede
927 4693 1079 4746 exsistente.
1131 4695 1236 4760 tempus
1254 4689 1486 4744 fideicommissum
1502 4689 1625 4744 relictum
1642 4689 1685 4756 sit,
1708 4705 1851 4744 usurarum
1868 4687 1941 4744 dum·

269 4759 349 4830 plane
366 4759 521 4814 nummatim
533 4759 645 4814 maritus
662 4757 754 4814 moris
771 4759 834 4814 fidei
849 4759 1015 4816 committere
1031 4775 1080 4828 po·
1132 4765 1209 4814 taxat
1226 4757 1436 4813 additamentum
1454 4757 1614 4812 admittetur.
1658 4773 1708 4812 nec
1731 4757 1860 4812 mutanda
1882 4771 1940 4812 sen·

269 4833 330 4892 test,
347 4831 378 4880 ut
395 4831 422 4882 et
440 4843 472 4882 ea
488 4827 620 4882 restituat.
948 4831 949 4834 ’
1132 4827 1215 4880 ιειιιιε
1233 4825 1291 4890 erit,
1311 4825 1383 4894 quod
1400 4825 1469 4882 forte
1485 4827 1573 4894 legato
1590 4831 1717 4894 percepto
1735 4841 1859 4894 magnum
1871 4839 1939 4878 emo·

304 4891 345 4954 69
362 4895 546 4950 Pnnnnnnor
575 4895 643 4948 libro
668 4907 740 4948 aeno
767 4893 868 4950 decimo
895 4897 1082 4966 quaestionum
1133 4895 1280 4948 iumentum
1298 4909 1332 4948 ex
1349 4893 1437 4964 aliquo
1455 4893 1559 4962 negodo
1579 4899 1739 4948 consecutus
1757 4897 1798 4948 cst
1814 4897 1862 4948 aut
1878 4905 1941 4962 poe-

270 4963 354 5026 ιΡειο,
371 4963 441 5016 Luci
458 4963 521 5028 Titi,
540 4965 681 5016 contentus
692 4961 729 5014 sis
748 4969 854 5018 centum
865 4963 969 5016 aureis'.
1006 4963 1080 5016 fidei
1132 4977 1194 5014 narn
1217 4961 1398 5030 stipulationis
1420 4961 1599 5014 imminentem
1622 4961 1714 5014 evasit.
1753 4959 1821 5014 haec
1843 4957 1941 5026 ita,si

270 5031 440 5086 commissum
456 5029 543 5084 valere
554 5029 657 5098 placuit
668 5029 748 5098 idque
762 5033 921 5100 rescriptum
933 5037 981 5086 est.
1017 5029 1081 5098 quid
1132 5029 1268 5098 quantitas
1287 5035 1352 5084 'cum
1381 5029 1530 5098 quantitate
1560 5027 1722 5084 consuatur.
1764 5027 1896 5082 enimvero
1919 5023 1941 5080 ει

270 5115 332 5168 ergo
350 5099 381 5164 si,
400 5115 461 5152 cum
476 5099 600 5152 heredem
617 5101 744 5164 exparte
761 5097 927 5164 instituisset,
950 5099 990 5152 ita
1005 5097 1080 5152 locu·
1131 5097 1371 5164 pecuniaaccepta
1382 5101 1491 5164 rogatus
1503 5095 1539 5152 sit
1553 5113 1610 5150 rem
1620 5095 1765 5164 propriam,
1783 5109 1863 5164 quam
1882 5109 1941 5148 uam

269 5173 313 5220 ins
332 5173 387 5220 ests
407 5171 476 5236 ‘peto
494 5181 543 5234 pro
560 5169 638 5234 parte
653 5171 703 5220 tua
716 5171 855 5220 contentus
874 5167 918 5230 sis,
937 5165 1006 5220 Luci
1018 5165 1095 5230 Titi,
1131 5165 1239 5218 maioris
1256 5165 1336 5232 pretii
1354 5169 1404 5230 est,
1420 5165 1568 5224 restituere,
1588 5179 1644 5218 non
1661 5169 1703 5218 εει
1713 5113 1941 5230 audiendusiega·

270 5239 387 5288 ‘centum
412 5233 527 5288 aureis'?
550 5239 641 5302 petere
663 5237 790 5302 poterunt
812 5233 954 5290 coheredes
977 5239 1080 5302 partem
1131 5233 1227 5298 tarius,
1242 5231 1331 5300 legato
1349 5235 1476 5302 percepto
1494 5233 1518 5286 si
1532 5231 1597 5286 ,ιειιι
1616 5237 1784 5302 compaterer
1802 5245 1857 5284 non
1875 5231 1942 5284 enim

269 5299 433 5368 hereditatis,
450 5303 581 5356 refinente
598 5301 653 5354 sive
669 5301 850 5368 praecipiente
862 5319 914 5372 quo
927 5307 1081 5356 contentum
1132 5299 1254 5368 aequitas
1271 5301 1324 5354 hoc
1341 5301 1457 5368 probare
1473 5299 1584 5378 patitpr,
1601 5299 1625 5354 ει
1642 5299 1715 5368 quod
1730 5299 1878 5420 legatorum
1895 5313 1941 5352 nc·

269 5383 330 5422 esse
354 5369 438 5422 voluit
461 5369 611 5424 defunctus.
652 5371 709 5424 sine
732 5367 813 5424 dubio
836 5369 941 5424 facilius
965 5375 1007 5424 est
1028 5371 1080 5424 hoc
1132 5371 1147 5422 2
1181 5367 1253 5422 mine
1268 5367 1419 5438 perceperit
1440 5367 1584 5434 legatarius
1607 5367 1710 5422 offerat.
1768 5383 1814 5422 um
1835 5366 1941 5436 quidam

270 5435 399 5504 probare,
422 5451 501 5504 quam
526 5435 637 5506 probari
659 5437 748 5504 potuit
764 5437 842 5498 illud,
867 5455 927 5492 cum
950 5437 989 5492 ibi
1004 5437 1079 5492 fidei·
1130 5433 1185 5488 filio
1203 5449 1253 5488 suo
1271 5451 1305 5490 ex
1341 5439 1399 5490 arte
1420 5435 1518 5488 herede
1534 5435 1656 5490 instituto
1680 5439 1806 5504 patruum
1823 5437 1879 5490 eius
1897 5449 1940 5488 cc·

272 5501 441 5556 commissum
457 5509 564 5570 petatur
581 5503 615 5556 ab
633 5503 684 5568 bis,
703 5521 763 5558 cum
781 5505 876 5574 quibus
894 5521 949 5560 non
968 5509 1011 5558 est
1025 5509 1079 5560 tes·
1130 5503 1255 5556 heredem
1273 5505 1296 5556 ei
1315 5451 1431 5558 dedisset
1449 5509 1475 5556 ει
1492 5503 1527 5556 ab
1539 5517 1571 5558 eo
1588 5503 1706 5572 petisset,
1724 5509 1755 5556 ut
1771 5503 1854 5556 filium
1865 5517 1941 5558 suurn

269 5575 342 5624 tator
357 5569 472 5622 locutus.
508 5571 577 5624 idem
594 5569 720 5638 dicemus,
738 5573 770 5638 si,
788 5589 849 5626 cum
869 5589 901 5628 ex
918 5587 979 5626 asse
995 5575 1079 5642 scrip-
1130 5587 1179 5640 pro
1202 5569 1272 5624 virili
1293 5569 1417 5640 portione
1439 5569 1500 5624 filiis
1523 5571 1578 5626 suis
1596 5569 1753 5626 coheredem
1778 5569 1893 5626 taceret:
1920 5569 1941 5624 ει

273 5741 303 5800 tr)
323 5737 418 5788 ntideo
434 5737 470 5786 sic
485 5737 564 5786 electo
578 5755 630 5786 uno
645 5739 867 5790 fideicommissum
881 5743 909 5792 in
925 5747 1036 5792 extemrn
1050 5713 1090 5794 nc¹
1135 5743 1167 5806 (a)
1187 5743 1280 5790 lactum
1294 5745 1472 5794 testamentum
1484 5743 1525 5794 pn
1657 5745 1691 5808 tt)
1708 5743 1905 5796 fideicommissit
1922 5741 1944 5794 F

274 5807 476 5854 conteraturscr.
562 5807 594 5868 (a)
620 5807 717 5858 radios.
788 5811 831 5872 (ι’)
848 5809 1081 5864 omnibusncnscr.
1134 5809 1167 5874 (5)
1186 5809 1364 5860 constitisseS
