<?xml version="1.0" encoding="UTF-8"?>
<!DOCTYPE html PUBLIC "-//W3C//DTD XHTML 1.0 Transitional//EN"
    "http://www.w3.org/TR/xhtml1/DTD/xhtml1-transitional.dtd">
<html xmlns="http://www.w3.org/1999/xhtml" xml:lang="en" lang="en">
 <head>
  <title>
</title>
<meta http-equiv="Content-Type" content="text/html;charset=utf-8" />
  <meta name='ocr-system' content='tesseract 3.04.00' />
  <meta name='ocr-capabilities' content='ocr_page ocr_carea ocr_par ocr_line ocrx_word'/>
</head>
<body>
  <div class='ocr_page' id='page_1' title='image "./corpusiuriscivi00schogoog_0079.png"; bbox 0 0 4400 6284; ppageno 0'>
   <div class='ocr_carea' id='block_1_1' title="bbox 287 357 1967 462">
    <p class='ocr_par' dir='ltr' id='par_1_1' title="bbox 287 357 1967 462">
     <span class='ocr_line' id='line_1_1' title="bbox 287 357 1967 462; baseline 0.001 -40"><span class='ocrx_word' id='word_1_1' title='bbox 287 357 396 424; x_wconf 74' lang='lat' dir='ltr'><strong>Inar.</strong></span> <span class='ocrx_word' id='word_1_2' title='bbox 418 357 494 442; x_wconf 84' lang='lat'>1111,</span> <span class='ocrx_word' id='word_1_3' title='bbox 521 361 557 426; x_wconf 84' lang='lat'><strong>18</strong></span> <span class='ocrx_word' id='word_1_4' title='bbox 1109 359 1151 434; x_wconf 77' lang='lat'><strong>56</strong></span> <span class='ocrx_word' id='word_1_5' title='bbox 1588 373 1635 426; x_wconf 84' lang='lat' dir='ltr'><strong>ou</strong></span> <span class='ocrx_word' id='word_1_6' title='bbox 1655 371 1807 462; x_wconf 76' lang='lat' dir='ltr'><strong>coemens</strong></span> <span class='ocrx_word' id='word_1_7' title='bbox 1829 371 1967 426; x_wconf 78' lang='lat' dir='ltr'><strong>sonions</strong></span> 
     </span>
    </p>
   </div>
   <div class='ocr_carea' id='block_1_2' title="bbox 1221 459 1272 470">
    <p class='ocr_par' dir='ltr' id='par_1_2' title="bbox 1221 459 1272 470">
     <span class='ocr_line' id='line_1_2' title="bbox 1221 459 1272 470; baseline 0 -2"><span class='ocrx_word' id='word_1_8' title='bbox 1221 459 1272 470; x_wconf 70' lang='lat' dir='ltr'><strong>—n</strong></span> 
     </span>
    </p>
   </div>
   <div class='ocr_carea' id='block_1_3' title="bbox 284 543 1970 1784">
    <p class='ocr_par' dir='ltr' id='par_1_3' title="bbox 284 543 1970 1440">
     <span class='ocr_line' id='line_1_3' title="bbox 289 543 1969 672; baseline 0.001 -74"><span class='ocrx_word' id='word_1_9' title='bbox 289 545 432 612; x_wconf 81' lang='lat' dir='ltr'><strong>signaverit</strong></span> <span class='ocrx_word' id='word_1_10' title='bbox 453 543 605 600; x_wconf 77' lang='lat' dir='ltr'><strong>recitaverit</strong></span> <span class='ocrx_word' id='word_1_11' title='bbox 627 545 769 602; x_wconf 86' lang='lat' dir='ltr'><strong>subiecerit</strong></span> <span class='ocrx_word' id='word_1_12' title='bbox 796 547 871 624; x_wconf 75' lang='lat' dir='ltr'><strong>qrrive</strong></span> <span class='ocrx_word' id='word_1_13' title='bbox 886 547 999 626; x_wconf 73' lang='lat' dir='ltr'><strong>⁸signnm</strong></span> <span class='ocrx_word' id='word_1_14' title='bbox 1025 549 1100 604; x_wconf 88' lang='lat' dir='ltr'><strong>adul·</strong></span> <span class='ocrx_word' id='word_1_15' title='bbox 1151 551 1301 616; x_wconf 86' lang='lat' dir='ltr'><strong>traxerunt,</strong></span> <span class='ocrx_word' id='word_1_16' title='bbox 1319 545 1428 672; x_wconf 51' lang='grc' dir='ltr'><strong>ονὲἰνιῌ</strong></span> <span class='ocrx_word' id='word_1_17' title='bbox 1445 543 1677 628; x_wconf 74' lang='lat' dir='ltr'><strong>animadversione</strong></span> <span class='ocrx_word' id='word_1_18' title='bbox 1691 547 1852 630; x_wconf 77' lang='lat' dir='ltr'><strong>puniuntur,</strong></span> <span class='ocrx_word' id='word_1_19' title='bbox 1871 549 1898 600; x_wconf 88' lang='lat' dir='ltr'><strong>et</strong></span> <span class='ocrx_word' id='word_1_20' title='bbox 1915 559 1969 600; x_wconf 90' lang='lat' dir='ltr'><strong>non</strong></span> 
     </span>
     <span class='ocr_line' id='line_1_4' title="bbox 289 613 1969 686; baseline 0.002 -22"><span class='ocrx_word' id='word_1_21' title='bbox 289 613 403 668; x_wconf 86' lang='lat' dir='ltr'><strong>teriuum</strong></span> <span class='ocrx_word' id='word_1_22' title='bbox 415 613 509 666; x_wconf 80' lang='lat' dir='ltr'><strong>iecerit</strong></span> <span class='ocrx_word' id='word_1_23' title='bbox 522 613 665 680; x_wconf 82' lang='lat' dir='ltr'><strong>sculpserit</strong></span> <span class='ocrx_word' id='word_1_24' title='bbox 682 619 843 680; x_wconf 77' lang='lat' dir='ltr'><strong>expresserit</strong></span> <span class='ocrx_word' id='word_1_25' title='bbox 854 615 1011 670; x_wconf 88' lang='lat' dir='ltr'><strong>sc1ensdolo</strong></span> <span class='ocrx_word' id='word_1_26' title='bbox 1022 617 1100 672; x_wconf 90' lang='lat' dir='ltr'><strong>malo.</strong></span> <span class='ocrx_word' id='word_1_27' title='bbox 1153 619 1240 672; x_wconf 87' lang='lat' dir='ltr'><strong>solum</strong></span> <span class='ocrx_word' id='word_1_28' title='bbox 1262 615 1306 684; x_wconf 92' lang='lat' dir='ltr'><strong>hi,</strong></span> <span class='ocrx_word' id='word_1_29' title='bbox 1325 633 1354 672; x_wconf 86' lang='lat' dir='ltr'><strong>se</strong></span> <span class='ocrx_word' id='word_1_30' title='bbox 1389 621 1470 672; x_wconf 83' lang='lat' dir='ltr'><strong>ettam</strong></span> <span class='ocrx_word' id='word_1_31' title='bbox 1487 633 1532 686; x_wconf 78' lang='lat' dir='ltr'><strong>qul</strong></span> <span class='ocrx_word' id='word_1_32' title='bbox 1549 619 1724 672; x_wconf 84' lang='lat' dir='ltr'><strong>m1matar1nm</strong></span> <span class='ocrx_word' id='word_1_33' title='bbox 1742 633 1780 672; x_wconf 85' lang='lat' dir='ltr'><strong>ars</strong></span> <span class='ocrx_word' id='word_1_34' title='bbox 1799 617 1833 672; x_wconf 90' lang='lat' dir='ltr'><strong>ad</strong></span> <span class='ocrx_word' id='word_1_35' title='bbox 1852 615 1905 672; x_wconf 89' lang='lat' dir='ltr'><strong>hoc</strong></span> <span class='ocrx_word' id='word_1_36' title='bbox 1922 613 1969 668; x_wconf 85' lang='lat' dir='ltr'><strong>ad-</strong></span> 
     </span>
     <span class='ocr_line' id='line_1_5' title="bbox 289 681 1969 798; baseline 0.004 -66"><span class='ocrx_word' id='word_1_37' title='bbox 289 681 468 798; x_wconf 51' lang='lat' dir='ltr'><strong>einsffuclegis</strong></span> <span class='ocrx_word' id='word_1_38' title='bbox 479 681 708 760; x_wconf 28' lang='lat' dir='ltr'><strong>poenainusergos</strong></span> <span class='ocrx_word' id='word_1_39' title='bbox 725 681 845 734; x_wconf 88' lang='lat' dir='ltr'><strong>ultimum</strong></span> <span class='ocrx_word' id='word_1_40' title='bbox 860 683 1018 762; x_wconf 75' lang='lat' dir='ltr'><strong>supplicium</strong></span> <span class='ocrx_word' id='word_1_41' title='bbox 1034 687 1100 762; x_wconf 48' lang='lat' dir='ltr'><strong>esti,</strong></span> <span class='ocrx_word' id='word_1_42' title='bbox 1151 685 1296 768; x_wconf 78' lang='lat' dir='ltr'><strong>hibnerunt</strong></span> <span class='ocrx_word' id='word_1_43' title='bbox 1313 686 1355 740; x_wconf 87' lang='lat' dir='ltr'><strong>ve]</strong></span> <span class='ocrx_word' id='word_1_44' title='bbox 1373 683 1419 756; x_wconf 91' lang='lat' dir='ltr'><strong>qui</strong></span> <span class='ocrx_word' id='word_1_45' title='bbox 1437 685 1578 768; x_wconf 70' lang='lat' dir='ltr'><strong>subtracta</strong></span> <span class='ocrx_word' id='word_1_46' title='bbox 1595 687 1630 740; x_wconf 90' lang='lat' dir='ltr'><strong>ab</strong></span> <span class='ocrx_word' id='word_1_47' title='bbox 1647 683 1824 768; x_wconf 41' lang='lat' dir='ltr'><strong>hissei&#39;eutes</strong></span> <span class='ocrx_word' id='word_1_48' title='bbox 1843 699 1969 754; x_wconf 85' lang='lat' dir='ltr'><strong>suscepe-</strong></span> 
     </span>
     <span class='ocr_line' id='line_1_6' title="bbox 289 747 1970 894; baseline 0.007 -30"><span class='ocrx_word' id='word_1_49' title='bbox 289 747 693 882; x_wconf 58' lang='lat' dir='ltr'><strong>turstattiuditii</strong></span> <span class='ocrx_word' id='word_1_50' title='bbox 717 749 1100 888; x_wconf 62' lang='lat' dir='ltr'><strong>“tuttttidttdtrpr</strong></span> <span class='ocrx_word' id='word_1_51' title='bbox 1151 753 1970 894; x_wconf 52' lang='lat' dir='ltr'><strong>ttadiutorittttrtdtmttttttttritt</strong></span> 
     </span>
     <span class='ocr_line' id='line_1_7' title="bbox 287 879 1969 962; baseline 0.011 -32"><span class='ocrx_word' id='word_1_52' title='bbox 287 879 358 932; x_wconf 86' lang='lat' dir='ltr'><strong>blica</strong></span> <span class='ocrx_word' id='word_1_53' title='bbox 376 895 423 934; x_wconf 88' lang='lat' dir='ltr'><strong>ssu</strong></span> <span class='ocrx_word' id='word_1_54' title='bbox 440 879 546 946; x_wconf 80' lang='lat' dir='ltr'><strong>privata</strong></span> <span class='ocrx_word' id='word_1_55' title='bbox 563 881 689 936; x_wconf 84' lang='lat' dir='ltr'><strong>adversus</strong></span> <span class='ocrx_word' id='word_1_56' title='bbox 708 897 753 936; x_wconf 87' lang='lat' dir='ltr'><strong>ecs</strong></span> <span class='ocrx_word' id='word_1_57' title='bbox 773 885 903 948; x_wconf 85' lang='lat' dir='ltr'><strong>exoritur,</strong></span> <span class='ocrx_word' id='word_1_58' title='bbox 928 885 972 954; x_wconf 88' lang='lat' dir='ltr'><strong>qui</strong></span> <span class='ocrx_word' id='word_1_59' title='bbox 989 885 1042 940; x_wconf 84' lang='lat' dir='ltr'><strong>vim</strong></span> <span class='ocrx_word' id='word_1_60' title='bbox 1058 887 1100 942; x_wconf 83' lang='lat' dir='ltr'><strong>ve]</strong></span> <span class='ocrx_word' id='word_1_61' title='bbox 1150 887 1249 944; x_wconf 90' lang='lat' dir='ltr'><strong>iudicia</strong></span> <span class='ocrx_word' id='word_1_62' title='bbox 1261 889 1303 942; x_wconf 83' lang='lat' dir='ltr'><strong>lex</strong></span> <span class='ocrx_word' id='word_1_63' title='bbox 1318 889 1405 942; x_wconf 87' lang='lat' dir='ltr'><strong>Fabia</strong></span> <span class='ocrx_word' id='word_1_64' title='bbox 1420 891 1454 944; x_wconf 85' lang='lat' dir='ltr'><strong>do</strong></span> <span class='ocrx_word' id='word_1_65' title='bbox 1469 891 1616 960; x_wconf 62' lang='lat' dir='ltr'><strong>plumariis,</strong></span> <span class='ocrx_word' id='word_1_66' title='bbox 1635 909 1704 962; x_wconf 84' lang='lat' dir='ltr'><strong>quac</strong></span> <span class='ocrx_word' id='word_1_67' title='bbox 1720 893 1854 950; x_wconf 88' lang='lat' dir='ltr'><strong>interdum</strong></span> <span class='ocrx_word' id='word_1_68' title='bbox 1872 891 1969 962; x_wconf 84' lang='lat' dir='ltr'><strong>capitis</strong></span> 
     </span>
     <span class='ocr_line' id='line_1_8' title="bbox 287 947 1968 1038; baseline 0.011 -40"><span class='ocrx_word' id='word_1_69' title='bbox 287 953 414 1000; x_wconf 83' lang='lat' dir='ltr'><strong>armatam</strong></span> <span class='ocrx_word' id='word_1_70' title='bbox 424 947 473 1026; x_wconf 78' lang='lat' dir='ltr'><strong>¹uel</strong></span> <span class='ocrx_word' id='word_1_71' title='bbox 491 947 548 1002; x_wconf 87' lang='lat' dir='ltr'><strong>sine</strong></span> <span class='ocrx_word' id='word_1_72' title='bbox 565 951 645 1002; x_wconf 88' lang='lat' dir='ltr'><strong>armis</strong></span> <span class='ocrx_word' id='word_1_73' title='bbox 663 951 848 1006; x_wconf 88' lang='lat' dir='ltr'><strong>commiserint.</strong></span> <span class='ocrx_word' id='word_1_74' title='bbox 875 951 924 1006; x_wconf 88' lang='lat' dir='ltr'><strong>sed</strong></span> <span class='ocrx_word' id='word_1_75' title='bbox 947 953 970 1006; x_wconf 89' lang='lat' dir='ltr'><strong>si</strong></span> <span class='ocrx_word' id='word_1_76' title='bbox 994 955 1099 1022; x_wconf 87' lang='lat' dir='ltr'><strong>quidem</strong></span> <span class='ocrx_word' id='word_1_77' title='bbox 1149 971 1263 1026; x_wconf 89' lang='lat' dir='ltr'><strong>poenam</strong></span> <span class='ocrx_word' id='word_1_78' title='bbox 1280 971 1313 1010; x_wconf 82' lang='lat' dir='ltr'><strong>ex</strong></span> <span class='ocrx_word' id='word_1_79' title='bbox 1331 957 1414 1012; x_wconf 88' lang='lat' dir='ltr'><strong>sacris</strong></span> <span class='ocrx_word' id='word_1_80' title='bbox 1439 961 1674 1016; x_wconf 80' lang='lat' dir='ltr'><strong>constitutionibus</strong></span> <span class='ocrx_word' id='word_1_81' title='bbox 1696 963 1812 1032; x_wconf 75' lang='lat' dir='ltr'><strong>irrogat,</strong></span> <span class='ocrx_word' id='word_1_82' title='bbox 1833 959 1968 1038; x_wconf 71' lang='lat' dir='ltr'><strong>interdurn</strong></span> 
     </span>
     <span class='ocr_line' id='line_1_9' title="bbox 286 1017 1968 1098; baseline 0.011 -32"><span class='ocrx_word' id='word_1_83' title='bbox 286 1021 390 1068; x_wconf 86' lang='lat' dir='ltr'><strong>armata</strong></span> <span class='ocrx_word' id='word_1_84' title='bbox 406 1021 603 1092; x_wconf 22' lang='lat' dir='ltr'><strong>ustarguatum</strong></span> <span class='ocrx_word' id='word_1_85' title='bbox 628 1017 777 1086; x_wconf 79' lang='lat' dir='ltr'><strong>deportatio</strong></span> <span class='ocrx_word' id='word_1_86' title='bbox 803 1021 826 1074; x_wconf 89' lang='lat' dir='ltr'><strong>ei</strong></span> <span class='ocrx_word' id='word_1_87' title='bbox 851 1035 883 1074; x_wconf 84' lang='lat' dir='ltr'><strong>ex</strong></span> <span class='ocrx_word' id='word_1_88' title='bbox 906 1021 963 1088; x_wconf 82' lang='lat' dir='ltr'><strong>lege</strong></span> <span class='ocrx_word' id='word_1_89' title='bbox 979 1023 1048 1076; x_wconf 89' lang='lat' dir='ltr'><strong>Iulia</strong></span> <span class='ocrx_word' id='word_1_90' title='bbox 1065 1023 1099 1076; x_wconf 86' lang='lat' dir='ltr'><strong>de</strong></span> <span class='ocrx_word' id='word_1_91' title='bbox 1152 1029 1180 1080; x_wconf 87' lang='lat'><strong>11</strong></span> <span class='ocrx_word' id='word_1_92' title='bbox 1217 1023 1350 1080; x_wconf 87' lang='lat' dir='ltr'><strong>leviorem.</strong></span> <span class='ocrx_word' id='word_1_93' title='bbox 1386 1025 1456 1080; x_wconf 83' lang='lat' dir='ltr'><strong>Sunt</strong></span> <span class='ocrx_word' id='word_1_94' title='bbox 1466 1033 1607 1098; x_wconf 85' lang='lat' dir='ltr'><strong>praeterea</strong></span> <span class='ocrx_word' id='word_1_95' title='bbox 1639 1029 1968 1088; x_wconf 75' lang='lat' dir='ltr'><strong>ublicaiudicialenlulra</strong></span> 
     </span>
     <span class='ocr_line' id='line_1_10' title="bbox 287 1081 1968 1168; baseline 0.012 -34"><span class='ocrx_word' id='word_1_96' title='bbox 287 1083 311 1134; x_wconf 89' lang='grc' dir='ltr'><strong>ν]</strong></span> <span class='ocrx_word' id='word_1_97' title='bbox 329 1081 436 1150; x_wconf 88' lang='lat' dir='ltr'><strong>publica</strong></span> <span class='ocrx_word' id='word_1_98' title='bbox 452 1089 597 1152; x_wconf 74' lang='lat' dir='ltr'><strong>irrogatio:</strong></span> <span class='ocrx_word' id='word_1_99' title='bbox 622 1085 645 1140; x_wconf 91' lang='lat' dir='ltr'><strong>si</strong></span> <span class='ocrx_word' id='word_1_100' title='bbox 668 1101 730 1141; x_wconf 81' lang='lat' dir='ltr'><strong>vcro</strong></span> <span class='ocrx_word' id='word_1_101' title='bbox 755 1089 924 1154; x_wconf 77' lang='lat' dir='ltr'><strong>cinnamis,</strong></span> <span class='ocrx_word' id='word_1_102' title='bbox 948 1089 1098 1146; x_wconf 84' lang='lat' dir='ltr'><strong>intertium</strong></span> <span class='ocrx_word' id='word_1_103' title='bbox 1118 1121 1119 1124; x_wconf 17' lang='grc' dir='ltr'><strong>ν</strong></span> <span class='ocrx_word' id='word_1_104' title='bbox 1150 1095 1264 1148; x_wconf 79' lang='lat' dir='ltr'><strong>ambitus</strong></span> <span class='ocrx_word' id='word_1_105' title='bbox 1289 1101 1315 1150; x_wconf 92' lang='lat' dir='ltr'><strong>et</strong></span> <span class='ocrx_word' id='word_1_106' title='bbox 1337 1095 1381 1150; x_wconf 80' lang='lat' dir='ltr'><strong>lex</strong></span> <span class='ocrx_word' id='word_1_107' title='bbox 1404 1095 1473 1150; x_wconf 89' lang='lat' dir='ltr'><strong>Iulia</strong></span> <span class='ocrx_word' id='word_1_108' title='bbox 1496 1103 1609 1168; x_wconf 88' lang='lat' dir='ltr'><strong>repeton</strong></span> <span class='ocrx_word' id='word_1_109' title='bbox 1627 1113 1702 1156; x_wconf 87' lang='lat' dir='ltr'><strong>arum</strong></span> <span class='ocrx_word' id='word_1_110' title='bbox 1725 1105 1753 1156; x_wconf 86' lang='lat' dir='ltr'><strong>et</strong></span> <span class='ocrx_word' id='word_1_111' title='bbox 1775 1101 1818 1158; x_wconf 83' lang='lat' dir='ltr'><strong>lex</strong></span> <span class='ocrx_word' id='word_1_112' title='bbox 1841 1099 1910 1158; x_wconf 89' lang='lat' dir='ltr'><strong>Iulia</strong></span> <span class='ocrx_word' id='word_1_113' title='bbox 1934 1095 1968 1152; x_wconf 87' lang='lat' dir='ltr'><strong>de</strong></span> 
     </span>
     <span class='ocr_line' id='line_1_11' title="bbox 284 1149 1966 1240; baseline 0.011 -39"><span class='ocrx_word' id='word_1_114' title='bbox 284 1155 388 1230; x_wconf 73' lang='lat' dir='ltr'><strong>partem</strong></span> <span class='ocrx_word' id='word_1_115' title='bbox 405 1149 535 1232; x_wconf 83' lang='lat' dir='ltr'><strong>bonorum</strong></span> <span class='ocrx_word' id='word_1_116' title='bbox 549 1153 694 1222; x_wconf 84' lang='lat' dir='ltr'><strong>publicatio</strong></span> <span class='ocrx_word' id='word_1_117' title='bbox 709 1155 861 1226; x_wconf 89' lang='lat' dir='ltr'><strong>imponitur.</strong></span> <span class='ocrx_word' id='word_1_118' title='bbox 889 1157 930 1212; x_wconf 89' lang='lat' dir='ltr'><strong>siu</strong></span> <span class='ocrx_word' id='word_1_119' title='bbox 945 1163 1035 1212; x_wconf 84' lang='lat' dir='ltr'><strong>autem</strong></span> <span class='ocrx_word' id='word_1_120' title='bbox 1049 1175 1098 1230; x_wconf 89' lang='lat' dir='ltr'><strong>per</strong></span> <span class='ocrx_word' id='word_1_121' title='bbox 1148 1179 1257 1218; x_wconf 89' lang='lat' dir='ltr'><strong>annona</strong></span> <span class='ocrx_word' id='word_1_122' title='bbox 1274 1169 1301 1218; x_wconf 91' lang='lat' dir='ltr'><strong>et</strong></span> <span class='ocrx_word' id='word_1_123' title='bbox 1316 1163 1361 1218; x_wconf 83' lang='lat' dir='ltr'><strong>lex</strong></span> <span class='ocrx_word' id='word_1_124' title='bbox 1378 1163 1447 1218; x_wconf 89' lang='lat' dir='ltr'><strong>Iulia</strong></span> <span class='ocrx_word' id='word_1_125' title='bbox 1464 1165 1498 1220; x_wconf 87' lang='lat' dir='ltr'><strong>de</strong></span> <span class='ocrx_word' id='word_1_126' title='bbox 1514 1167 1635 1234; x_wconf 75' lang='lat' dir='ltr'><strong>residuis,</strong></span> <span class='ocrx_word' id='word_1_127' title='bbox 1654 1185 1725 1240; x_wconf 86' lang='lat' dir='ltr'><strong>quae</strong></span> <span class='ocrx_word' id='word_1_128' title='bbox 1742 1169 1776 1224; x_wconf 86' lang='lat' dir='ltr'><strong>de</strong></span> <span class='ocrx_word' id='word_1_129' title='bbox 1793 1171 1873 1226; x_wconf 85' lang='lat' dir='ltr'><strong>certis</strong></span> <span class='ocrx_word' id='word_1_130' title='bbox 1889 1167 1966 1236; x_wconf 89' lang='lat' dir='ltr'><strong>capi-</strong></span> 
     </span>
     <span class='ocr_line' id='line_1_12' title="bbox 285 1221 1965 1306; baseline 0.01 -34"><span class='ocrx_word' id='word_1_131' title='bbox 285 1233 336 1272; x_wconf 81' lang='lat' dir='ltr'><strong>um</strong></span> <span class='ocrx_word' id='word_1_132' title='bbox 360 1223 453 1288; x_wconf 86' lang='lat' dir='ltr'><strong>raptus</strong></span> <span class='ocrx_word' id='word_1_133' title='bbox 476 1221 582 1290; x_wconf 80' lang='lat' dir='ltr'><strong>virginis</strong></span> <span class='ocrx_word' id='word_1_134' title='bbox 600 1223 642 1278; x_wconf 86' lang='lat' dir='ltr'><strong>rel</strong></span> <span class='ocrx_word' id='word_1_135' title='bbox 659 1225 754 1278; x_wconf 77' lang='lat' dir='ltr'><strong>viduae</strong></span> <span class='ocrx_word' id='word_1_136' title='bbox 771 1227 812 1280; x_wconf 83' lang='lat' dir='ltr'><strong>ve]</strong></span> <span class='ocrx_word' id='word_1_137' title='bbox 830 1227 1038 1284; x_wconf 80' lang='lat' dir='ltr'><strong>sanctimonialis</strong></span> <span class='ocrx_word' id='word_1_138' title='bbox 1055 1229 1097 1284; x_wconf 83' lang='lat' dir='ltr'><strong>ve]</strong></span> <span class='ocrx_word' id='word_1_139' title='bbox 1148 1233 1211 1286; x_wconf 84' lang='lat' dir='ltr'><strong>tulis</strong></span> <span class='ocrx_word' id='word_1_140' title='bbox 1236 1233 1383 1302; x_wconf 87' lang='lat' dir='ltr'><strong>loquuntur</strong></span> <span class='ocrx_word' id='word_1_141' title='bbox 1409 1239 1437 1288; x_wconf 90' lang='lat' dir='ltr'><strong>et</strong></span> <span class='ocrx_word' id='word_1_142' title='bbox 1459 1235 1563 1292; x_wconf 87' lang='lat' dir='ltr'><strong>animae</strong></span> <span class='ocrx_word' id='word_1_143' title='bbox 1589 1237 1695 1306; x_wconf 87' lang='lat' dir='ltr'><strong>quidem</strong></span> <span class='ocrx_word' id='word_1_144' title='bbox 1717 1239 1887 1296; x_wconf 88' lang='lat' dir='ltr'><strong>amissionem</strong></span> <span class='ocrx_word' id='word_1_145' title='bbox 1911 1251 1965 1290; x_wconf 91' lang='lat' dir='ltr'><strong>non</strong></span> 
     </span>
     <span class='ocr_line' id='line_1_13' title="bbox 284 1285 1963 1380; baseline 0.011 -40"><span class='ocrx_word' id='word_1_146' title='bbox 284 1285 352 1340; x_wconf 87' lang='lat' dir='ltr'><strong>aliae</strong></span> <span class='ocrx_word' id='word_1_147' title='bbox 368 1287 449 1342; x_wconf 87' lang='lat' dir='ltr'><strong>fucrit</strong></span> <span class='ocrx_word' id='word_1_148' title='bbox 465 1295 642 1358; x_wconf 84' lang='lat' dir='ltr'><strong>perpetratus,</strong></span> <span class='ocrx_word' id='word_1_149' title='bbox 660 1297 724 1348; x_wconf 89' lang='lat' dir='ltr'><strong>tnnc</strong></span> <span class='ocrx_word' id='word_1_150' title='bbox 742 1301 769 1350; x_wconf 87' lang='lat' dir='ltr'><strong>et</strong></span> <span class='ocrx_word' id='word_1_151' title='bbox 786 1299 941 1364; x_wconf 85' lang='lat' dir='ltr'><strong>peccatores</strong></span> <span class='ocrx_word' id='word_1_152' title='bbox 960 1301 987 1350; x_wconf 85' lang='lat' dir='ltr'><strong>et</strong></span> <span class='ocrx_word' id='word_1_153' title='bbox 1001 1297 1033 1362; x_wconf 86' lang='lat' dir='ltr'><strong>ei,</strong></span> <span class='ocrx_word' id='word_1_154' title='bbox 1052 1297 1097 1366; x_wconf 89' lang='lat' dir='ltr'><strong>qni</strong></span> <span class='ocrx_word' id='word_1_155' title='bbox 1147 1299 1280 1368; x_wconf 82' lang='lat' dir='ltr'><strong>irrogant,</strong></span> <span class='ocrx_word' id='word_1_156' title='bbox 1298 1301 1357 1356; x_wconf 85' lang='lat' dir='ltr'><strong>aliis</strong></span> <span class='ocrx_word' id='word_1_157' title='bbox 1376 1305 1464 1358; x_wconf 84' lang='lat' dir='ltr'><strong>autem</strong></span> <span class='ocrx_word' id='word_1_158' title='bbox 1483 1307 1576 1374; x_wconf 83' lang='lat' dir='ltr'><strong>poenis</strong></span> <span class='ocrx_word' id='word_1_159' title='bbox 1594 1319 1639 1362; x_wconf 85' lang='lat' dir='ltr'><strong>eos</strong></span> <span class='ocrx_word' id='word_1_160' title='bbox 1658 1307 1802 1374; x_wconf 84' lang='lat' dir='ltr'><strong>subiciunt,</strong></span> <span class='ocrx_word' id='word_1_161' title='bbox 1820 1307 1866 1380; x_wconf 83' lang='lat' dir='ltr'><strong>qui</strong></span> <span class='ocrx_word' id='word_1_162' title='bbox 1883 1317 1963 1376; x_wconf 83' lang='lat' dir='ltr'><strong>prae·</strong></span> 
     </span>
     <span class='ocr_line' id='line_1_14' title="bbox 285 1355 1525 1440; baseline 0.014 -30"><span class='ocrx_word' id='word_1_163' title='bbox 285 1371 363 1424; x_wconf 89' lang='lat' dir='ltr'><strong>opem</strong></span> <span class='ocrx_word' id='word_1_164' title='bbox 379 1355 479 1428; x_wconf 83' lang='lat' dir='ltr'><strong>flagitio</strong></span> <span class='ocrx_word' id='word_1_165' title='bbox 498 1359 643 1428; x_wconf 88' lang='lat' dir='ltr'><strong>dederuut,</strong></span> <span class='ocrx_word' id='word_1_166' title='bbox 668 1377 699 1416; x_wconf 89' lang='lat' dir='ltr'><strong>ca</strong></span> <span class='ocrx_word' id='word_1_167' title='bbox 720 1363 755 1416; x_wconf 91' lang='lat' dir='ltr'><strong>ite</strong></span> <span class='ocrx_word' id='word_1_168' title='bbox 778 1363 927 1434; x_wconf 85' lang='lat' dir='ltr'><strong>puniuntur</strong></span> <span class='ocrx_word' id='word_1_169' title='bbox 950 1366 1095 1420; x_wconf 87' lang='lat' dir='ltr'><strong>secundum</strong></span> <span class='ocrx_word' id='word_1_170' title='bbox 1148 1375 1227 1440; x_wconf 86' lang='lat' dir='ltr'><strong>cepta</strong></span> <span class='ocrx_word' id='word_1_171' title='bbox 1245 1385 1335 1426; x_wconf 83' lang='lat' dir='ltr'><strong>aarum</strong></span> <span class='ocrx_word' id='word_1_172' title='bbox 1353 1371 1525 1440; x_wconf 81' lang='lat' dir='ltr'><strong>neglexerint.</strong></span> 
     </span>
    </p>

    <p class='ocr_par' dir='ltr' id='par_1_4' title="bbox 284 1379 1965 1784">
     <span class='ocr_line' id='line_1_15' title="bbox 284 1379 1965 1514; baseline 0.012 -36"><span class='ocrx_word' id='word_1_173' title='bbox 284 1429 393 1482; x_wconf 89' lang='lat' dir='ltr'><strong>nostras</strong></span> <span class='ocrx_word' id='word_1_174' title='bbox 413 1427 634 1510; x_wconf 44' lang='lat' dir='ltr'><strong>constitutioni&amp;</strong></span> <span class='ocrx_word' id='word_1_175' title='bbox 660 1379 851 1512; x_wconf 42' lang='lat' dir='ltr'><strong>dedPnitionem,</strong></span> <span class='ocrx_word' id='word_1_176' title='bbox 887 1449 919 1514; x_wconf 65' lang='lat' dir='ltr'><strong>en</strong></span> <span class='ocrx_word' id='word_1_177' title='bbox 950 1449 1003 1504; x_wconf 83' lang='lat' dir='ltr'><strong>qna</strong></span> <span class='ocrx_word' id='word_1_178' title='bbox 1028 1437 1095 1490; x_wconf 84' lang='lat' dir='ltr'><strong>haec</strong></span> <span class='ocrx_word' id='word_1_179' title='bbox 1151 1443 1179 1492; x_wconf 83' lang='lat'><strong>12</strong></span> <span class='ocrx_word' id='word_1_180' title='bbox 1250 1437 1302 1494; x_wconf 85' lang='lat' dir='ltr'><strong>Sed</strong></span> <span class='ocrx_word' id='word_1_181' title='bbox 1320 1441 1353 1494; x_wconf 88' lang='lat' dir='ltr'><strong>de</strong></span> <span class='ocrx_word' id='word_1_182' title='bbox 1370 1439 1485 1510; x_wconf 87' lang='lat' dir='ltr'><strong>publicis</strong></span> <span class='ocrx_word' id='word_1_183' title='bbox 1502 1441 1607 1498; x_wconf 86' lang='lat' dir='ltr'><strong>indiciis</strong></span> <span class='ocrx_word' id='word_1_184' title='bbox 1631 1443 1699 1500; x_wconf 88' lang='lat' dir='ltr'><strong>haec</strong></span> <span class='ocrx_word' id='word_1_185' title='bbox 1722 1445 1910 1514; x_wconf 85' lang='lat' dir='ltr'><strong>exposuimus,</strong></span> <span class='ocrx_word' id='word_1_186' title='bbox 1935 1449 1965 1496; x_wconf 86' lang='lat' dir='ltr'><strong>ut</strong></span> 
     </span>
     <span class='ocr_line' id='line_1_16' title="bbox 284 1497 1963 1596; baseline 0.011 -48"><span class='ocrx_word' id='word_1_187' title='bbox 284 1497 300 1548; x_wconf 87' lang='grc'>9</span> <span class='ocrx_word' id='word_1_188' title='bbox 336 1501 454 1566; x_wconf 81' lang='lat' dir='ltr'><strong>apertius</strong></span> <span class='ocrx_word' id='word_1_189' title='bbox 470 1499 597 1566; x_wconf 78' lang='lat' dir='ltr'><strong>possibile</strong></span> <span class='ocrx_word' id='word_1_190' title='bbox 615 1505 656 1554; x_wconf 84' lang='lat' dir='ltr'><strong>cat</strong></span> <span class='ocrx_word' id='word_1_191' title='bbox 673 1515 747 1556; x_wconf 87' lang='lat' dir='ltr'><strong>serre.</strong></span> <span class='ocrx_word' id='word_1_192' title='bbox 783 1501 842 1554; x_wconf 84' lang='lat' dir='ltr'><strong>Lex</strong></span> <span class='ocrx_word' id='word_1_193' title='bbox 864 1501 933 1556; x_wconf 87' lang='lat' dir='ltr'><strong>Iuha</strong></span> <span class='ocrx_word' id='word_1_194' title='bbox 955 1503 1095 1572; x_wconf 87' lang='lat' dir='ltr'><strong>peculatus</strong></span> <span class='ocrx_word' id='word_1_195' title='bbox 1147 1507 1222 1562; x_wconf 82' lang='lat' dir='ltr'><strong>vobis</strong></span> <span class='ocrx_word' id='word_1_196' title='bbox 1237 1509 1367 1588; x_wconf 84' lang='lat' dir='ltr'><strong>possibile</strong></span> <span class='ocrx_word' id='word_1_197' title='bbox 1385 1509 1421 1564; x_wconf 88' lang='lat' dir='ltr'><strong>sit</strong></span> <span class='ocrx_word' id='word_1_198' title='bbox 1437 1527 1539 1566; x_wconf 87' lang='lat' dir='ltr'><strong>summo</strong></span> <span class='ocrx_word' id='word_1_199' title='bbox 1556 1511 1635 1580; x_wconf 86' lang='lat' dir='ltr'><strong>digito</strong></span> <span class='ocrx_word' id='word_1_200' title='bbox 1652 1515 1679 1566; x_wconf 86' lang='lat' dir='ltr'><strong>et</strong></span> <span class='ocrx_word' id='word_1_201' title='bbox 1693 1515 1770 1582; x_wconf 86' lang='lat' dir='ltr'><strong>qnasi</strong></span> <span class='ocrx_word' id='word_1_202' title='bbox 1784 1529 1833 1596; x_wconf 83' lang='lat' dir='ltr'><strong>per</strong></span> <span class='ocrx_word' id='word_1_203' title='bbox 1847 1511 1963 1568; x_wconf 87' lang='lat' dir='ltr'><strong>indicem</strong></span> 
     </span>
     <span class='ocr_line' id='line_1_17' title="bbox 284 1565 1965 1692; baseline 0.008 -72"><span class='ocrx_word' id='word_1_204' title='bbox 284 1579 330 1624; x_wconf 84' lang='lat' dir='ltr'><strong>eos</strong></span> <span class='ocrx_word' id='word_1_205' title='bbox 344 1565 429 1636; x_wconf 88' lang='lat' dir='ltr'><strong>punit,</strong></span> <span class='ocrx_word' id='word_1_206' title='bbox 447 1567 492 1638; x_wconf 88' lang='lat' dir='ltr'><strong>qui</strong></span> <span class='ocrx_word' id='word_1_207' title='bbox 505 1569 647 1692; x_wconf 61' lang='lat' dir='ltr'><strong>pecuniam</strong></span> <span class='ocrx_word' id='word_1_208' title='bbox 661 1571 702 1626; x_wconf 83' lang='lat' dir='ltr'><strong>vel</strong></span> <span class='ocrx_word' id='word_1_209' title='bbox 716 1569 921 1638; x_wconf 87' lang='lat' dir='ltr'><strong>rempublicam</strong></span> <span class='ocrx_word' id='word_1_210' title='bbox 934 1573 976 1626; x_wconf 83' lang='lat' dir='ltr'><strong>vel</strong></span> <span class='ocrx_word' id='word_1_211' title='bbox 990 1587 1096 1630; x_wconf 86' lang='lat' dir='ltr'><strong>sacram</strong></span> <span class='ocrx_word' id='word_1_212' title='bbox 1148 1591 1180 1630; x_wconf 90' lang='lat' dir='ltr'><strong>ea</strong></span> <span class='ocrx_word' id='word_1_213' title='bbox 1197 1575 1323 1646; x_wconf 69' lang='lat' dir='ltr'><strong>teupisse.</strong></span> <span class='ocrx_word' id='word_1_214' title='bbox 1350 1579 1468 1648; x_wconf 88' lang='lat' dir='ltr'><strong>alioquin</strong></span> <span class='ocrx_word' id='word_1_215' title='bbox 1487 1581 1636 1650; x_wconf 83' lang='lat' dir='ltr'><strong>diligentior</strong></span> <span class='ocrx_word' id='word_1_216' title='bbox 1654 1595 1746 1636; x_wconf 89' lang='lat' dir='ltr'><strong>eornm</strong></span> <span class='ocrx_word' id='word_1_217' title='bbox 1763 1581 1875 1638; x_wconf 81' lang='lat' dir='ltr'><strong>scientia</strong></span> <span class='ocrx_word' id='word_1_218' title='bbox 1889 1579 1965 1636; x_wconf 81' lang='lat' dir='ltr'><strong>vobis</strong></span> 
     </span>
     <span class='ocr_line' id='line_1_18' title="bbox 284 1635 1963 1718; baseline 0.008 -28"><span class='ocrx_word' id='word_1_219' title='bbox 284 1635 326 1690; x_wconf 80' lang='lat' dir='ltr'><strong>se]</strong></span> <span class='ocrx_word' id='word_1_220' title='bbox 342 1635 492 1708; x_wconf 76' lang='lat' dir='ltr'><strong>religiosam</strong></span> <span class='ocrx_word' id='word_1_221' title='bbox 521 1639 591 1692; x_wconf 89' lang='lat' dir='ltr'><strong>crati</strong></span> <span class='ocrx_word' id='word_1_222' title='bbox 607 1637 714 1694; x_wconf 84' lang='lat' dir='ltr'><strong>fuerint.</strong></span> <span class='ocrx_word' id='word_1_223' title='bbox 742 1639 789 1694; x_wconf 84' lang='lat' dir='ltr'><strong>scd</strong></span> <span class='ocrx_word' id='word_1_224' title='bbox 806 1641 830 1694; x_wconf 89' lang='lat' dir='ltr'><strong>si</strong></span> <span class='ocrx_word' id='word_1_225' title='bbox 844 1641 950 1710; x_wconf 88' lang='lat' dir='ltr'><strong>quidem</strong></span> <span class='ocrx_word' id='word_1_226' title='bbox 962 1641 1014 1712; x_wconf 90' lang='lat' dir='ltr'><strong>ipsi</strong></span> <span class='ocrx_word' id='word_1_227' title='bbox 1028 1643 1095 1698; x_wconf 89' lang='lat' dir='ltr'><strong>iudi·</strong></span> <span class='ocrx_word' id='word_1_228' title='bbox 1148 1659 1181 1698; x_wconf 85' lang='lat' dir='ltr'><strong>cx</strong></span> <span class='ocrx_word' id='word_1_229' title='bbox 1198 1645 1337 1700; x_wconf 87' lang='lat' dir='ltr'><strong>latioribus</strong></span> <span class='ocrx_word' id='word_1_230' title='bbox 1355 1647 1517 1716; x_wconf 84' lang='lat' dir='ltr'><strong>digestorum</strong></span> <span class='ocrx_word' id='word_1_231' title='bbox 1535 1649 1589 1704; x_wconf 87' lang='lat' dir='ltr'><strong>sive</strong></span> <span class='ocrx_word' id='word_1_232' title='bbox 1605 1647 1800 1718; x_wconf 84' lang='lat' dir='ltr'><strong>pandectarum</strong></span> <span class='ocrx_word' id='word_1_233' title='bbox 1817 1649 1894 1706; x_wconf 86' lang='lat' dir='ltr'><strong>libris</strong></span> <span class='ocrx_word' id='word_1_234' title='bbox 1913 1647 1963 1704; x_wconf 88' lang='lat' dir='ltr'><strong>deo</strong></span> 
     </span>
     <span class='ocr_line' id='line_1_19' title="bbox 286 1707 1496 1784; baseline 0.009 -24"><span class='ocrx_word' id='word_1_235' title='bbox 286 1719 329 1760; x_wconf 86' lang='lat' dir='ltr'><strong>ces</strong></span> <span class='ocrx_word' id='word_1_236' title='bbox 353 1711 473 1778; x_wconf 89' lang='lat' dir='ltr'><strong>tempore</strong></span> <span class='ocrx_word' id='word_1_237' title='bbox 495 1707 730 1764; x_wconf 86' lang='lat' dir='ltr'><strong>administrationis</strong></span> <span class='ocrx_word' id='word_1_238' title='bbox 748 1709 870 1778; x_wconf 85' lang='lat' dir='ltr'><strong>publicas</strong></span> <span class='ocrx_word' id='word_1_239' title='bbox 888 1713 1014 1780; x_wconf 82' lang='lat' dir='ltr'><strong>pecunias</strong></span> <span class='ocrx_word' id='word_1_240' title='bbox 1033 1713 1096 1768; x_wconf 87' lang='lat' dir='ltr'><strong>sub·</strong></span> <span class='ocrx_word' id='word_1_241' title='bbox 1148 1713 1263 1784; x_wconf 86' lang='lat' dir='ltr'><strong>propitio</strong></span> <span class='ocrx_word' id='word_1_242' title='bbox 1282 1713 1430 1770; x_wconf 81' lang='lat' dir='ltr'><strong>adventura</strong></span> <span class='ocrx_word' id='word_1_243' title='bbox 1447 1721 1496 1772; x_wconf 88' lang='lat' dir='ltr'><strong>cst.</strong></span> 
     </span>
    </p>
   </div>
   <div class='ocr_carea' id='block_1_4' title="bbox 286 1883 1567 1958">
    <p class='ocr_par' dir='ltr' id='par_1_5' title="bbox 286 1883 1567 1958">
     <span class='ocr_line' id='line_1_20' title="bbox 286 1883 1567 1958; baseline 0.001 -20"><span class='ocrx_word' id='word_1_244' title='bbox 286 1887 317 1950; x_wconf 79' lang='lat'><strong>(1)</strong></span> <span class='ocrx_word' id='word_1_245' title='bbox 335 1889 382 1950; x_wconf 84' lang='lat' dir='ltr'><strong>est]</strong></span> <span class='ocrx_word' id='word_1_246' title='bbox 396 1887 447 1950; x_wconf 82' lang='lat' dir='ltr'><strong>PE,</strong></span> <span class='ocrx_word' id='word_1_247' title='bbox 458 1889 484 1936; x_wconf 84' lang='lat' dir='ltr'><strong>et</strong></span> <span class='ocrx_word' id='word_1_248' title='bbox 499 1887 530 1948; x_wconf 77' lang='lat' dir='ltr'><strong>R,</strong></span> <span class='ocrx_word' id='word_1_249' title='bbox 542 1905 586 1938; x_wconf 80' lang='lat' dir='ltr'><strong>orn.</strong></span> <span class='ocrx_word' id='word_1_250' title='bbox 596 1883 648 1934; x_wconf 86' lang='lat' dir='ltr'><strong>AB</strong></span> <span class='ocrx_word' id='word_1_251' title='bbox 717 1887 749 1944; x_wconf 60' lang='grc' dir='ltr'><strong>Ω]</strong></span> <span class='ocrx_word' id='word_1_252' title='bbox 771 1887 830 1938; x_wconf 73' lang='lat' dir='ltr'><strong>dod.</strong></span> <span class='ocrx_word' id='word_1_253' title='bbox 841 1887 864 1952; x_wconf 86' lang='grc'><strong>9,</strong></span> <span class='ocrx_word' id='word_1_254' title='bbox 875 1899 926 1952; x_wconf 82' lang='lat'>13‚1</span> <span class='ocrx_word' id='word_1_255' title='bbox 995 1889 1028 1954; x_wconf 82' lang='lat'><strong>(3)</strong></span> <span class='ocrx_word' id='word_1_256' title='bbox 1040 1889 1083 1946; x_wconf 64' lang='lat' dir='ltr'><strong>,sic</strong></span> <span class='ocrx_word' id='word_1_257' title='bbox 1092 1887 1123 1954; x_wconf 81' lang='lat' dir='ltr'><strong>R,</strong></span> <span class='ocrx_word' id='word_1_258' title='bbox 1135 1887 1288 1956; x_wconf 85' lang='lat' dir='ltr'><strong>subiguntur</strong></span> <span class='ocrx_word' id='word_1_259' title='bbox 1296 1893 1328 1956; x_wconf 77' lang='grc' dir='ltr'><strong>Α,</strong></span> <span class='ocrx_word' id='word_1_260' title='bbox 1337 1889 1521 1958; x_wconf 80' lang='lat' dir='ltr'><strong>subiungantur</strong></span> <span class='ocrx_word' id='word_1_261' title='bbox 1541 1887 1567 1940; x_wconf 88' lang='grc' dir='ltr'><em>Β</em></span> 
     </span>
    </p>
   </div>
   <div class='ocr_carea' id='block_1_5' title="bbox 0 0 2204 6284">
    <p class='ocr_par' dir='ltr' id='par_1_6' title="bbox 0 0 2204 6284">
     <span class='ocr_line' id='line_1_21' title="bbox 0 0 2204 6284; baseline 0 1"><span class='ocrx_word' id='word_1_262' title='bbox 0 0 2204 6284; x_wconf 95' lang='lat' dir='ltr'><strong> </strong></span> 
     </span>
    </p>
   </div>
  </div>
 </body>
</html>
