4376 6258
278 353 435 418 XXVIIII
458 363 473 420 1
1082 345 1146 418 396
1667 365 1713 414 nn
1734 363 1953 414 assentiento

296 549 357 588 uam
380 533 495 600 primum
515 531 634 588 inveniat
657 547 853 598 successorem,
878 533 922 602 qui
942 531 1027 602 possit
1044 531 1088 586 de-
1140 531 1216 586 ‘bber
1233 533 1314 588 esto’:
1339 533 1377 588 ²is
1401 531 1472 588 tillus
1489 531 1606 602 pupillus
1623 531 1764 586 libertinus
1781 535 1853 584 eret:
1872 549 1951 600 qnae·
1979 585 1980 588 ,

307 599 363 654 noti
382 603 557 656 oreditoribus
575 599 743 670 respondere.
823 647 824 650 ,
1139 599 1259 668 rebatur,
1280 601 1302 656 si
1319 601 1407 654 Dama
1422 601 1490 654 liber
1507 605 1584 656 esset.
1619 599 1761 654 Trebatius
1779 603 1866 666 negat,
1892 603 1952 670 quia

262 711 264 716 .
315 665 349 722 11
370 665 539 722 Interesse
554 669 622 722 libro
643 675 741 738 quarto
764 685 802 724 ca
820 667 1019 738 posterioribus
1034 665 1088 720 Lo·
1139 669 1187 720 filii
1204 669 1383 738 appellatione
1398 669 1539 724 libertinus
1558 683 1665 738 quoque
1683 667 1878 722 contineretur:
1899 669 1950 724 La·

276 733 369 788 beonr's
402 735 453 802 Qui
469 735 552 788 filiurn
570 735 722 790 libertInum
738 735 870 798 habebat,
887 735 1010 790 heredem
1028 751 1088 788 eum
1139 737 1190 790 beo
1209 743 1311 804 contra,
1330 737 1393 806 quia
1410 753 1441 792 eo
1459 739 1519 792 loeo
1535 751 1627 792 verum
1641 735 1724 792 iillum
1737 735 1824 806 accipi
1838 743 1950 804 oportet.

274 801 435 868 instituerat,
455 801 549 856 ιιιιιι
566 803 605 856 ita
620 803 776 872 scripserat:
797 803 828 858 ‘si
841 801 1086 858 mihifilinsnullus
1139 803 1258 858 Trebatii
1282 807 1440 858 sententiam
1457 805 1557 874 probo,
1580 805 1604 858 si
1626 809 1716 858 tamen
1739 809 1896 860 testatorem
1919 807 1950 864 de

275 867 342 934 ‘erit
359 869 405 936 qui
422 871 450 924 in
467 871 561 924 snam¹
578 871 690 926 tutelam
706 871 804 936 veniat,
823 875 880 924 tum
892 869 979 924 Dama
996 885 1086 924 seruus
1137 873 1190 926 hoe
1207 871 1262 928 filio
1280 874 1401 928 locutum
1418 889 1477 928 esse
1493 879 1614 944 apparet.

825 1879 958 1956 LIBER
980 1879 1215 1958 transimus
1237 1881 1392 1960 NONUS.

658 2089 698 2152 1³,
1166 2083 1186 2142 4
1209 2085 1290 2142 lanu
1310 2089 1380 2144 libro
1400 2089 1495 2158 primo
1521 2089 1560 2142 ad
1581 2087 1713 2144 Satricum
1752 2091 1815 2146 Iure
1839 2091 1944 2148 militari

450 2189 496 2240 a
1132 2155 1944 2296 :atramentareistentassem

304 2289 318 2348 1
344 2289 490 2346 Uarrsuus
505 2293 573 2348 libro
588 2291 795 2364 quadragesimo
809 2293 903 2364 quinto
918 2291 1080 2352 odedictum
1167 2289 1185 2350 5
1209 2293 1292 2348 Inest
1312 2295 1380 2350 libro
1403 2301 1502 2364 quarto
1526 2295 1564 2350 uel
1580 2295 1710 2352 Sabinum
1742 2295 1842 2350 Milites
1867 2295 1943 2352 ιιίιιι

266 2357 398 2414 Militibus
413 2359 525 2414 liberam
539 2361 690 2416 testamenti
703 2361 847 2416 factionem
859 2361 959 2430 primus
975 2361 1080 2430 quidem
1130 2363 1188 2428 hle,
1211 2361 1258 2430 qui
1280 2361 1392 2418 heredes
1411 2363 1584 2430 exstiterunt,
1607 2369 1722 2432 possunt
1739 2363 1901 2418 substituere
1916 2363 1942 2418 in

268 2427 343 2482 diuus
359 2427 443 2482 lulius
463 2427 561 2484 Caesar
579 2429 725 2484 concessit:
745 2427 792 2482 sed
810 2445 841 2484 ea
860 2429 996 2484 concessio
1013 2433 1080 2482 tem·
1130 2431 1173 2488 his
1191 2429 1346 2498 dumtaxat,
1369 2447 1437 2502 quae
1461 2435 1525 2486 sunt
1544 2447 1578 2486 ιιι
1594 2435 1752 2486 testamento
1771 2447 1863 2486 eornm
1882 2449 1941 2486 con·

266 2495 365 2566 poraIIs
384 2501 450 2550 erat.
477 2501 572 2566 postea
588 2511 650 2550 vero
669 2497 769 2566 primm
787 2497 861 2550 dirus
879 2497 955 2550 Titus
974 2497 1078 2550 dediti:
1130 2499 1224 2554 secuti.

266 2565 402 2634 posthoc
425 2563 609 2618 Domitianus:
633 2571 728 2634 postea
751 2563 826 2618 diuus
846 2565 935 2620 Nerva
956 2565 1079 2634 plenissi-
1166 2563 1285 2622 iiluna:
1298 2565 1366 2622 libro
1384 2569 1478 2638 quinto
1496 2565 1535 2622 od
1550 2565 1681 2622 Sedebam
1715 2565 1842 2622 Similes
1862 2583 1941 2622 unum

266 2647 336 2686 mam
364 2631 554 2700 indulgentiam
584 2633 612 2686 in
638 2633 733 2686 milites
761 2633 884 2686 oonmlit:
915 2649 1027 2702 eamque
1053 2637 1080 2686 et
1131 2649 1164 2688 ex
1186 2633 1270 2690 fundo
1292 2635 1418 2688 heredem
1442 2635 1591 2704 scripserit,
1616 2635 1746 2690 creditum
1763 2641 1893 2704 qnantum
1910 2637 1941 2690 ad

267 2699 399 2754 TraIanus
417 2707 525 2756 secutus
545 2705 586 2754 est
601 2707 627 2754 et
641 2701 735 2756 exinde
749 2701 882 2754 mandatis
895 2701 977 2754 Inseri
992 2701 1080 2768 eoepit
1130 2701 1266 2756 residuum
1283 2703 1471 2772 patrimonium
1487 2703 1631 2758 intestatus
1649 2703 1807 2758 decessisset
1816 2703 1850 2754 ¹⁴:
1870 2703 1941 2760 miles

268 2775 349 2838 caput
365 2769 445 2824 talea
482 2769 570 2838 Caput
592 2785 626 2822 ex
649 2769 795 2822 mandatis:
821 2769 895 2822 ‘Cum
912 2769 940 2820 in
957 2769 1080 2824 notitiam
1130 2769 1200 2824 enim
1223 2787 1272 2838 pro
1296 2779 1373 2840 parte
1391 2775 1506 2826 testatus
1523 2775 1613 2840 potest
1630 2771 1771 2838 decedere,
1794 2787 1843 2840 pro
1867 2775 1941 2840 parte

268 2841 362 2890 ‘meam
379 2839 531 2906 prolatumfl
556 2835 591 2892 sit
608 2837 721 2892 snbiude
738 2841 899 2896 testamenta
916 2851 933 2890 a
951 2839 1078 2892 commiti·
1130 2839 1281 2894 intestatus.

267 2907 384 2960 ‘toribus
401 2907 495 2960 relicta
512 2905 639 2976 proferri,
664 2923 733 2976 quae
759 2905 863 2976 possint
881 2907 910 2960 in
929 2913 1078 2960 conmover·
1166 2901 1184 2962 7
1202 2907 1284 2962 reru
1298 2907 1366 2964 tetro
1383 2923 1455 2962 nono
1473 2907 1512 2966 od
1526 2905 1658 2962 Sabinum
1692 2907 1743 2976 Qui
1762 2907 1821 2962 iure
1837 2907 1941 2960 militari

269 2973 344 3028 ‘siam
362 2973 470 3040 deduci,
494 2977 517 3030 si
541 2975 576 3028 ad
599 2975 759 3044 diligentiam
776 2975 863 3042 legum
879 2979 1036 3030 revocentur
1055 2979 1080 3030 ιι
1130 2979 1247 3030 testatur
1265 2975 1315 3030 etsi
1331 2977 1491 3046 ignoraverit
1508 2983 1681 3046 praegnatem
1703 2991 1814 3030 uxoren:
1831 2975 1873 3030 rel
1889 2991 1940 3028 non

269 3043 486 3096 observantiam:
518 3049 627 3098 secutus
658 3045 739 3096 enimi
768 3043 819 3096 mei
848 3043 1079 3112 ίιιιιςιιιιιιιιι1
1129 3043 1181 3100 fuit
1197 3061 1344 3114 praegnas,
1367 3045 1419 3100 hoc
1437 3051 1527 3100 tamen
1544 3045 1632 3098 animo
1649 3045 1710 3112 init,
1728 3049 1758 3100 ut
1774 3045 1854 3098 vellet
1871 3045 1939 3114 quis·

268 3115 339 3180 ‘erga
365 3111 479 3180 optimos
503 3111 722 3180 fidelissimosque
746 3111 936 3172 commilitones
955 3111 1078 3180 simplici·
1130 3111 1189 3182 quis
1206 3113 1258 3168 sibi
1276 3117 1401 3168 nascetur
1417 3112 1575 3169 exheredem
1593 3127 1665 3180 esse,
1685 3117 1873 3168 testamentum
1890 3127 1940 3166 non

268 3179 326 3232 ‘tati
344 3195 436 3234 eorum
455 3181 645 3234 consulendum
663 3181 822 3246 existimavi,
846 3187 876 3234 ut
893 3181 1078 3252 quoquomodo
1129 3181 1269 3250 rumpitur.
1810 3189 1811 3192 ’

269 3247 368 3300 ‘testati
389 3247 516 3316 inissent,
540 3255 601 3304 rata
619 3257 689 3304 esset
707 3267 798 3304 eorum
815 3249 943 3304 uoluntas.
977 3249 1080 3302 faciant
1165 3243 1183 3306 8
1201 3249 1380 3306 struentem
1394 3249 1462 3306 libro
1477 3249 1578 3306 ιιιιιιο
1590 3249 1755 3320 clipeatorum
1777 3248 1851 3304 idem
1865 3253 1940 3304 estet

268 3315 356 3384 ‘igitur
372 3321 533 3372 testamenta
548 3333 600 3388 quo
614 3317 692 3372 modo
707 3319 804 3384 volent,
823 3317 924 3372 iaciant
936 3333 988 3386 quo
1002 3317 1080 3372 modo
1130 3317 1153 3372 si
1167 3317 1334 3386 abrogaverit
1346 3319 1429 3372 filium
1446 3335 1562 3388 neposve
1576 3319 1734 3390 successerit
1746 3317 1875 3372 inlocum
1887 3317 1938 3372 dlii.

268 3385 395 3454 ‘poterint
414 3387 584 3456 sufficiatque
602 3387 636 3438 ad
653 3386 785 3440 bonorum
803 3403 911 3440 suorum
929 3387 1081 3440 divisionem
1164 3383 1182 3444 9
1206 3385 1352 3442 [lueremus
1367 3387 1434 3444 libro
1452 3405 1524 3442 nouo
1542 3387 1580 3442 ad
1592 3385 1724 3442 Sabinum
1749 3387 1875 3456 Idemque
1893 3387 1939 3440 erit

269 3457 281 3506 1
319 3451 477 3508 ‘faciendam
491 3455 564 3508 nuda
579 3455 702 3508 volontas
718 3455 870 3508 testatoris'.
896 3453 974 3510 Miles
992 3459 1080 3508 antem
1130 3453 1272 3510 dicendum
1289 3461 1316 3510 et
1332 3455 1356 3510 si
1372 3461 1435 3510 nato
1454 3455 1509 3510 filio
1527 3455 1585 3510 vivo
1601 3467 1631 3510 se
1644 3455 1738 3508 ιιιιιιι
1753 3453 1844 3510 eodem
1859 3459 1938 3508 testa·

267 3519 418 3640 appellatur
440 3523 482 3576 rel
506 3537 522 3576 a
545 3523 664 3588 militia⁸‚
689 3523 717 3576 id
734 3529 775 3576 est
793 3521 904 3588 duritia,
929 3537 1009 3592 quam
1031 3539 1079 3590 pro
1129 3527 1218 3576 mento
1242 3523 1356 3578 durante
1379 3523 1521 3578 decedere:
1544 3537 1606 3578 narn
1628 3521 1733 3576 uidetur
1754 3523 1812 3576 iure
1835 3521 1938 3576 militari

267 3603 302 3642 no
323 3587 345 3642 is
362 3589 502 3654 sustinent,
521 3597 569 3642 aut
587 3607 603 3642 a
620 3591 795 3654 multitudine,
814 3597 861 3644 eut
878 3607 894 3644 a
911 3589 990 3656 malo,
1009 3591 1080 3660 quod
1130 3597 1141 3642 t
1179 3591 1305 3648 reiecisse
1322 3597 1524 3648 testamentum:
1549 3597 1581 3648 ut
1603 3597 1643 3646 est
1664 3591 1824 3662 rescriptum
1847 3591 1938 3646 adiro

268 3669 360 3708 arcere
377 3657 473 3710 milites
491 3657 591 3720 solent,
617 3665 664 3712 aut
687 3675 705 3712 a
721 3675 830 3714 numero
848 3659 919 3714 mille
935 3659 1079 3724 hominum,
1128 3659 1176 3714 Pio
1191 3659 1220 3712 in
1235 3675 1267 3714 eo
1283 3661 1337 3730 qui,
1355 3679 1415 3724 oum
1433 3665 1502 3714 esset
1518 3675 1647 3730 paganus,
1664 3659 1729 3714 iecit
1745 3665 1937 3724 testamentum,

269 3723 379 3776 ductum
397 3739 414 3776 a
431 3723 533 3778 Graeco
552 3725 647 3792 verbo,
671 3731 787 3780 tractum
809 3729 993 3792 atagtnatel:
1016 3741 1078 3798 nam
1129 3743 1193 3780 mox
1208 3729 1323 3782 militare
1340 3729 1440 3808 coepit:
1465 3743 1527 3780 nam
1550 3729 1602 3782 hoc
1626 3743 1731 3798 quoqne
1754 3729 1812 3784 iure
1834 3727 1938 3782 militari

269 3789 366 3844 Graeci
379 3791 450 3846 mille
464 3793 600 3846 hominurn
615 3795 810 3846 multitudinem
827 3791 916 3864 τάγμα
934 3809 950 3846 a
968 3795 1077 3862 pellent
1128 3795 1182 3846 tnci
1200 3795 1237 3848 iet
1253 3797 1351 3860 ualere,
1369 3813 1392 3852 ιι
1409 3795 1461 3850 hoc
1478 3795 1573 3850 maluit
1589 3795 1671 3850 miles.

269 3859 345 3982 guasi
367 3859 550 3914 millensimum
574 3877 704 3930 quemque
728 3861 870 3916 diotum¹⁰:
899 3811 970 3916 uuili
992 3861 1078 3930 ipsum
1166 3809 1203 3920 1ss
1221 3861 1380 3920 Insultare
1391 3863 1721 3922 undecimocclSobirtum
1745 3863 1847 3920 Facere
1857 3869 1936 3918 testa

286 3943 363 3982 noem
385 3927 520 3998 χιλίαρχοι
543 3931 686 3998 appellant.
722 3931 853 3984 exercitus
875 3937 965 3984 autem
982 3945 1078 3984 nomen
1128 3935 1245 3986 mertum
1262 3933 1380 3988 hostium
1397 3933 1500 4002 potitus
1517 3947 1566 3988 nec
1582 3933 1640 3988 inre
1656 3933 1763 3986 militari
1779 3939 1877 4002 potest.

269 3997 303 4050 ab
323 3995 510 4052 exercitatione
527 3999 617 4050 traxit.
1166 3999 1200 4056 11
1222 3999 1304 4054 Inna
1323 4001 1391 4056 libro
1414 4001 1523 4072 quadra
1542 4001 1755 4070 scenopeiam
1772 4001 1936 4074 antedictum

303 4059 509 4122 ideruslibro
522 4067 615 4136 quinto
628 4065 1078 4136 decimoudeclr'ctumprooiucicle
1128 4065 1172 4122 Ex
1183 4067 1291 4122 militari
1304 4069 1399 4138 delicto
1413 4069 1501 4138 capite
1532 4069 1935 4124 amnatistestamentnmIaoere

268 4131 309 4186 De
323 4131 412 4186 militis
426 4137 585 4188 testamento
599 4133 658 4188 ideo
674 4135 817 4206 separatim
830 4135 975 4206 proconsul
989 4133 1076 4200 edicit,
1127 4135 1191 4188 dcet
1208 4149 1290 4204 super
1307 4137 1383 4190 bonis
1402 4137 1541 4192 dumtaxat
1562 4137 1755 4192 castrensibus:
1780 4137 1827 4192 sed
1851 4143 1935 4192 utrum

269 4201 342 4272 quod
363 4201 462 4270 optime
484 4203 558 4258 nouit
581 4217 613 4254 ex
636 4203 869 4258 constitutionibus
886 4203 1077 4272 principalibus
1127 4203 1185 4258 inre
1196 4203 1305 4260 militari
1316 4205 1417 4260 aniure
1430 4205 1572 4272 communi,
1586 4205 1729 4274 quaeritur.
1752 4205 1835 4274 magle
1850 4213 1934 4260 autem

267 4269 377 4340 propria
400 4275 480 4340 atque
503 4269 648 4342 singularia
671 4271 731 4326 iura
754 4275 781 4326 in
804 4276 963 4326 testamenta
986 4287 1077 4326 eorum
1128 4277 1183 4338 est,
1207 4277 1238 4326 ut
1260 4275 1319 4328 iure
1335 4275 1442 4328 militari
1460 4275 1497 4328 eis
1515 4273 1668 4328 testandum
1685 4275 1732 4330 sit:
1757 4289 1819 4328 nam
1837 4273 1934 4330 cumei

269 4337 411 4394 obseruari.
1145 4341 1205 4394 nasi
1227 4341 1304 4396 militi
1325 4343 1460 4396 tribuatur
1482 4343 1524 4398 ius
1548 4343 1677 4406 testandi,
1702 4359 1866 4410 consequens
1889 4343 1934 4398 erit

226 4435 228 4438 ·
303 4403 321 4464 3
345 4405 490 4462 Uarianos
505 4409 573 4464 libro
587 4407 704 4464 ιιιιιιιο
716 4407 754 4462 cd
764 4407 892 4462 Sabaeum
919 4407 976 4462 Si¹¹
993 4409 1076 4476 miles,
1147 4407 1215 4464 ‘cere
1231 4407 1290 4464 iure
1306 4409 1413 4464 militari
1430 4411 1455 4464 ei
1464 4413 1485 4446 ¹⁵
1501 4409 1662 4466 testandum.
1689 4411 1761 4480 quod
1772 4411 1811 4464 ita
1821 4407 1933 4530 intellegi

269 4477 315 4544 qui
333 4473 510 4530 destinauerat
527 4475 659 4532 communi
675 4475 733 4530 iure
750 4477 849 4540 testarI,
872 4483 933 4530 ante
950 4475 1077 4530 deiecerit
1130 4481 1141 4530 1
1178 4481 1306 4546 oportet,
1328 4477 1350 4532 si
1374 4493 1428 4532 non
1454 4479 1614 4532 sacramenti
1636 4477 1701 4532 fides
1724 4485 1804 4550 rupta
1826 4479 1869 4532 sit.
1925 4475 1932 4528 i

269 4559 349 4612 quern
366 4545 528 4598 testaretur?
562 4543 726 4612 Pomponius
748 4545 857 4596 dubitat.
893 4545 941 4600 sed
959 4561 1007 4598 eur
1023 4561 1077 4598 non
1127 4543 1202 4598 miles
1218 4545 1351 4610 incertus,
1369 4561 1404 4600 an
1421 4545 1464 4600 sui
1480 4547 1545 4600 iuris
1561 4547 1611 4610 sit,
1629 4551 1817 4602 testamentum
1834 4547 1932 4608 iecerit,

268 4611 297 4666 in
319 4611 401 4666 milite
425 4611 556 4668 diversum
581 4611 694 4680 probet?
728 4627 813 4680 neque
837 4613 905 4666 enirn
929 4611 975 4682 qui
995 4613 1077 4668 voluit
1127 4613 1155 4666 in
1178 4629 1210 4668 ea
1232 4613 1388 4668 condidere
1411 4617 1452 4668 est
1472 4617 1660 4668 testamentum
1684 4613 1753 4680 eius,
1783 4619 1814 4668 ιιι
1835 4615 1931 4668 valeat:

269 4681 327 4734 iure
345 4681 477 4734 communi
494 4683 603 4746 testari,
628 4681 749 4734 statim¹²
767 4681 893 4736 beneficIo
911 4681 1018 4736 militari
1034 4697 1076 4736 re·
1127 4695 1189 4734 nam
1207 4685 1233 4734 et
1250 4683 1273 4736 si
1290 4683 1415 4744 incertus,
1433 4697 1470 4736 an
1487 4689 1564 4750 pater
1581 4699 1646 4738 :uns
1662 4683 1772 4748 uraca,
1792 4687 1932 4740 testamen·

269 4749 409 4812 nuntiavit,
427 4765 477 4804 nec
495 4749 642 4804 credendus
661 4755 702 4802 ιιι
736 4749 856 4818 uinquam
867 4765 950 4818 genus
961 4749 1078 4804 testandi
1127 4753 1142 4802 ι
1177 4755 1233 4804 tum
1252 4749 1360 4816 iecerit,
1382 4753 1572 4804 testamentum
1595 4751 1650 4806 eius
1674 4749 1779 4806 valebit.
1815 4749 1843 4804 si
1865 4749 1932 4804 filius
1965 4771 1967 4776 ‘

270 4817 363 4888 eligere
381 4817 416 4870 ad
432 4817 611 4888 impugnanda
629 4833 678 4872 sua
694 4767 806 4882 iudicia,
830 4819 877 4872 sed
899 4817 981 4886 magis
1002 4821 1076 4872 utro·
1139 4815 1239 4872 amilias
1253 4821 1378 4888 ignorans
1391 4823 1496 4888 patrem
1510 4833 1587 4872 suum
1603 4817 1748 4872 decessisse
1760 4819 1794 4872 de
1808 4815 1931 4872 castrensi
1967 4883 1968 4886 Ἴ

270 4903 322 4956 que
363 4901 441 4940 encre
463 4887 577 4940 uoluisse
599 4891 708 4956 propter
725 4885 849 4940 fortuitos
868 4901 959 4940 casus:
986 4903 1075 4954 quem-
1126 4885 1230 4954 peculio
1254 4887 1284 4940 in
1305 4887 1398 4940 militia
1419 4889 1533 4940 testatus
1557 4887 1605 4950 sit,
1631 4903 1685 4940 non
1706 4887 1878 4954 pertinebunt
1900 4881 1930 4938 ad

271 4903 411 5008 admodum
442 4953 560 5022 plerique
588 4953 686 5024 pagani
714 4953 813 5018 solent,
844 4969 903 5008 cum
926 4953 1076 5008 testamenti
1125 4953 1250 5006 heredem
1268 4953 1323 5008 eius
1342 4953 1424 5022 patris
1442 4954 1521 5016 bona,
1539 4953 1587 5008 sed
1604 4953 1662 5008 sola
1679 4955 1839 5008 casmensia:

269 5021 372 5078 iaciunt
395 5023 616 5090 perscripseram,
643 5021 748 5076 adicere
770 5023 837 5076 velle
853 5021 905 5076 hoc
923 5021 1003 5076 etiam
1019 5023 1076 5076 rice
1163 5017 1201 5076 12
1218 5019 1403 5076 Papinianus
1423 5021 1492 5076 libro
1515 5025 1593 5076 reato
1616 5037 1805 5092 responsorum
1839 5019 1930 5074 milites

270 5091 451 5146 codicillorum
474 5091 569 5144 valere.
606 5091 778 5160 quicquam¹³
801 5091 908 5158 disard,
935 5091 958 5144 si
979 5091 1075 5158 imper·
1127 5087 1406 5156 animcadumtaxat‚'
1421 5087 1840 5156 uaehaberent¹⁷soriptis,relin
1859 5091 1928 5142 nunt.

269 5159 369 5214 tectum
392 5157 426 5214 sit
448 5163 649 5224 testamentum,
680 5157 815 5214 codicillos
839 5173 893 5212 non
917 5175 989 5226 esse,
1015 5175 1076 5212 narn
1162 5151 1200 5214 13
1225 5105 1455 5214 septennatim
1471 5157 1679 5228 quodrapesimo
1697 5157 1790 5226 quinto
1811 5175 1829 5210 u
1849 5157 1929 5234 ¹edic·

270 5227 417 5282 secundum
445 5233 561 5282 nostram
588 5227 745 5280 sententiam
769 5227 848 5280 etiam
872 5225 945 5280 divus
968 5227 1075 5280 Marcus
1127 5229 1181 5278 turn
1207 5223 1281 5280 Idem
1296 5229 1344 5290 est,
1362 5225 1412 5280 etsi
1429 5225 1463 5278 de
1479 5229 1638 5280 testamento
1655 5223 1782 5280 mutando
1801 5225 1929 5298 cogitant,

269 5295 412 5364 rescdpsit.
823 5315 825 5318 ·
1127 5307 1181 5346 non
1205 5293 1271 5360 quia,
1295 5293 1410 5346 adimere
1437 5293 1544 5346 volebat
1574 5293 1717 5348 castrensia
1744 5293 1816 5346 bona
1844 5289 1929 5346 hereb
1967 5347 1968 5350 ,

270 5467 300 5522 (tl
317 5461 462 5518 insulamF
525 5469 558 5528 {tt
576 5467 776 5516 nullusnisit'ns.
1126 5465 1647 5530 :Graecorerbotraotumatagmatedel.
1729 5463 1926 5528 (10)dicantsrr.
1968 5481 1969 5484 ’

309 5531 341 5594 (a)
360 5533 486 5586 Sat.1...r.
503 5545 819 5586 e...11.ra.1s...17.ra..na
836 5543 1074 5592 ιι...ιι.ιι.ιι.4ι;
1127 5535 1167 5594 (nt
1185 5531 1216 5594 ιι]
1233 5533 1391 5596 quidsiscr.
1520 5533 1565 5594 (nt
1583 5533 1702 5584 stufinF
1825 5535 1868 5596 tta)
1885 5549 1927 5584 nee

269 5597 318 5648 Ed.
329 5607 350 5650 8.
365 5609 400 5650 ιι.
414 5613 450 5652 ιι.
466 5613 555 5662 staats
575 5601 639 5666 Pop.
649 5613 681 5654 ιι.
696 5613 728 5654 14.
743 5613 775 5654 18.
791 5613 826 5654 tt.
842 5613 879 5656 st.
893 5613 976 5654 stant.
992 5613 1026 5652 ts.
1042 5631 1071 5638 -
1125 5599 1258 5664 quisquam
1272 5603 1330 5652 dett:
1345 5601 1442 5668 quidum
1548 5605 1591 5664 (14)
1610 5599 1929 5652 creditur...deoessisseS
1969 5605 1970 5610 ’

269 5667 429 5726 eatan.
444 5697 477 5706 -
494 5673 533 5736 Cf.
543 5671 681 5730 Inst.2,tt;
702 5671 830 5730 Gaddir
898 5673 930 5730 (4)
949 5667 1080 5718 dederitF
1127 5669 1168 5728 (15)
1187 5667 1279 5732 ouidi,
1295 5685 1350 5718 eum
1359 5667 1398 5718 ι’2
1467 5669 1511 5732 (ιι)
1529 5669 1752 5722 cumisrivats'na
1828 5669 1926 5732 litlot·

271 5733 303 5790 (tl
321 5735 537 5796 caputialebisF
617 5737 650 5798 (s)
668 5737 855 5802 perlatnmedd.
943 5739 974 5800 ιι)
993 5735 1073 5800 aegri-
1124 5741 1264 5786 rerentocr.
1569 5769 1571 5772 -

270 5799 382 5850 tudinem
391 5817 438 5852 scr.
544 5807 576 5866 (a)
595 5805 813 5856 malitiaMuretus
920 5807 951 5866 (at
970 5805 1098 5860 ductum,
