4366 6258
284 449 426 520 XXXXl
447 457 465 518 2
1082 451 1146 522 652

1571 475 1617 520 ιιι
1638 473 1857 532 coquinarius
1880 457 1939 520 vec
1964 459 1969 500 ἓ

285 643 318 694 22
353 637 465 706 emptori
482 635 595 690 traditae
612 635 719 690 ιιιιιιι,
747 635 897 704 Municipes
913 649 963 704 per
979 649 1008 690 ιι
1025 635 1090 688 nihil
1140 637 1284 706 possideri,
1311 637 1354 692 cui
1380 651 1409 690 se
1435 637 1616 692 aduersarium
1639 643 1791 706 praeparat.
1826 637 1874 694 sed
1894 637 1941 694 hoc

286 703 423 772 possidere
435 709 555 772 possunt,
574 703 636 768 quia
648 703 778 758 universi²
796 703 945 758 consentire
958 717 1013 756 ιιι
1027 719 1089 772 pos·
1140 707 1179 756 ita
1200 719 1290 758 rerum
1307 709 1360 768 est,
1385 705 1407 758 si
1426 703 1469 756 diu
1487 705 1515 758 in
1531 703 1655 760 libertate
1671 709 1801 758 moratur:
1829 705 1940 772 alloquor

287 775 358 826 sunt.
392 769 480 826 forum
503 775 592 824 autam
614 775 641 822 et
662 769 798 824 basilicam
812 769 908 838 bisque
924 769 1020 824 similia
1037 787 1091 824 non
1142 773 1165 826 si
1187 785 1221 826 ex
1241 771 1410 840 possessione
1439 771 1572 826 servitutis
1595 771 1623 824 in
1650 771 1799 824 libertatem
1821 773 1973 826 reclama¹

287 837 437 904 possident,
464 837 512 892 ιιι
536 837 686 904 promiscue
711 835 753 892 his
780 841 900 892 utuntur.
933 835 981 892 sed
1005 837 1092 892 Nerva
1142 839 1209 892 verit
1229 845 1257 892 et
1279 837 1389 892 liberale
1409 837 1537 892 iudicium
1553 837 1744 908 imploraverit,
1762 839 1844 892 nihilo
1861 839 1962 898 minos,

288 907 358 960 tilius
380 907 432 970 ait,
454 919 502 974 per
522 919 627 958 sermm
648 919 717 974 quae
732 905 903 974 peculiariter
920 903 1092 974 adquisierint
1142 907 1474 976 inpossessionemeaest
1491 913 1518 960 ιι
1535 907 1695 960 animosum
1713 907 1846 974 possideo,
1865 905 1968 962 ιιιιι””

240 1039 242 1042 ,
287 977 315 1028 ιι
331 973 467 1040 possidere
485 977 511 1024 et
527 987 675 1040 usucapere
692 987 785 1042 posse:
809 971 856 1026 ιιι
875 971 981 1052 quidam
999 979 1092 1026 contra
1146 979 1171 1026 li
1209 973 1277 1028 liber
1293 973 1374 1028 fuerit
1389 973 1585 1042 pronuntiatus.
1622 973 1710 1028 Saltus
1728 973 1851 1028 hibernos
1869 975 1941 1028 aesti-

212 1755 213 1758 γ
249 1657 262 1764 ι

289 1045 393 1108 putant,
410 1039 536 1108 quoniam
552 1039 625 1106 ipsos
641 1055 733 1094 servos
749 1057 804 1094 non
820 1037 982 1106 possideant.

323 1101 342 1162 2
365 1105 508 1160 Uarianos
522 1105 589 1160 libro
607 1109 821 1176 septaopcnsimo
839 1105 1006 1162 nuceretum
1040 1105 1094 1160 Sed

289 1173 341 1228 hcc
357 1173 415 1228 iure
431 1173 539 1238 utimur,
556 1177 587 1226 ut
604 1177 631 1228 et
647 1173 784 1242 possidere
802 1177 829 1226 at
845 1187 993 1240 usucapere
1007 1173 1092 1226 muni-

206 1289 207 1292 ,
290 1239 363 1308 cipes
376 1239 481 1308 possint
494 1239 589 1308 ιιιιιι2
605 1241 642 1294 ιιι
656 1247 683 1294 ιι
697 1255 746 1310 per
758 1255 861 1294 servum
878 1245 906 1294 et
922 1255 971 1310 per
983 1239 1094 1294 liberam

290 1323 431 1378 personam
447 1307 612 1376 adquiratur.

326 1371 343 1432 3
362 1375 568 1450 Pannqsmiibrc
592 1375 832 1446 quinqueperrrimo
857 1377 954 1444 quarto
972 1375 1009 1430 ad
1026 1375 1095 1432 edic·

293 1435 512 1498 tuamensem
528 1447 617 1498 autem
632 1445 754 1512 possunt,
773 1459 841 1510 quae
857 1447 921 1498 sunt
938 1443 1094 1510 corporalia.

296 1517 304 1562 l
341 1509 379 1564 Et
395 1509 538 1580 apiscimur
554 1511 747 1580 possessionem
764 1525 877 1578 corpore
894 1509 1032 1576 stenima,
1049 1527 1095 1564 ιι-

310 1593 343 1632 ιι
363 1593 413 1648 per
434 1593 463 1634 se
481 1579 567 1634 animo
585 1585 633 1634 ιιι
653 1593 702 1648 per
719 1593 747 1632 ιι
765 1589 884 1646 corpore.
920 1577 990 1648 quod
1007 1585 1096 1632 autem

293 1597 406 1700 diximus
431 1653 457 1700 et
479 1663 590 1716 corpore
613 1651 640 1700 ιι
662 1645 749 1700 animo
772 1645 912 1726 adquirere
933 1663 984 1702 uos
1001 1645 1097 1700 dehere

292 1713 493 1780 possessionem,
511 1729 565 1768 non
581 1713 673 1782 utique
689 1711 728 1766 ita
740 1711 923 1780 accipiendum
939 1717 987 1778 ιιι,
1005 1719 1036 1768 ιι
1053 1713 1098 1780 qui

245 1777 252 1846 ι
293 1781 405 1836 tundam
425 1781 561 1852 possidere
583 1783 659 1846 velit,
682 1795 773 1836 omues
791 1781 881 1850 glebas
905 1781 1096 1836 circumambu-

231 1845 250 1900 Ὗ
293 1851 342 1904 let:
362 1849 409 1906 sad
426 1849 525 1906 sufficit
542 1849 686 1918 quamlibet
703 1855 804 1918 partem
815 1851 869 1920 eius
886 1849 964 1904 fundi
979 1849 1097 1914 introire,

294 1917 357 1972 dum
374 1921 462 1972 mente
480 1923 507 1970 et
524 1917 684 1984 cogitatione
700 1919 750 1972 hac
768 1917 810 1980 sit,
827 1917 867 1972 uti
884 1923 970 1972 totum
986 1915 1098 1972 fundum

294 1991 309 2038 2
344 1999 429 2052 usque
443 1983 477 2038 ad
490 1985 630 2038 terminum
643 1983 863 2054 velitpossidere.
890 1985 1023 2038 lacertam
1037 1999 1098 2054 par·

294 2059 348 2106 tem
365 2051 404 2106 rei
420 2053 556 2118 possidere
573 2065 648 2106 nemo
667 2059 768 2120 potest,
793 2053 873 2108 veluti
899 2053 922 2106 si
944 2053 996 2106 hac
1012 2057 1099 2106 mente

212 2133 213 2136 ’
295 2121 345 2186 ιιι,
371 2125 402 2172 ιι
428 2119 555 2188 quidquid
579 2119 666 2176 Titius
692 2119 823 2188 possidet,
849 2125 879 2174 ιιι
905 2133 1011 2188 quoque
1034 2119 1099 2174 velis

296 2193 310 2242 3
344 2185 488 2256 possidere.
521 2187 647 2242 Neratius
671 2191 697 2242 ιι
718 2187 848 2244 Proculus
869 2189 915 2242 ct³
936 2189 993 2242 solo
1012 2187 1098 2242 animo

296 2273 350 2312 non
365 2271 445 2326 posse
460 2271 510 2312 nos
527 2255 667 2326 adquirere
683 2257 891 2326 possessionem,
915 2257 937 2310 si
954 2273 1009 2310 non
1026 2263 1099 2310 ante·

232 2349 233 2352 ¹
297 2323 373 2380 cedat
389 2325 518 2380 naturalis
533 2325 676 2406 possessio.
708 2323 820 2394 ideoque
842 2327 864 2380 ιι
881 2325 1055 2380 thensaurum
1072 2325 1099 2378 ιι

296 2393 379 2448 fundo
400 2409 459 2446 meo
482 2397 599 2460 positum
621 2393 718 2458 sciam,
743 2395 867 2448 continuo
889 2409 931 2446 me
956 2393 1100 2462 possidere,

297 2461 374 2514 simul
391 2467 471 2530 atque
488 2459 639 2528 possidendi
657 2461 782 2514 affectum
799 2461 932 2526 habuero,
951 2461 1013 2528 quia
1031 2461 1101 2530 quod

297 2526 365 2582 desit
373 2527 488 2580 naturali
505 2527 676 2594 possessioni,
693 2527 722 2580 id
738 2529 842 2580 animus
858 2527 958 2596 implet.
985 2533 1101 2582 ceterum

299 2593 369 2662 quod
390 2595 489 2648 Brutus
513 2599 541 2648 et
561 2593 687 2648 Manilius
711 2599 808 2674 putant
829 2609 902 2658 eum,
929 2593 974 2662 qui
990 2593 1101 2648 fundum

297 2665 377 2728 longa
396 2661 564 2730 possessione
587 2661 671 2728 cepit,
693 2671 773 2716 etlam
795 2661 970 2716 thensaurum
992 2663 1101 2730 cepisse,

299 2731 418 2796 quamvis
443 2729 545 2782 nesciat
564 2729 593 2782 in
615 2729 699 2784 ιιιιι
722 2743 781 2784 ιιιι
815 2743 870 2782 ιιι
893 2735 933 2784 ιιι
950 2743 1054 2784 verume
1079 2731 1102 2782 is

299 2797 368 2852 enim
383 2797 435 2866 qui
456 2795 542 2850 nescit
562 2811 616 2850 nou
658 2797 757 2854 assidet
773 2771 961 2862 thensaurum,
985 2797 1103 2866 quamuis

301 2865 413 2918 fundum
429 2863 573 2932 possideat.
590 2889 591 2892 ¹
609 2815 656 2920 sei
673 2871 699 2918 et
716 2863 739 2920 ιι
755 2863 831 2928 ιιιιι,
849 2881 903 2918 ιιι
920 2863 1008 2932 capiet
1025 2865 1104 2932 longa

301 2931 480 3002 possessione,
506 2931 636 3000 quiescit
653 2931 765 2986 alienum
783 2947 849 2988 esse.
885 2931 991 3000 quidam
1008 2935 1105 3002 potant

301 3001 392 3056 Sabini
414 3001 571 3056 sententiam
594 3001 723 3056 aeriorem
744 3015 804 3056 esse
825 3015 873 3054 nec
893 3001 958 3056 alias
983 3015 1043 3056 eum
1061 2999 1105 3068 qui

301 3069 351 3124 scit
368 3067 518 3138 possidere,
542 3067 594 3124 uisi
615 3069 638 3124 si
660 3069 719 3124 loco
743 3077 831 3124 motus
849 3067 897 3134 sit,
921 3067 1054 3136 quianon
1072 3067 1107 3122 sit

260 3185 261 3188 ,
302 3143 317 3190 4
352 3137 402 3192 ιιι
421 3135 540 3190 custodia
557 3143 661 3190 nostra:
679 3137 774 3204 quibus
793 3137 937 3190 consentio.
963 3137 1007 3190 Ex
1022 3137 1105 3206 pluri-

302 3205 368 3260 mis⁴
399 3205 486 3258 causis
510 3205 648 3272 possidere
674 3205 784 3258 eandem
809 3219 865 3258 rem
891 3219 1044 3274 possumus,
1076 3207 1107 3256 nt

222 3283 223 3286 ’
303 3271 409 3340 quidam
435 3277 533 3340 putant
561 3277 589 3326 et
617 3289 690 3338 eum,
725 3271 771 3340 qui
802 3271 954 3340 usuoeperit
982 3275 1028 3326 et⁵
1056 3287 1106 3342 pro

303 3347 429 3408 emptore,
446 3343 474 3394 ct
490 3355 540 3408 pro
557 3355 606 3394 suo
623 3339 771 3408 possidere:
790 3341 828 3394 sic
846 3339 915 3392 enim
932 3339 994 3394 ιιιι
1011 3339 1044 3404 ιι,
1062 3337 1108 3408 qui

241 3433 242 3436 ¹
303 3423 351 3476 pro
377 3411 494 3476 emptore
509 3409 677 3476 possidebat,
701 3409 857 3472 heressim,
881 3407 992 3462 eandem
1008 3423 1064 3460 rem
1082 3411 1108 3460 et

304 3491 351 3596 im
370 3481 488 3544 emptore
505 3481 532 3528 et
548 3491 597 3544 pro
616 3475 713 3530 herede
731 3475 867 3544 possideo:
887 3489 935 3530 nec
953 3475 1023 3530 enim
1040 3475 1110 3528 sicut

322 3541 447 3596 ominium
468 3559 522 3596 non
547 3547 636 3610 potest
658 3541 709 3596 uisi
727 3559 759 3596 ex
776 3559 831 3596 una
848 3559 930 3598 cansa
947 3541 1108 3610 contingere,

304 3611 342 3664 ita
365 3615 391 3664 et
413 3609 549 3678 possidere
571 3625 606 3664 ex
626 3623 681 3664 ιιι
698 3609 836 3664 dumtaxat
859 3625 941 3664 causa
958 3625 1108 3678 possumus.

305 3683 319 3730 ι
354 3677 398 3736 Ex
416 3677 548 3732 contrario
565 3679 654 3748 plures
672 3677 783 3732 eandem
799 3693 854 3732 rem
870 3679 900 3730 in
917 3677 1030 3732 solidum
1046 3693 1108 3748 pos·

305 3745 393 3802 ιιιιιι
410 3761 464 3800 ιιι
479 3751 606 3814 possunt:
629 3751 723 3800 contra
740 3751 862 3800 naturam
879 3745 978 3814 quippe
995 3751 1047 3810 est,
1072 3751 1109 3812 ut,

307 3829 366 3868 cum
380 3829 428 3882 ego
441 3813 542 3880 aliquid
555 3819 671 3880 teneam,
688 3817 719 3866 tn
732 3829 836 3880 quoque
849 3813 876 3866 id
889 3819 979 3868 tenere
988 3813 1109 3868 ridearis.

307 3881 420 3936 Sabinus
443 3885 533 3934 tamen
555 3881 647 3934 scribit
669 3895 729 3934 eum
753 3883 798 3950 qui
818 3883 940 3950 precario
965 3881 1067 3934 dederit
1085 3885 1112 3936 et

307 3949 1017 4096 sistetlliitttstshuttttuitii
1034 3949 1112 4084 tis

231 4087 232 4090 ’
308 4085 388 4138 alium
408 4083 506 4138 iniuste
528 4085 677 4154 possidere,
701 4083 768 4138 duos
785 4089 882 4138 rmuste
900 4085 940 4138 vel
959 4083 1025 4138 duos
1043 4085 1112 4138 inste

308 4169 362 4208 uon
384 4165 471 4222 posse.
506 4167 584 4220 quem
608 4153 699 4206 habeo
725 4151 908 4220 reprehendit,
936 4153 1062 4220 quoniam
1084 4153 1112 4206 in

308 4235 410 4276 summa
431 4219 607 4288 possessionis
623 4235 678 4274 nou
694 4219 805 4272 multum
821 4219 943 4284 interest,
967 4221 1037 4276 iuste
1053 4219 1112 4288 quis

309 4303 344 4342 an
368 4289 465 4344 iniuste
489 4287 636 4356 possideat:
664 4287 734 4356 qnod
759 4291 800 4344 est
824 4287 918 4344 verius.
954 4305 1008 4342 non
1030 4287 1113 4358 magis

309 4357 378 4412 enim
394 4355 486 4408 eadem
503 4357 635 4434 possessio
654 4357 726 4424 apud
748 4355 815 4410 duos
833 4369 891 4410 esse
908 4361 1010 4424 potest,
1034 4373 1114 4426 quam

236 4437 249 4458 ²
310 4431 339 4478 ut
355 4429 386 4478 tu
402 4429 474 4478 stare
490 4423 602 4480 mdearis
618 4423 647 4488 in
665 4439 694 4478 eo
713 4425 786 4490 loco,
808 4423 837 4478 in
854 4439 906 4492 quo
928 4439 976 4492 ego
994 4431 1048 4490 sto,
1072 4423 1113 4478 rel

246 4499 252 4510 ⁸
311 4499 325 4546 c
359 4491 447 4558 inquo
459 4505 509 4558 ego
519 4491 612 4558 sedeo,
629 4497 661 4544 ιι
673 4491 764 4546 sedere
776 4490 897 4546 ridearis.
923 4489 1114 4546 luamittenda

311 4573 414 4630 quoque
429 4559 596 4628 possessione
608 4559 713 4614 affectio
725 4559 782 4614 aius
797 4559 842 4628 qui
854 4557 972 4630 possidet
986 4559 1113 4614 intuenda

311 4633 361 4684 est:
385 4627 474 4696 itaque
491 4627 514 4680 si
530 4627 559 4680 ιι
575 4627 657 4698 fundo
676 4627 712 4682 sis
731 4633 756 4680 et
773 4633 863 4682 tamen
884 4627 952 4682 nolis
974 4645 1035 4682 eum
1051 4643 1113 4696 pos·

311 4695 408 4762 sidere,
431 4695 552 4762 protinus
570 4695 674 4750 amittes
695 4695 897 4764 possessionem.
932 4695 1012 4762 igitur
1029 4697 1114 4750 amitti

313 4769 339 4818 ct
361 4765 448 4816 animo
472 4763 529 4818 solo
552 4767 654 4832 potest,
695 4763 795 4818 uamris
818 4763 923 4832 adquiri
945 4779 999 4818 ιιι
1037 4769 1113 4818 ιιιιι.

314 4837 324 4882 t
362 4829 414 4886 Sed
440 4835 467 4884 et
492 4829 515 4886 ai
539 4831 626 4886 animo
652 4779 708 4886 scic
733 4831 883 4900 possideas,
911 4829 974 4886 licet
992 4781 1063 4896 ,aius
1086 4831 1114 4886 iu

314 4903 327 4952 8
361 4896 445 4954 tundo
461 4897 505 4964 sit,
522 4897 611 4952 adhue
626 4903 716 4952 tamen
731 4897 860 4968 possides.
891 4897 994 4966 Siquis
1012 4899 1115 4952 nrmtiet

314 4967 417 5020 domum
439 4981 456 5020 e
478 4965 625 5020 latronibus
649 4971 807 5034 occupatam
830 4971 856 5020 et
878 4965 998 5020 dominus
1021 4965 1115 5020 timore

314 5035 469 5088 conterritus
489 5033 605 5088 noluerit
620 5035 760 5098 accedere,
783 5033 915 5088 amississe
932 5049 993 5088 eum
1010 5049 1115 5102 posses-

313 5101 414 5156 sionem
430 5101 525 5170 placet.
552 5101 663 5170 quodsi
680 5117 770 5156 seruus
788 5101 830 5156 ιιι
848 5101 966 5164 ιιιιιιι,
983 5117 1033 5170 per
1049 5117 1116 5170 quos

314 5185 426 5238 corpore
437 5167 615 5236 possidebam,
631 5167 792 5224 decesserint
805 5167 1013 5234 discesserimus
1029 5169 1116 5224 auimo

314 5245 329 5290 9
363 5237 481 5290 retinebo
515 5235 717 5306 possessionem.
761 5237 799 5290 Et
827 5235 849 5290 si
876 5237 922 5290 alii
953 5235 1116 5302 tradiderim,

315 5305 406 5360 amitto
429 5305 630 5374 possessionem.
671 5319 732 5358 nam
759 5307 866 5360 constat
893 5303 1030 5374 possidere
1058 5321 1115 5372 nos,

1143 1057 1242 1108 rosque
1259 1041 1345 1094 ammo
1362 1041 1536 1108 possidemus,
1556 1041 1672 1108 quamvis
1691 1041 1770 1094 certis
1788 1043 1943 1108 temporibus

1148 1113 1175 1160 ii
1211 1123 1257 1162 eos
1277 1107 1465 1176 relinquamus.
1502 1107 1624 1162 Ceterum
1646 1111 1732 1162 animo
1756 1111 1863 1174 nostro,
1890 1123 1942 1162 cor·
1968 1129 1969 1134 ¹

1144 1189 1210 1242 pore
1226 1175 1306 1230 etiam
1324 1175 1408 1228 alieno
1426 1175 1605 1244 possidemus,
1623 1177 1692 1228 sicut
1708 1175 1822 1228 ιιιιιιιι
1839 1191 1887 1242 per
1904 1191 1941 1228 oo·

1144 1243 1235 1296 ionum
1252 1247 1279 1294 ιι
1296 1259 1407 1306 serrum,
1426 1257 1476 1300 nec
1493 1257 1600 1298 morere
1617 1259 1666 1298 nos
1680 1241 1766 1308 debet,
1785 1243 1855 1310 qood
1872 1259 1941 1310 quas·

1146 1309 1223 1364 duuml
1242 1311 1322 1364 etiam
1337 1309 1489 1378 ignorantes
1505 1309 1680 1378 possidemus,
1697 1311 1726 1364 id
1743 1315 1784 1366 est
1801 1325 1866 1378 qnos
1883 1315 1944 1366 serti

1145 1377 1314 1444 peculiariter
1331 1383 1505 1447 paraverunt:
1529 1393 1591 1432 nam
1612 1377 1731 1432 videmur
1747 1393 1794 1432 ιιι
1811 1377 1944 1436 eorundem

1151 1451 1178 1498 ιι
1215 1451 1242 1498 ιι
1258 1447 1345 1498 animo
1364 1451 1391 1498 et
1409 1459 1521 1512 corpore
1539 1445 1682 1512 possidere.
1718 1445 1806 1500 Nerva
1822 1445 1892 1498 filius
1909 1461 1944 1504 res

1147 1513 1257 1566 mobiles
1289 1519 1399 1580 excepto
1435 1513 1554 1578 homine,
1585 1517 1715 1582 quatenus
1747 1513 1797 1566 sub
1832 1513 1946 1570 custodia
1964 1541 1967 1546 ¹

1148 1587 1240 1634 nostra
1261 1579 1327 1644 sint,
1354 1583 1483 1634 hactenus
1501 1579 1645 1648 possideri,
1670 1579 1697 1632 id
1715 1585 1756 1636 est
1774 1585 1946 1660 quaternas

1147 1647 1270 1712 ιιιιιιιι,
1294 1647 1443 1702 naturalem
1465 1649 1660 1714 possessionem
1677 1647 1796 1702 nancisci
1812 1647 1946 1716 possimus.

1148 1729 1211 1768 nam
1226 1729 1308 1784 pecus
1330 1715 1409 1770 simul
1426 1715 1506 1782 atque
1523 1715 1685 1768 aberraverit
1702 1721 1749 1768 aut
1766 1729 1812 1768 vas
1829 1717 1866 1768 ita
1883 1717 1947 1770 exci-

1149 1783 1228 1848 derit,
1253 1789 1284 1836 ut
1306 1799 1359 1836 uon
1382 1783 1541 1846 inveniatur,
1568 1783 1689 1862 protinus
1707 1783 1826 1838 desinere
1845 1799 1860 1836 a
1877 1785 1947 1840 nubis

1148 1849 1286 1918 possideri,
1305 1851 1368 1906 licet
1385 1867 1401 1904 a
1418 1851 1491 1904 nullo
1508 1851 1689 1918 possideatur:
1708 1851 1867 1906 dissimiliter
1876 1857 1948 1920 atque

1149 1917 1172 1972 si
1195 1919 1245 1974 sub
1269 1919 1391 1972 custodia
1413 1933 1473 1972 mea
1490 1919 1525 1972 sit
1546 1933 1596 1972 nec
1613 1919 1775 1984 inveniatur,
1800 1921 1861 1986 ouria
1880 1935 1947 1986 prae-

1150 1987 1236 2038 sentia
1253 1987 1310 2038 eius
1335 1987 1371 2038 sit
1387 1991 1414 2040 et
1430 1991 1535 2040 tantum
1559 1993 1646 2038 cessat
1666 1985 1770 2040 iuterim
1789 1987 1899 2056 diligens
1914 1987 1948 2040 in·

1154 2059 1181 2106 rt
1217 2053 1332 2122 quisitio.
1367 2053 1434 2108 Item
1451 2053 1521 2108 feras
1540 2053 1647 2118 bestias,
1667 2069 1733 2122 quas
1751 2053 1855 2108 vivariis
1871 2053 1949 2108 inclu-

1152 2121 1279 2184 sarimus,
1298 2127 1326 2176 et
1341 2123 1444 2188 pisces,
1467 2137 1533 2188 quos
1551 2121 1578 2172 iu
1596 2121 1714 2188 piscinas
1733 2121 1916 2180 coiecerimus.
1937 2139 1950 2178 a
1975 2125 1976 2128 ’

1151 2187 1227 2242 nobis
1245 2189 1383 2256 possideri.
1419 2187 1466 2242 sed
1485 2203 1530 2242 eoa
1553 2189 1653 2258 pisces,
1676 2189 1766 2258 quiin
1784 2195 1876 2258 stagno
1895 2191 1949 2256 sint,

1151 2263 1199 2310 aut
1215 2257 1299 2320 ieras,
1324 2255 1443 2324 quaein
1467 2255 1539 2310 silvis
1571 2257 1752 2324 circumseptis
1775 2265 1951 2324 vegentano

1151 2325 1228 2380 nobis
1246 2339 1300 2378 non
1317 2323 1462 2392 possideri,
1490 2325 1614 2392 quoniam
1636 2323 1746 2380 relictae
1763 2325 1817 2380 siut
1835 2327 1862 2379 in
1879 2325 1950 2380 liber·

1151 2399 1207 2446 tate
1229 2393 1357 2446 naturali:
1382 2391 1500 2458 alioquin
1523 2393 1603 2446 etiam
1625 2393 1647 2446 si
1670 2393 1729 2460 quis
1748 2393 1839 2446 silvam
1857 2393 1950 2458 emerit,

1151 2461 1233 2516 uideri
1256 2475 1316 2514 eum
1340 2475 1430 2514 omnes
1446 2459 1518 2514 ieras
1535 2459 1684 2528 possidere,
1709 2459 1894 2528 quodfalsum
1911 2467 1951 2514 est.

1157 2533 1183 2582 ιι
1219 2529 1289 2582 Aves
1307 2533 1396 2582 autem
1412 2527 1587 2596 possidemus,
1605 2543 1671 2596 quas
1687 2527 1804 2582 inclusas
1821 2527 1952 2590 habemus,
1977 2549 1978 2554 ¹

1152 2599 1200 2650 aut
1228 2595 1251 2648 si
1281 2611 1350 2662 quae
1379 2599 1533 2650 mansuetae
1564 2593 1653 2650 factae
1685 2595 1821 2648 custodiae
1853 2601 1953 2650 nostrae

1155 2667 1185 2716 ιι
1220 2663 1356 2716 subiectae
1374 2669 1443 2716 sunt.
1479 2661 1593 2728 Quidam
1615 2667 1686 2716 reete
1710 2667 1805 2730 putant
1826 2663 1953 2718 columbas

1154 2743 1272 2798 quoque,
1290 2745 1359 2798 qnae
1376 2731 1410 2782 ab
1429 2731 1556 2796 aedificiis
1574 2731 1671 2784 nostris
1688 2731 1791 2794 volant,
1808 2729 1871 2784 item
1889 2745 1953 2800 apes,

1154 2811 1222 2864 quae
1246 2811 1279 2850 ιι
1297 2797 1378 2850 alveis
1395 2797 1494 2850 nostris
1512 2797 1618 2852 evolant
1642 2803 1669 2852 et
1686 2797 1832 2852 secuudum
1850 2813 1954 2852 consue·

1157 2869 1186 2918 li
1221 2863 1341 2920 tudinem
1361 2863 1488 2932 redeunt,
1512 2881 1528 2918 a
1551 2865 1628 2920 nobis
1652 2863 1790 2932 possideri.
1826 2865 1917 2918 Labeo
1934 2871 1955 2920 et

1154 2931 1243 2986 Nersa
1259 2931 1331 2986 filius
1343 2931 1538 3004 responderunt
1555 2933 1674 2988 desinere
1691 2947 1733 2986 me
1749 2933 1885 3002 possidere
1903 2949 1955 2986 eum

1160 3005 1188 3054 18
1223 3001 1328 3066 locum,
1351 3017 1429 3070 quem
1444 3001 1544 3056 flumen
1566 3007 1614 3056 aut
1630 3017 1703 3056 mare
1722 3001 1898 3070 occupaverit.
1933 3001 1956 3058 ιι

1156 3085 1212 3124 ιιι
1228 3069 1301 3136 apud
1318 3073 1344 3122 ιι
1362 3069 1509 3138 depositam
1526 3069 1590 3124 furti
1612 3069 1726 3124 faciendi
1743 3085 1825 3124 causa
1844 3075 1956 3124 contrec-

1156 3137 1266 3202 taveris,
1289 3137 1380 3192 desino
1397 3137 1543 3204 possidere.
1577 3137 1625 3190 sed
1642 3139 1665 3190 si
1685 3153 1744 3190 eam
1760 3139 1820 3192 loco
1837 3153 1890 3192 non
1907 3153 1956 3190 mo·

1156 3205 1224 3260 ueris
1249 3209 1277 3256 et
1298 3205 1430 3260 infitiandi
1446 3205 1563 3260 animum
1579 3205 1692 3270 babeas,
1711 3205 1830 3324 plerique
1847 3211 1957 3258 ueterum

1158 3277 1184 3328 et
1202 3271 1317 3326 Sabinus
1340 3277 1367 3326 et
1385 3273 1493 3328 Cassius
1515 3277 1588 3328 recte
1613 3289 1710 3340 respon
1728 3279 1806 3326 erunt
1829 3287 1957 3340 possesso·
1981 3331 1983 3346 ‚

1157 3355 1214 3394 rem
1229 3355 1272 3394 me
1285 3355 1400 3404 mouere,
1419 3341 1482 3408 quia
1499 3339 1599 3394 furtum
1617 3341 1673 3394 sine
1691 3339 1899 3394 contrectatione
1908 3339 1958 3394 fieri

1160 3411 1191 3460 19
1225 3423 1279 3462 non
1295 3413 1385 3476 potest
1405 3423 1455 3462 uec
1473 3409 1560 3462 animo
1583 3409 1683 3462 furtum
1700 3407 1863 3460 admittatur.
1898 3407 1959 3460 illud
1981 3435 1982 3450 2

1159 3491 1263 3544 quoque
1287 3491 1304 3528 a
1330 3475 1463 3530 veteribus
1493 3481 1665 3544 praeceptum
1693 3481 1735 3530 est
1760 3475 1890 3530 neminem
1916 3475 1978 3528 sibi

1160 3547 1192 3598 iu
1226 3543 1315 3610 ipsum
1339 3559 1449 3598 causam
1471 3541 1647 3610 possessionis
1671 3547 1773 3596 mutare
1790 3559 1877 3610 posse.
1913 3541 1959 3596 Sed

1160 3611 1182 3666 si
1199 3611 1237 3676 is,
1262 3613 1307 3680 qui
1329 3611 1401 3680 apud
1423 3625 1465 3664 me
1488 3611 1611 3678 deposuit
1633 3610 1675 3664 vel
1698 3609 1885 3674 commodavit,
1909 3625 1960 3664 eam

1159 3693 1216 3736 rem
1232 3679 1379 3734 vendiderit
1395 3679 1459 3732 mihi
1475 3679 1518 3734 vel
1535 3677 1683 3744 donaverit,
1707 3695 1761 3732 non
1778 3679 1887 3734 videbor
1904 3695 1959 3732 cau-

1160 3763 1218 3802 sam
1241 3747 1416 3816 possessionis
1443 3747 1508 3802 mihi
1528 3753 1645 3814 mutare,
1675 3745 1721 3814 qui
1743 3763 1777 3800 ιι
1799 3745 1960 3816 possidebam

1162 3819 1191 3868 21
1229 3815 1342 3884 quidem.
1376 3813 1480 3868 Genera
1496 3815 1695 3884 possessionum
1712 3819 1753 3868 tot
1770 3819 1841 3880 sunt,
1859 3819 1924 3882 quot
1940 3817 1962 3868 et

1162 3897 1260 3934 causae
1276 3883 1432 3952 adquirendi
1452 3883 1509 3936 eius
1532 3883 1602 3952 quod
1619 3887 1740 3936 nostrum
1757 3899 1810 3936 non
1828 3883 1874 3948 sit,
1897 3883 1962 3936 uelut

1161 3965 1210 4068 Ero
1225 3955 1356 4018 emptorez
1376 3965 1425 4018 pro
1443 3949 1556 4004 donato:
1574 3967 1623 4018 pro
1640 3951 1740 4018 legato:
1759 3967 1807 4018 pro
1826 3949 1901 4004 dote:
1919 3965 1961 4018 pro

1181 4017 1272 4072 erede:
1295 4021 1344 4086 pre
1373 4033 1459 4072 noxae
1486 4017 1587 4072 dedito:
1613 4033 1662 4084 pro
1686 4033 1750 4082 suc,
1776 4017 1847 4072 sicut
1868 4017 1896 4072 in
1918 4017 1962 4080 his,

1163 4099 1230 4152 quae
1255 4089 1329 4138 terra
1356 4085 1476 4154 marique
1502 4085 1543 4138 vel
1571 4099 1605 4138 ex
1633 4085 1755 4140 hostibus
1784 4087 1902 4154 capimus
1927 4083 1961 4138 ιιι

1163 4167 1230 4222 quae
1243 4153 1304 4220 ipsi,
1322 4157 1352 4206 ut
1369 4153 1397 4204 in
1413 4167 1500 4206 rerum
1517 4157 1614 4206 natura
1631 4159 1728 4216 essent,
1745 4153 1863 4208 fecimus.
1899 4159 1925 4208 et
1940 4153 1978 4204 ιι

1163 4235 1266 4276 summa
1286 4219 1368 4288 magis
1392 4237 1474 4272 unum
1501 4235 1584 4288 genus
1605 4225 1645 4274 est
1672 4219 1839 4288 possidendi,
1868 4219 1962 4288 species

1163 4291 1195 4342 22
1229 4287 1356 4342 infinitae.
1393 4289 1443 4342 Vel
1469 4289 1547 4342 etiam
1572 4291 1661 4356 potest
1689 4287 1768 4342 dividi
1793 4287 1975 4358 possessionis

1163 4371 1245 4426 genus
1268 4357 1296 4410 in
1314 4357 1380 4412 duas
1397 4357 1512 4426 species,
1535 4365 1566 4410 ut
1582 4357 1750 4424 possideatur
1767 4361 1814 4410 ιιι
1830 4357 1901 4412 bona
1918 4357 1964 4410 fide

1164 4429 1196 4476 23
1215 4428 1263 4478 ιιι
1279 4441 1332 4480 nou
1349 4425 1422 4478 bona
1437 4423 1497 4478 lide.
1535 4423 1611 4492 Quod
1628 4431 1716 4478 autem
1734 4423 1847 4492 Quintus
1863 4425 1964 4478 Mucius

1163 4491 1233 4546 inter
1256 4507 1354 4560 genera
1376 4491 1575 4560 possessionum
1598 4493 1700 4560 posuit,
1727 4491 1749 4544 si
1772 4491 1877 4558 quaudo
1896 4493 1973 4546 iussu

1164 4557 1333 4626 magistratus
1358 4559 1398 4612 rei
1421 4559 1566 4614 servandae
1595 4561 1695 4612 ιιιιι8
1723 4559 1901 4628 possidemus,
1929 4561 1964 4612 in·

1165 4627 1328 4696 aptissimum
1351 4634 1402 4682 est:
1430 4643 1491 4680 nam
1518 4627 1562 4696 qui
1586 4627 1742 4682 creditorem
1764 4627 1804 4682 rei
1826 4627 1965 4682 servandac

1166 4711 1248 4750 causa
1265 4695 1306 4750 uel
1324 4695 1386 4764 quia
1403 4693 1492 4750 damni
1508 4695 1602 4748 infecti
1619 4713 1671 4750 non
1689 4701 1827 4760 careatur,
1846 4695 1926 4750 mittit
1941 4695 1965 4748 iu

1164 4763 1359 4832 possessionem
1381 4765 1423 4818 rel
1445 4763 1544 4816 ιιιιιιι
1561 4765 1679 4828 nomine,
1697 4779 1751 4818 non
1768 4763 1965 4830 possessionem,

1165 4831 1214 4886 sed
1230 4831 1378 4886 custodiam
1400 4847 1488 4886 rerum
1511 4837 1537 4884 ιι
1555 4831 1763 4884 observationem
1782 4831 1918 4886 concedit:
1943 4833 1966 4884 et

1165 4897 1236 4962 ideo,
1262 4915 1323 4954 cum
1340 4897 1430 4952 damni
1451 4897 1542 4952 infecti
1560 4915 1614 4952 non
1632 4903 1741 4952 carente
1760 4897 1847 4952 ricino
1863 4897 1893 4952 in
1909 4915 1965 4966 pos-

1166 4965 1311 5020 sessionem
1333 4965 1407 5020 missi
1430 4981 1535 5030 sumus,
1565 4967 1586 5020 ιι
1611 4967 1638 5020 ιι
1667 4967 1745 5034 longo
1774 4971 1893 5036 tempore
1915 4965 1965 5028 fiat,

1166 5033 1245 5088 etiam
1266 5035 1402 5104 possidere
1425 5035 1503 5088 nobis
1526 5039 1553 5086 et
1579 5049 1628 5100 per
1649 5035 1755 5102 longam
1779 5035 1966 5102 possessionen

1166 5115 1263 5170 capere
1280 5107 1388 5170 praetor
1406 5117 1490 5156 causa
1507 5101 1613 5170 cognita
1633 5101 1769 5170 permittit.

1202 5167 1221 5224 4
1244 5169 1389 5224 Uarianos
1402 5171 1470 5224 libro
1484 5171 1673 5240 sexagensimo
1681 5171 1794 5240 saptiam
1809 5169 1846 5224 ιι
1858 5169 1967 5224 edictum

1167 5235 1302 5306 Quidquid
1323 5235 1393 5292 filius
1421 5237 1551 5306 peculiari
1573 5237 1678 5290 nomine
1700 5237 1917 5306 adprehenderit,
1943 5233 1967 5290 id

1167 5305 1258 5358 statim
1283 5309 1360 5372 pater
1383 5305 1440 5358 eius
1462 5303 1594 5374 possidet,
1622 5305 1739 5372 quamvis
1761 5305 1769 5356 i
1805 5311 1863 5360 oret
1879 5305 1907 5360 in
1924 5317 1968 5360 sua

315 5371 398 5426 donec
416 5377 463 5426 aut
479 5377 571 5426 nostra
587 5371 723 5428 voluntate
745 5371 943 5428 discesserimus
964 5377 1012 5424 aut
1028 5373 1053 5426 ιι
1071 5371 1115 5426 de·
1142 5393 1144 5432 ι
1167 5379 1300 5440 potestate
1329 5371 1429 5428 filium.
1467 5371 1579 5494 amplius
1610 5373 1687 5426 etiam
1715 5373 1739 5428 si
1796 5375 1835 5426 'us
1862 5375 1897 5428 ab
1921 5369 1967 5426 alic

319 5443 346 5492 ιι
380 5439 443 5494 ιιιιι
467 5439 602 5494 fuerimus.
647 5437 677 5494 Si
702 5455 806 5504 sersus,
837 5455 915 5506 quem
939 5437 1115 5506 possidebam,
1142 5437 1144 5466 ¹

314 5521 363 5626 fluo
379 5507 463 5560 libero
481 5523 510 5562 se
526 5513 608 5576 gerat,
626 5511 657 5560 ut
673 5505 737 5560 iecit
752 5507 924 5576 Spartacum,
945 5509 974 5560 et
990 5507 1116 5562 iudicium

1167 5447 1303 5510 tamquam
1326 5455 1416 5494 sersus
1435 5441 1508 5510 possi
1527 5447 1614 5508 eatur,
1637 5441 1706 5494 idem
1725 5443 1774 5494 erit
1797 5441 1967 5510 probandum.

1202 5507 1358 5566 ephorus
1384 5509 1452 5564 libro
1474 5507 1663 5578 serapemimc
1692 5511 1769 5562 tertio
1799 5509 1836 5562 ari
1859 5511 1968 5564 edictum

325 5573 423 5628 'hercle
445 5575 502 5642 pati
526 5581 636 5644 paratus
664 5573 711 5638 sit,
740 5591 793 5630 uon
814 5575 980 5630 ridebitura
1011 5575 1115 5630 domiuo
1141 5601 1144 5648 q
1168 5575 1197 5630 Si
1214 5591 1246 5630 ex
1265 5575 1435 5644 stipulatione
1457 5575 1507 5631 tibi
1524 5575 1644 5632 Stichum
1665 5575 1776 5632 debeam
1798 5581 1824 5630 et
1848 5581 1967 5630 nonha-

725 5689 780 5698 η...-
794 5691 971 5698 mma-

317 5755 345 5812 ii)
362 5743 467 5796 suilli
506 5747 539 5808 (i)
557 5745 719 5810 indequeaer.
770 5747 802 5808 (a)
821 5741 962 5796 clodulfi
1010 5749 1041 5804 tlt
1059 5743 1116 5808 plu·

317 5815 386 5866 ribus
398 5833 444 5866 scr.
512 5815 545 5876 (ι)
563 5815 588 5862 ιι
602 5829 658 5864 aum
673 5811 718 5874 qui
731 5811 870 5876 usucaperit
884 5815 917 5876 ot]
935 5825 988 5862 eum
1001 5811 1045 5876 qui
1058 5827 1116 5862 usu·

318 5885 414 5948 caperet
422 5899 464 5932 scr.
536 5881 568 5938 lc)
586 5883 615 5930 ut
623 5881 681 5930 fecit
690 5881 821 5948 spartace
832 5881 876 5932 olei.
942 5881 975 5942 (l)
993 5881 1119 5932 resinat&

1670 5691 1936 5698 ·-.-..,-,.-ι--..-..,.,-.....-«...,-.-,-ι-ιι
1940 5689 1945 5694 Ἰι
1958 5685 1966 5692 =¹

1167 5747 1209 5866 (pl
1224 5743 1341 5866 ιΡιιυιιιιι
1357 5743 1442 5794 damni
1458 5745 1545 5796 inlecti
1568 5761 1617 5794 uon
1639 5749 1755 5796 careatur
1776 5745 1843 5796 mitti
1864 5747 1908 5796 ius.
1929 5745 1969 5796 Fi.

1186 5833 1199 5866 a
1210 5853 1215 5864 .
