4366 6258
272 359 367 424 XVi
547 395 585 424 -,
1062 343 1122 420 tili
1148 295 1166 340 ι’
1665 365 1667 368 ·
1845 425 1847 430 ,
1879 367 1924 414 ιι

272 545 286 596 ι
320 553 370 596 nus
388 537 422 592 ob
439 553 494 592 rem
510 535 664 606 subreptam
680 535 806 616 consequi
822 535 930 606 possim.
965 535 994 592 si
1010 547 1071 592 aare
1124 541 1135 586 ι
1171 527 1254 588 Plane
1277 533 1301 586 si
1324 547 1468 588 conservus
1491 531 1566 588 dedit
1587 533 1712 588 damnum
1729 535 1770 590 vel
1787 531 1924 600 subripuit,

272 609 356 664 abeno
366 605 495 660 dominico
506 603 675 658 exhauriatur
689 603 822 674 pecubum
836 607 912 674 servi,
924 621 968 662 res
982 609 1070 658 ιιιιιι
1120 601 1148 656 in
1184 601 1297 656 mulium
1313 599 1418 656 videtum
1433 601 1542 666 baberi,
1565 605 1593 656 et
1613 601 1652 656 ita
1674 601 1837 672 Pomponius
1859 601 1924 656 libro

271 675 299 730 in
316 687 397 730 causa
438 671 563 726 eculiaria
584 679 705 726 manent:
728 687 791 724 nam
813 673 837 726 si
859 681 906 728 aut
925 687 1000 730 servo
1024 671 1071 728 do·
1121 619 1259 724 undecimo
1277 669 1383 724 scribit:
1400 685 1464 724 uam
1481 675 1508 724 ιι
1524 669 1547 724 ιι
1564 669 1627 738 quid
1644 667 1766 724 dominus
1784 671 1818 724 ab
1838 685 1867 722 eo
1881 673 1926 738 qui

271 745 362 796 nasset
383 689 499 792 deditum
521 739 641 794 dominus
663 745 711 794 aut
732 739 838 794 nomine
855 745 922 796 servi
939 739 1007 796 alius
1025 739 1071 794 do·
1121 751 1177 790 rem
1188 737 1354 816 peculiarem
1371 735 1503 804 subripuit
1518 737 1559 790 vel
1577 741 1736 792 consecutus
1753 743 1794 792 est
1808 737 1849 790 vel
1863 751 1924 790 con-

272 809 340 862 mino
371 805 515 870 iutubsset,
545 805 678 874 peculium
701 807 840 874 suppletur
865 823 914 862 nec
938 811 980 862 ιιι
1002 823 1072 862 nora
1121 819 1197 874 seqm
1216 809 1320 884 potest,
1342 803 1371 856 iu
1392 805 1524 872 peculium
1541 817 1599 858 esse
1616 803 1925 874 et⁷impurandum1te

272 877 287 926 6
321 872 489 928 concessione
512 871 609 926 domiui
632 887 707 940 opus.
741 873 804 930 Non
824 877 910 930 solum
931 875 960 930 id
980 873 1009 926 in
1025 889 1071 942 pe·
1122 875 1137 924 ι
1171 875 1256 926 ratrus
1276 871 1344 924 libro
1368 871 1484 926 secundo
1502 885 1689 940 responsorum
1706 871 1807 926 scribit.
1842 871 1926 924 Pecu-

272 941 339 994 oulio
356 937 513 994 vicariorum
529 939 681 1010 ponendum
698 947 752 1008 est,
776 943 851 998 cuius
868 943 906 996 rei
923 959 939 996 a
956 941 1071 1010 domiuo,
1121 937 1185 992 ιιιιι
1208 943 1296 994 autam
1319 937 1433 994 deducto
1457 937 1528 1006 quod
1550 939 1655 994 domiuo
1680 937 1791 994 debemur
1818 955 1926 1006 compu-

271 1007 318 1062 sed
335 1007 456 1060 etiamid
473 1009 547 1062 cuius
564 1009 599 1062 ab
617 1009 666 1062 eo¹
684 1009 759 1066 cuius
773 1011 801 1066 ιιι
815 1011 918 1080 peculio
933 1009 987 1064 sint
1000 1025 1071 1064 seor·
1121 1005 1232 1062 ιιιιιιιι
1249 1021 1314 1072 ιιιι,
1333 1005 1395 1076 quia
1410 1007 1578 1074 praevenisse
1595 1005 1716 1060 dominus
1733 1011 1760 1060 ιι
1778 1021 1839 1060 cum
1852 1021 1924 1062 servo

272 1089 329 1128 sum
345 1075 474 1130 rationem
491 1075 614 1132 babeant.
1122 1079 1138 1128 3
1173 1091 1221 1130 suo
1245 1075 1329 1154 egisse
1351 1073 1473 1128 creditur.
1507 1073 1576 1128 Huic
1595 1073 1740 1128 definitioni
1757 1073 1863 1130 Servius
1880 1075 1924 1126 ad-

305 1141 324 1200 5
347 1141 489 1198 liberares
504 1143 571 1198 libro
588 1145 728 1202 vicessima
745 1163 817 1200 nouo
831 1143 868 1198 ud
881 1143 994 1198 edictam
1019 1143 1071 1198 De-
1121 1141 1184 1196 iecit
1206 1147 1233 1196 et
1253 1157 1277 1196 ιι
1299 1141 1362 1222 quid
1383 1141 1425 1196 bis
1448 1141 1578 1196 debeatur
1599 1141 1645 1210 qui
1668 1147 1731 1196 sunt
1748 1141 1776 1194 iu
1794 1143 1851 1196 eius
1868 1149 1925 1210 pot-

270 1209 350 1280 positi
366 1213 471 1266 nomine
486 1217 563 1280 pater
579 1212 620 1266 vel
637 1213 757 1270 dominus
772 1213 909 1268 dumtaxat
923 1211 954 1266 ιι
968 1213 1072 1280 peculio
1123 1215 1215 1276 estate,
1233 1225 1358 1278 quomam
1370 1209 1422 1264 boc
1437 1225 1543 1288 quoquc
1557 1209 1662 1264 domiuo
1677 1207 1767 1264 deberi
1780 1225 1856 1264 nemo
1872 1225 1926 1264 anr-

272 1279 462 1334 ouuveuiuutur
476 1285 501 1332 et
515 1279 538 1334 si
553 1279 688 1360 quiddolo
704 1281 773 1336 malo
788 1297 879 1336 eorum
894 1285 987 1348 captus
1004 1297 1071 1334 sum.
1122 1283 1139 1330 4
1172 1277 1245 1356 bigit.
1280 1279 1422 1332 Praeterea
1446 1275 1476 1332 ιι
1501 1277 1764 1356 etiam'dcduoetur,
1791 1275 1862 1346 quod
1886 1277 1927 1334 bis

273 1351 284 1400 ι
321 1345 373 1400 Sed
390 1351 417 1402 et
434 1345 456 1400 si
471 1363 591 1416 procurro
608 1363 650 1402 res
667 1347 849 1406 filiofamilias
864 1347 993 1402 velservo
1010 1347 1074 1402 data
1122 1359 1242 1414 personis
1265 1345 1388 1410 debetur,
1430 1361 1481 1400 uae
1503 1351 1567 1400 sunt
1588 1363 1617 1398 m
1638 1345 1723 1398 tutela
1739 1345 1781 1398 vel
1799 1359 1863 1398 cura
1880 1345 1926 1398 do-

271 1415 314 1480 sit,
333 1413 469 1468 dumtaxat
486 1413 519 1468 de
535 1417 638 1496 peculio
655 1423 732 1486 pater
749 1415 902 1468 dominosve
915 1414 1071 1482 obligantur.
1121 1411 1187 1466 mini
1209 1411 1250 1466 vel
1271 1413 1397 1482 patrisv
1447 1429 1559 1482 quemn
1583 1411 1690 1482 negotia
1715 1411 1926 1480 administranti,

271 1487 286 1534 ι
321 1479 349 1534 Si
370 1483 440 1536 filius
461 1481 575 1538 famibas
598 1483 782 1538 iusiurandum
805 1481 928 1536 detulerit
952 1489 979 1536 et
1000 1483 1071 1536 iura-
1122 1479 1262 1534 dummodo
1280 1479 1339 1534 dolo
1358 1485 1475 1546 careant,
1494 1481 1617 1550 quoniam
1635 1483 1662 1534 et
1679 1479 1702 1534 si
1715 1495 1765 1546 per
1779 1479 1869 1534 dolum
1882 1495 1926 1546 pe-

270 1555 327 1604 tum
344 1549 392 1618 sit,
410 1549 444 1604 de
460 1551 564 1618 peculio
582 1551 669 1606 danda
686 1555 727 1604 ιιι
743 1549 828 1614 actio,
853 1549 928 1618 quasi
941 1555 1073 1604 ‘conuac-
1123 1547 1220 1600 culium
1237 1547 1277 1602 rel
1294 1547 1440 1602 ademerint
1456 1549 1498 1602 vel
1514 1549 1686 1612 minuerint⁹,
1704 1551 1842 1600 tenentur:
1867 1561 1928 1602 nam

271 1621 286 1672 3
320 1621 376 1672 tum
401 1619 448 1672 sits
476 1619 522 1674 sed
546 1621 575 1674 iu
600 1633 674 1674 servo
701 1617 833 1672 diversum
856 1621 903 1672 est.
938 1619 1074 1672 Peculium
1123 1615 1147 1668 ιι
1163 1629 1266 1694 semper
1282 1615 1436 1684 praevenire
1453 1615 1573 1672 dominus
1591 1621 1618 1672 et
1640 1631 1719 1684 agere
1739 1613 1857 1680 videtur,
1881 1631 1929 1670 cur

272 1685 371 1742 dictum
389 1687 651 1756 est²quasipusi11a
672 1685 786 1754 pecunia
809 1687 864 1738 sive
886 1685 1074 1754 patrimonium
1123 1699 1177 1738 uon
1202 1681 1307 1736 deutur
1332 1683 1410 1738 etiam
1434 1683 1486 1738 boc
1511 1685 1617 1738 nomine
1640 1699 1700 1738 eum
1723 1699 1814 1738 secum
1838 1681 1928 1752 egisse,

270 1759 287 1810 t
320 1755 449 1822 pusillum.
491 1755 626 1808 Pectdium
658 1757 747 1806 autem
773 1753 879 1806 Tubero
906 1753 1010 1822 quidem
1035 1755 1074 1808 sic
1124 1765 1175 1818 quo
1192 1749 1297 1804 nomine
1314 1751 1355 1804 sel
1370 1751 1470 1804 tutelae
1487 1753 1529 1804 sel
1545 1753 1709 1818 negotiorum
1731 1755 1866 1820 gestorum
1889 1753 1929 1806 vel

272 1819 368 1888 definit,
386 1829 417 1878 ut
434 1823 524 1878 (ιιιιιι
541 1823 608 1876 libro
625 1825 699 1874 sexto
719 1819 879 1888 digestorum
896 1819 984 1888 refert,
1003 1821 1074 1890 quod
1123 1819 1181 1870 utili
1198 1819 1302 1872 actione
1318 1817 1468 1872 tenebitur?
1494 1833 1556 1872 uam
1572 1825 1603 1872 ut
1619 1819 1644 1872 el
1676 1825 1752 1874 anter
1766 1819 1864 1872 Pedius
1883 1819 1928 1884 ait,

271 1905 360 1946 servus
383 1891 480 1946 domini
500 1889 630 1958 permissu
653 1893 804 1954 separatum
828 1905 845 1942 a
862 1889 1009 1942 rationibus
1026 1889 1073 1942 do·
1122 1885 1182 1940 ideo
1199 1885 1251 1938 boc
1268 1885 1355 1940 minus
1371 1885 1399 1938 in
1411 1885 1515 1954 peculio
1531 1891 1579 1950 est,
1598 1903 1649 1954 quo
1683 1885 1789 1942 domino
1804 1887 1846 1940 vel
1859 1889 1929 1954 patri

270 1957 372 2014 miricis
389 1959 484 2020 babet,
503 1957 615 2010 deducto
631 1955 693 2024 iude
710 1955 734 2008 si
750 1955 813 2026 quid
831 1957 936 2010 domino
954 1955 1071 2010 debetur.
1124 1953 1243 2018 debetur,
1262 1953 1388 2022 quoniam
1400 1969 1454 2008 uon
1469 1957 1510 2008 est
1522 1953 1661 2008 verisimile
1675 1955 1810 2008 domiuum
1823 1953 1852 2008 id
1865 1969 1928 2008 oon-

305 2023 323 2084 6
344 2027 449 2082 Cursus
464 2025 530 2080 libro
548 2029 625 2080 reato
639 2023 804 2094 clipeatorum
838 2023 963 2080 Definitio
978 2023 1074 2092 peculii
1124 2021 1217 2076 cedere
1234 2035 1309 2074 servo
1325 2021 1354 2074 in
1371 2021 1505 2092 pecudum
1521 2023 1634 2086 babere,
1653 2023 1725 2092 quod
1742 2023 1793 2076 sibi
1810 2021 1927 2078 debetur.

271 2111 348 2164 quam
365 2095 471 2148 Tubero
489 2091 620 2160 exposuit,
637 2097 669 2146 ut
683 2091 777 2146 Labeo
795 2093 847 2158 ait,
865 2093 900 2146 ad
916 2093 1074 2146 vicariorum
1124 2105 1188 2144 sane
1210 2107 1271 2144 oum
1292 2103 1326 2144 ex
1349 2089 1443 2144 ceteris
1467 2089 1554 2144 causis
1570 2089 1659 2158 ipsum
1676 2105 1692 2144 a
1709 2095 1793 2146 semet
1808 2091 1866 2158 ipso
1885 2107 1929 2146 ex·

270 2161 373 2230 peculia
389 2177 444 2216 non
460 2161 587 2230 pertinet,
605 2159 675 2230 quod
692 2159 790 2214 falsum
808 2167 941 2232 estruem
958 2177 989 2214 eo
1006 2161 1073 2242 ipso,
1105 2207 1108 2214 .
1125 2159 1209 2238 egisse
1221 2157 1336 2238 'dicimus'
1354 2157 1398 2228 qui
1415 2157 1521 2238 negotia
1536 2157 1577 2212 vel
1590 2159 1701 2238 tutelam
1733 2163 1804 2238 eret,
1815 2175 1863 2212 cur
1876 2175 1929 2238 nou

271 2227 341 2298 quod
357 2229 477 2284 dominus
495 2245 568 2284 servo
587 2227 719 2298 peculium
737 2229 889 2296 constituit,
908 2229 986 2284 etiam
1003 2245 1073 2284 uca—
1124 2233 1203 2280 etram
1219 2243 1248 2280 ιι
1265 2239 1354 2296 spcore
1370 2227 1498 2306 pecubarr
1513 2231 1634 2294 erogent,
1652 2175 1806 2296 quodgexrgr
1821 2225 1929 2280 debuit?

270 2299 309 2350 ric
327 2299 495 2352 constituisse
512 2295 702 2350 existimandus
719 2301 768 2350 est.
1124 2293 1317 2350 defendendum
1326 2295 1347 2328 1⁰
1370 2293 1450 2364 igitur
1476 2295 1527 2348 erit
1552 2293 1627 2362 quasi
1653 2293 1704 2348 sibi
1729 2311 1789 2348 eum
1820 2295 1928 2360 solvere,

305 2361 561 2422 idrrrrrusltbro
575 2365 965 2422 vmcusimoaouoodedistam
989 2363 1074 2432 Quam
1124 2367 1139 2416 5
1175 2379 1235 2418 cum
1253 2361 1311 2432 quis
1326 2377 1404 2430 agere
1418 2361 1450 2416 dc
1463 2361 1567 2430 peculio
1583 2361 1731 2416 conabitur.
1766 2361 1820 2416 Sed
1833 2369 1859 2416 et
1873 2377 1928 2416 cre-

273 2437 284 2488 ι
320 2431 466 2488 Tuberonis
491 2433 648 2488 sententiam
671 2437 697 2486 ιι
712 2431 771 2502 ipse
789 2431 880 2488 Celsus
898 2433 1002 2502 probat.
1036 2431 1075 2486 Et
1125 2431 1194 2488 ditor
1216 2431 1299 2498 servi,
1323 2431 1369 2500 qui
1390 2431 1467 2486 lieres
1486 2431 1587 2484 exstitit
1604 2429 1710 2484 domino
1728 2431 1800 2496 ιιιι,
1824 2429 1930 2486 deducit

270 2503 350 2556 adicit
371 2501 501 2572 pupillum
522 2503 564 2556 vel
580 2501 709 2556 furiosum
727 2501 888 2556 constituere
907 2501 1011 2572 quidem
1027 2515 1073 2572 pe·
1125 2499 1158 2554 de
1174 2497 1277 2568 peculio
1301 2497 1372 2568 quod
1394 2497 1445 2554 sibi
1467 2497 1591 2564 debetur,
1618 2497 1641 2554 si
1665 2497 1851 2566 conveniatur,
1877 2499 1929 2554 sive

270 2571 366 2626 cubum
383 2585 457 2624 servo
475 2585 529 2624 uon
545 2585 637 2638 posse:
656 2583 746 2624 verum
763 2575 826 2624 ante
844 2569 1029 2634 ιοιιιιιιιιιιιι,
1046 2569 1074 2624 ιι
1123 2567 1273 2622 bbertatcm
1289 2583 1380 2624 servus
1398 2569 1533 2636 acceperit
1550 2567 1603 2622 'sive
1619 2583 1687 2632 nou,
1711 2567 1835 2638 idemque
1858 2573 1885 2624 et
1907 2569 1930 2624 si

270 2643 311 2692 est
327 2641 389 2692 aute
404 2635 578 2692 fuuoremvel
601 2641 716 2704 epatre
737 2637 845 2706 pupilli,
868 2653 922 2692 non
946 2637 1075 2692 adimetur
1123 2635 1226 2704 legatus
1250 2635 1286 2692 sit
1307 2651 1374 2704 pure
1400 2651 1503 2690 servus:
1532 2651 1593 2688 nam
1616 2635 1695 2704 quasi
1716 2635 1882 2704 praevenerit
1905 2641 1930 2690 et

271 2721 303 2760 ex
325 2705 368 2758 bis
392 2705 486 2758 causis.
513 2719 582 2774 quae
599 2705 730 2758 sententia
752 2719 816 2760 vera
839 2709 880 2758 ιιι
903 2711 929 2758 ιι
953 2705 1074 2772 congrunt
1123 2703 1182 2772 ipse
1206 2719 1296 2758 secum
1322 2703 1417 2772 egerit,
1443 2703 1484 2758 sio
1508 2703 1622 2758 deducet
1648 2703 1719 2772 quod
1741 2703 1793 2759 sibi
1811 2703 1929 2770 debetur,

271 2789 330 2828 cum
344 2789 383 2838 ιο,
401 2773 472 2842 quod
485 2771 629 2838 Marcellus
647 2773 719 2842 apud
732 2771 864 2826 Iulianum
880 2779 976 2828 notans
993 2773 1075 2828 adicit
1123 2771 1187 2824 licet
1208 2771 1280 2826 nullo
1298 2775 1430 2826 momento
1449 2771 1593 2826 dominium
1609 2771 1638 2824 in
1655 2773 1816 2826 manumisso
1835 2773 1876 2826 ιιι
1892 2773 1929 2826 ιι-

271 2845 356 2908 ‘posse
372 2841 438 2906 fieri,
455 2846 486 2894 ιι
501 2839 573 2908 apud
592 2839 720 2896 ιιιιιιιι3
737 2857 770 2896 ex
788 2839 900 2896 dominis
918 2855 1008 2920 servus
1045 2853 1072 2894 e·
1123 2845 1185 2920 gato
1197 2853 1274 2920 'pure
1295 2839 1425 2918 babuerit.
1451 2845 1479 2896 et
1494 2839 1668 2920 ita'Iuliauus
1685 2839 1751 2920 libro
1775 2839 1929 2894 duodecimo

270 2911 376 2964 ‘cubum
392 2909 503 2972 lrabeat,
525 2909 597 2976 apud
614 2909 726 2962 alterum
743 2925 812 2974 non,
836 2915 867 2964 ut
884 2913 949 2978 puta
967 2925 989 2964 ιι
1033 2913 1074 2962 ιιι
1124 2909 1224 2962 scribit.
1251 2913 1323 2962 certe
1340 2923 1362 2962 ιι
1379 2907 1428 2962 ιιι
1444 2907 1600 2962 ιοιιιιιοιι
1613 2923 1704 2962 servus
1720 2907 1870 2962 bbertatenr
1886 2923 1929 2962 ac-

270 2981 312 3030 ‘ex
328 2977 439 3032 dominis
456 2977 573 3032 ιιιιιιιι
590 2977 625 3032 ιιι
641 2977 683 3032 ιιι
699 2977 831 3046 pupillus,
854 2977 878 3032 si
902 2981 941 3042 (ut
958 2977 1072 3046 quidam,
1124 2977 1232 3046 ceperit,
1250 2975 1338 3030 minus
1355 2975 1507 3030 dubitanter
1515 2977 1536 3010 ²¹
1553 2975 1672 3030 lulianus
1686 2977 1778 3030 eodem
1791 2977 1851 3032 loco
1865 2977 1929 3030 scri-

270 3045 376 3114 ‘imquit,
398 3049 502 3112 putant)
525 3043 657 3114 peculium
680 3061 771 3100 servus
794 3043 894 3100 habere
915 3061 969 3100 uon
986 3049 1074 3116 potest
1123 3043 1162 3098 bit
1178 3043 1301 3100 heredem
1319 3043 1461 3100 deducere:
1487 3043 1607 3100 dominus
1630 3043 1700 3100 enim
1716 3043 1804 3100 laotos
1823 3049 1870 3100 est.
1898 3043 1932 3098 ad

270 3113 329 3168 ‘nisi
350 3113 512 3170 concedente
529 3115 642 3168 domino.
670 3129 717 3184 ego
741 3121 831 3170 autern
852 3119 916 3184 puto
938 3129 993 3168 non
1017 3127 1074 3170 ease
1124 3112 1305 3168 defensionem
1322 3113 1469 3168 sententiae
1487 3129 1551 3168 suae
1566 3113 1685 3168 Iulianus
1703 3115 1783 3170 etiarn
1799 3113 1866 3166 illud
1884 3113 1929 3166 ad-

270 3187 345 3252 ‘opus
371 3181 482 3238 concedi
506 3181 638 3250 pecudium
664 3199 681 3238 a
707 3183 812 3238 domiuo
839 3199 943 3238 servum
965 3181 1073 3248 babere,
1123 3181 1184 3248 fert,
1202 3181 1280 3250 quod,
1298 3181 1322 3236 si
1339 3181 1371 3244 ιι,
1387 3181 1433 3252 qui
1446 3187 1512 3262 post
1529 3187 1639 3238 mortem
1656 3181 1724 3236 serui
1738 3183 1781 3236 sel
1798 3181 1845 3236 filii
1861 3181 1932 3236 iutra

270 3249 325 3304 ‘sed
345 3265 399 3304 non
423 3249 514 3314 adimi,
540 3255 571 3306 ut
593 3251 708 3306 habeat'.
736 3253 789 3306 alia
812 3265 894 3304 causa
917 3255 957 3304 est
979 3251 1074 3320 pectdii
1124 3265 1222 3306 annum
1238 3249 1327 3320 potuit
1344 3249 1479 3304 conventri
1500 3251 1533 3304 de
1555 3249 1674 3320 peculio,
1697 3249 1774 3304 heres
1799 3251 1930 3316 exstitero,

268 3319 367 3372 liberae
388 3317 636 3374 administrationis:
660 3335 723 3374 nam
745 3319 812 3374 haec
836 3319 985 3388 specialiter
1010 3335 1073 3372 con·
1124 3321 1145 3374 a
1173 3319 1268 3386 proevd
1290 3317 1371 3372 dubio
1395 3318 1526 3374 deducam
1549 3319 1620 3388 quod
1636 3319 1699 3372 mibi
1716 3318 1836 3372 debetur.
1872 3317 1932 3372 Sive

269 3391 285 3440 ι
320 3385 438 3440 cedenda
464 3391 512 3442 est.
548 3385 621 3442 Scire
647 3393 736 3442 autem
761 3403 815 3442 non
840 3385 932 3454 utique
958 3385 1074 3454 singvdas
1124 3391 1213 3440 autem
1235 3401 1268 3440 err
1292 3391 1431 3442 ιοιιιιιιι
1449 3385 1514 3454 quid
1531 3385 1636 3442 domino
1655 3385 1750 3442 debeat
1766 3387 1821 3442 sive
1839 3403 1871 3442 ex
1888 3403 1931 3440 ra·

269 3469 310 3508 res
328 3451 418 3514 debet,
436 3453 483 3508 sed
499 3457 752 3526 παχυμερέστιρονι,
776 3461 803 3508 ιι
824 3455 853 3508 ιι
875 3455 945 3508 banc
968 3461 1074 3508 ιιιιιι-
1123 3455 1226 3508 donum
1248 3453 1371 3524 reliquis,
1394 3453 1509 3510 deducet
1531 3455 1661 3508 dominus.
1688 3455 1735 3508 sed
1752 3455 1820 3508 etsi
1837 3469 1869 3508 ex
1887 3455 1930 3508 de·

270 3525 284 3576 3
318 3521 382 3574 tiam
404 3519 565 3592 Pomponius
595 3523 711 3578 inclinet.
746 3523 881 3592 Pupillum
908 3527 997 3578 autem
1019 3529 1074 3576 tam
1123 3521 1186 3576 licto
1205 3523 1229 3578 ci
1247 3523 1350 3586 debeat,
1368 3527 1482 3592 utputa
1499 3523 1533 3578 ob
1551 3523 1653 3578 furtum
1670 3521 1830 3592 quodfecit,
1849 3539 1932 3592 aeque

269 3589 350 3670 tilium
373 3605 451 3670 quam
474 3607 578 3670 seqvum
600 3593 732 3670 pecudium
755 3591 855 3670 babere
876 3607 955 3670 posse
976 3589 1074 3646 Pedius
1124 3589 1277 3670 deducetur.
1304 3589 1353 3670 ιιιΙ
1361 3597 1402 3646 ιιι
1411 3589 1581 3712 quaestionis,
1596 3597 1686 3646 utrum
1698 3591 1758 3662 ipsa
1772 3589 1839 3646 furti
1853 3591 1929 3646 aesti-

269 3659 335 3712 hbro
353 3661 444 3726 qsunto
462 3659 561 3712 decimo
581 3661 686 3726 scribit,
711 3675 771 3714 oum
787 3677 816 3712 111
832 3659 898 3724 hoc,
915 3661 1015 3728 iuquit,
1031 3665 1073 3714 to-
1124 3663 1219 3724 matro,
1242 3659 1271 3712 ιι
1288 3665 1329 3714 ιιι
1344 3659 1372 3712 ιι
1390 3675 1419 3714 so
1430 3675 1476 3714 um
1493 3659 1563 3728 quod
1581 3659 1686 3714 domiuo
1705 3661 1794 3726 abest,
1818 3675 1853 3714 an
1869 3675 1929 3714 vero

269 3733 324 3780 turn
347 3739 379 3778 ex
396 3725 494 3780 domiui
511 3727 700 3782 constitutione
717 3727 840 3796 pendeat.
868 3743 927 3796 ergo
947 3733 974 3780 et
991 3727 1014 3782 si
1030 3727 1073 3780 fu·
1123 3731 1236 3792 tantum,
1254 3733 1397 3796 quantum,
1421 3727 1443 3780 si
1460 3727 1561 3782 alienus
1580 3743 1671 3782 sersus
1695 3727 1881 3792 commisisset,
1904 3727 1931 3780 ιι

268 3809 326 3850 rere
343 3793 459 3864 coeperit
476 3811 567 3850 servus
585 3793 627 3848 vel
650 3795 735 3860 lilius,
758 3795 911 3850 retinebunt
932 3795 1072 3864 peculium.
1125 3801 1165 3850 est
1191 3811 1251 3850 cum
1274 3793 1341 3850 furti
1364 3795 1478 3864 poenis?
1509 3795 1557 3850 sed
1585 3795 1659 3864 prior
1687 3797 1818 3850 sententia
1847 3795 1931 3852 verior

218 3883 220 3886 ·
269 3867 285 3916 4
318 3861 350 3916 In
366 3861 470 3930 peculio
489 3867 576 3916 autem
593 3879 636 3918 res
655 3879 712 3918 esse
729 3869 843 3932 possunt
860 3879 950 3918 omues
968 3869 996 3918 et
1018 3879 1073 3918 mo·
1125 3867 1139 3916 ι
1176 3869 1228 3928 ιιι,
1253 3867 1284 3916 ιι
1304 3863 1365 3932 ipsa
1386 3863 1452 3916 tirrti
1469 3865 1618 3918 aestimatio
1636 3865 1695 3918 sola
1712 3865 1867 3920 deducatur.
1904 3863 1932 3918 Si

268 3931 334 3986 biles
361 3935 387 3984 ιι
416 3931 478 3986 soli:
503 3931 617 3986 vicarios
646 3947 751 4001 quoque
775 3931 803 3984 in
827 3931 960 4000 peculium
985 3937 1075 4000 potest
1123 3931 1182 3986 ise
1199 3945 1289 3988 servus
1307 3947 1366 3988 sese
1382 3931 1542 3998 ιιιιιιιιιι,
1565 3949 1620 3988 non
1643 3931 1723 3988 debet
1738 3933 1790 3988 hoe
1808 3931 1931 3986 damnum

268 3999 366 4078 babere
383 4003 411 4054 ιι
426 3997 584 4078 vicariorum
600 4001 745 4070 peculium:
770 4001 822 4054 hoc
846 4001 959 4068 amplius
982 4005 1010 4054 ct
1025 4017 1074 4056 no·
1125 3949 1269 4066 diducere,
1292 4015 1347 4054 nou
1370 3999 1454 4080 magis
1473 4015 1552 4070 quam
1569 4001 1592 4054 ιι
1608 4015 1638 4054 ιι
1655 4001 1782 4056 occiderit
1797 4001 1839 4054 vel
1855 4015 1931 4070 prae-

269 4071 284 4120 5
318 4083 389 4140 mma
416 4067 570 4122 debitorum.
611 4069 664 4122 Sed
689 4075 716 4122 et
740 4069 764 4122 si
790 4067 854 4138 quid
878 4069 944 4122 furti
970 4069 1074 4124 actione
1126 4069 1286 4138 cipitaverit:
1304 4069 1367 4122 licet
1381 4083 1451 4122 erum
1465 4069 1544 4122 etiam
1559 4069 1641 4124 servis
1655 4069 1932 4122 caumaliteriusuum

269 4151 343 4192 servo
362 4135 500 4190 deberetur
516 4137 557 4192 vel
574 4135 627 4190 alia
644 4137 756 4202 actione,
774 4137 802 4190 iu
815 4137 949 4206 peculium
965 4153 1074 4206 compu-
1126 4153 1221 4206 corpus
1239 4137 1348 4192 saevire.
1374 4135 1422 4192 sed
1439 4137 1495 4192 sia
1518 4151 1547 4190 se
1568 4137 1734 4192 vulneratum
1757 4151 1862 4192 servum
1885 4135 1930 4192 do·

269 4205 381 4260 tabiturr
404 4203 535 4258 hereditas
554 4219 659 4274 quoque
676 4211 702 4258 et
717 4205 848 4272 legatum,
871 4209 903 4258 ut
918 4205 1010 4260 Labeo
1028 4205 1073 4258 ait.
1124 4207 1209 4258 nduus
1234 4203 1377 4268 abraserit,
1400 4211 1554 4274 sumptuum
1575 4205 1681 4260 nomine
1703 4205 1849 4260 debitorem
1872 4219 1930 4258 eum

270 4279 285 4326 6
319 4271 372 4326 Sed
395 4279 421 4326 et
443 4273 471 4326 id
492 4273 563 4342 quod
585 4273 706 4326 domiuus
729 4273 780 4326 sibi
803 4273 882 4326 debet
897 4273 925 4326 iu
942 4273 1075 4342 peculium
1125 4271 1230 4328 domiuo
1247 4277 1313 4340 puto
1337 4271 1474 4336 effectum,
1499 4287 1673 4342 quamquam,
1696 4273 1719 4326 si
1740 4287 1848 4340 aegrum
1872 4287 1931 4326 eum

269 4339 389 4406 babebit,
416 4339 438 4394 si
460 4339 530 4394 forte
551 4341 580 4394 in
604 4339 702 4394 domiui
723 4341 854 4394 rationem
875 4339 1022 4408 ιιιιιιιιιδ
1048 4347 1075 4396 et
1124 4345 1140 4394 8
1175 4345 1302 4404 curasset,
1319 4355 1376 4392 rem
1394 4353 1470 4392 suam
1507 4339 1575 4394 otius
1595 4339 1698 4408 egisset,
1733 4339 1800 4394 item
1818 4339 1930 4394 deduce-

269 4407 389 4464 dominus
413 4407 437 4462 ei
458 4407 561 4462 debitor
584 4423 690 4462 manae
711 4407 795 4462 voluit
818 4413 865 4462 aut
888 4409 911 4462 si
928 4409 1074 4464 debitorem
1122 4413 1167 4462 tur
1192 4407 1224 4462 de
1247 4407 1366 4474 pecude,
1391 4405 1414 4460 si
1436 4357 1505 4474 quid)
1518 4407 1638 4462 dominus
1656 4407 1725 4462 servi
1741 4407 1848 4462 nornine
1865 4407 1930 4462 obli-

269 4477 324 4532 eius
347 4477 467 4530 domiuus
491 4477 620 4532 convenit.
647 4491 729 4598 {aare
746 4477 768 4528 si
785 4477 854 4528 forte
872 4491 905 4530 cx
927 4477 996 4530 servi
1020 4491 1073 4530 em·
1123 4481 1200 4596 {atus
1218 4479 1260 4528 cst
1276 4479 1324 4528 aut
1340 4473 1475 4542 praestitit
1492 4475 1637 4544 obligatus:
1655 4475 1694 4528 ita
1711 4475 1816 4546 siquid
1834 4475 1857 4536 ιι
1875 4489 1930 4528 cre-

268 4545 358 4614 ptioue
375 4543 508 4600 ιιιιιιιιιι
526 4545 632 4600 nominc
667 4545 758 4612 upluru
777 4543 899 4600 domiuus
923 4543 1023 4612 exegit,
1045 4545 1074 4598 iu
1141 4543 1207 4596 itum
1225 4547 1266 4596 est
1281 4543 1357 4596 iussu
1373 4541 1485 4596 domini:
1503 4543 1635 4598 namhoc
1652 4543 1835 4598 deducendum
1853 4543 1930 4596 lulia-

269 4613 400 4694 peculium
418 4611 484 4692 servi
501 4613 550 4666 erit
567 4627 730 4678 conversum,
748 4611 885 4692 nisidorte
903 4611 1024 4690 deminus
1042 4627 1073 4692 eo
1124 4627 1174 4666 nus
1191 4611 1259 4666 libro
1277 4609 1432 4666 duodecimo
1451 4609 1612 4690 digestorum
1628 4609 1742 4690 scribit..
1756 4609 1803 4690 sed
1826 4611 1878 4664 boc
1895 4611 1932 4690 ita

269 4681 1074 4816 lmlilllaflltul‘diiiillluiiidldbiilluiils
1123 4677 1932 4816 littltttltlldtatlttPitilnlttdlttttt

269 4817 346 4872 modo
363 4819 407 4872 ille
423 4817 540 4870 babeat6
556 4817 689 4886 peculium
707 4817 747 4870 vel
764 4819 845 4884 prout
860 4815 976 4870 habebit.
1124 4825 1303 4882 compensare.
1331 4815 1377 4870 sed
1394 4819 1422 4868 et
1439 4813 1462 4868 si
1497 4829 1527 4868 ro
1553 4829 1626 4868 servo
1650 4813 1824 4880 fideiussorit,
1850 4813 1932 4868 dedu-

302 4879 321 4942 8
339 4885 457 4940 Parrus
476 4885 544 4940 libro
567 4891 665 4954 quarto
682 4885 720 4938 od
736 4883 866 4940 saltuum
900 4883 962 4938 Nou
984 4883 1074 4938 statim
1124 4883 1236 4936 cendum
1252 4883 1371 4936 Iulianus
1393 4881 1461 4936 libro
1478 4831 1634 4936 {undecimo
1653 4881 1814 4950 digestorum
1832 4881 1930 4936 scribit

269 4953 340 5034 quod
358 4953 478 5008 ιοιιιιιιι
494 4953 578 5008 voluit
595 4969 627 5006 ex
650 4967 678 5006 re
702 4969 751 5006 sua
774 4951 872 5020 pectdii
895 4967 966 5018 esse,
992 4967 1073 5020 pecu·
1124 4949 1266 5004 Marcellus
1289 4955 1379 5004 autem
1400 4951 1428 5002 in
1451 4955 1580 5018 utroque,
1605 4949 1768 5004 sinendum
1809 4951 1931 5020 uicquam

268 5023 333 5076 bum
348 5021 426 5086 lecit,
445 5021 491 5074 scd
508 5021 530 5074 si
547 5021 656 5074 tradidit
672 5027 732 5086 aut,
752 5035 812 5074 cum
830 5019 900 5088 apud
918 5035 979 5074 eum
996 5025 1073 5086 esset,
1124 5019 1228 5074 domino
1247 5019 1333 5084 absit,
1350 5017 1444 5074 melius
1463 5033 1521 5072 esse
1538 5017 1576 5070 ait
1592 5023 1730 5086 praestare
1747 5035 1791 5074 cre
1811 5017 1885 5082 ἰοιι,
1902 5023 1932 5072 ιι

268 5107 315 5160 pro
332 5089 430 5146 ιιιιιιο
447 5089 553 5144 babuit:
573 5089 707 5142 desiderat
725 5087 793 5142 enim
806 5105 849 5144 res
864 5089 1012 5144 naturalem
1026 5089 1073 5142 da-
1125 5091 1216 5140 careat
1226 5085 1271 5140 ille
1286 5085 1438 5142 refusurum
1456 5101 1494 5152 se,
1511 5085 1535 5140 si
1552 5085 1615 5154 quid
1631 5085 1794 5154 praestiterit
1811 5085 1931 5142 dominus

267 5157 373 5212 tionem.
401 5163 494 5212 contra
512 5163 600 5212 autem
617 5156 696 5212 simul
717 5161 798 5224 atque
821 5155 917 5220 noluit,
940 5155 1074 5224 peculium
1123 5155 1176 5208 hoo
1198 5155 1305 5208 nomine
1322 5159 1482 5218 conventus,
1510 5169 1590 5232 quam
1613 5155 1648 5208 ab
1671 5155 1746 5208 initio
1769 5153 1878 5218 deduci,
1902 5157 1932 5208 ιι

269 5225 335 5278 servi
352 5225 448 5278 desinit
464 5225 597 5294 peculium
614 5239 679 5278 csse.
1124 5221 1202 5276 medii
1226 5223 1353 5290 temporis
1377 5221 1567 5276 iuterusurrum
1591 5221 1675 5290 magis
1700 5221 1816 5276 creditor
1841 5237 1931 5276 couse-

302 5287 321 5348 9
344 5291 489 5346 Urrrrrtus
503 5293 569 5346 titre
587 5293 730 5346 oiccaumo
745 5309 817 5346 uoao
832 5291 870 5346 od
882 5289 996 5346 edictum
1022 5289 1075 5344 Sed
1142 5295 1230 5344 uatur.
1256 5289 1305 5344 sed
1325 5291 1349 5344 ιι
1371 5289 1405 5344 ιι
1426 5287 1530 5370 peculio
1554 5294 1698 5344 conventus
1722 5289 1845 5344 domiuus
1869 5299 1930 5344 con·

268 5357 292 5410 si
309 5357 434 5412 damnum
450 5375 525 5414 servo
545 5359 664 5414 dominus
683 5359 798 5424 dederit,
822 5359 851 5414 iu
873 5359 1006 5428 peculium
1022 5359 1074 5414 boc
1125 5307 1263 5412 damnatus
1277 5365 1326 5424 ιιι,
1344 5357 1453 5412 ιιιιιιι
1470 5357 1504 5412 ιι
1520 5359 1640 5428 sequenti
1658 5359 1764 5412 actious
1781 5357 1815 5410 de
1828 5357 1930 5428 peculio

269 5441 323 5482 non
347 5425 534 5494 imputabitur,
563 5443 618 5480 uon
642 5427 725 5494 magis
752 5443 831 5496 quam
857 5427 879 5482 si
905 5425 1073 5494 subripuerit.
1127 5425 1233 5480 deduci:
1256 5425 1345 5494 coepit
1368 5425 1438 5480 enim
1462 5425 1583 5482 domiuus
1607 5425 1649 5480 vel
1670 5431 1748 5494 pater
1764 5425 1875 5482 iudicati
1893 5431 1929 5480 ιι-

271 5597 300 5660 (1)
317 5593 348 5644 Id
362 5593 390 5644 ιι
405 5611 428 5656 p.
444 5611 501 5656 up.
516 5601 563 5658 est,
578 5597 650 5646 cuius
664 5599 702 5646 rei
715 5615 766 5648 uon
781 5599 861 5648 solum
876 5615 891 5648 a
905 5595 1013 5658 domino,
1028 5597 1072 5648 sed
1124 5595 1228 5662 peditF
1301 5599 1334 5662 (ι)
1352 5595 1476 5650 bateti'2
1553 5599 1584 5662 (ι)
1603 5597 1626 5648 ei
1636 5599 1682 5650 del.
1761 5599 1794 5662 (s)
1814 5599 1929 5650 adminis-

268 5663 475 5712 etiamabeoscr.
546 5665 578 5726 (a)
597 5665 716 5716 estbt'sF
770 5669 801 5728 (3)
821 5665 888 5730 apud
897 5665 1004 5716 alterum
1013 5667 1071 5716 add.
1124 5665 1215 5716 tranF
1320 5665 1590 5728 (a)imminuerint1⁴⁷¹
1695 5667 1752 5732 .(¹⁰)
1771 5665 1935 5718 defendan

269 5733 333 5792 dett,
349 5749 391 5782 om·
401 5727 452 5788 Fa,
469 5747 519 5778 cam
535 5741 558 5780 ct
566 5749 628 5794 qaae
638 5743 769 5796 sequuntur
778 5749 807 5782 cx
817 5733 925 5782 dominis
933 5749 982 5782 ms.
992 5749 1017 5798 p.
1026 5731 1072 5784 lra-
1125 5735 1166 5800 (ιι)
1184 5733 1348 5784 dubitatch

268 5795 491 5850 beatamtstssall
535 5795 936 5864 (rudaunagisinuniversun
982 5801 1071 5864 (alim-
