4366 6258
269 359 410 424 XXVIII
432 363 462 422 5.
477 361 497 422 6
513 359 514 362 ’
1074 349 1136 424 398
1311 369 1312 372 ’
1669 369 1715 418 09
1736 369 1885 418 runcant
1905 369 1946 418 nr

305 537 343 596 92
362 535 425 608 (91)
441 537 561 592 Pennus
581 539 650 594 libro
672 541 767 660 991010
783 541 994 592 00090999991
1028 539 1080 592 Im·
1133 539 1259 593 heredem
1283 537 1415 602 scribere,
1445 537 1541 592 9019910
1570 537 1624 592 filio
1653 535 1814 614 substituere
1840 541 1866 588 et
1892 551 1945 592 909

269 613 420 676 peratorem
437 607 490 660 litis
509 607 671 660 0990919090
691 623 731 662 em
747 605 851 662 institui
866 607 1023 660 invidiosum
1042 611 1082 660 est
1133 613 1289 660 convertere
1306 605 1425 658 ordinem
1443 607 1496 658 scri
1515 611 1606 660 turae:
1626 613 1653 658 et
1667 605 1720 658 hoc
1732 603 1851 656 Inhanus
1868 609 1945 670 putet

269 689 320 728 nec
335 671 486 728 calumnie²
501 673 658 728 facultatem
673 691 706 730 ex
717 673 858 744 principali
868 675 1008 728 maiestate
1020 675 1082 742 cepi
1131 675 1207 742 prius
1226 675 1277 728 sibi
1295 673 1398 738 debere,
1423 671 1484 726 dein
1502 689 1518 726 0
1535 673 1589 728 filio
1606 673 1730 726 heredem
1748 671 1877 726 scribere:
1902 687 1944 726 oe·

269 747 384 810 oportet.
1131 747 1221 796 terum
1238 743 1261 796 si
1278 747 1341 796 ente
1358 741 1427 806 9110,
1453 741 1548 796 deiude
1571 741 1622 796 sibi
1645 745 1834 794 testamentum
1854 739 1944 808 faciat,

305 805 343 866 93
364 805 426 874 (92)
443 809 526 862 [orn
537 809 717 880 imperialium
734 811 927 864 0099109999οι9
944 811 972 862 in
991 811 1081 880 00991-
1132 825 1188 862 909
1216 811 1312 864 991090.
1354 825 1422 878 9990
1457 811 1589 862 sententie
1617 811 1747 880 rescripto
1778 807 1944 876 imperatoris

271 877 389 932 tionibus
399 877 573 946 prolatarum
600 893 637 930 09
659 877 736 948 libris
752 877 908 956 comprimo
926 889 972 928 sen
991 877 1080 930 90090-
1133 877 1218 930 nostri
1235 877 1270 930 ad
1283 877 1385 932 Vinium
1398 877 1506 946 Lupum
1523 877 1690 930 Brittanniae
1706 875 1855 954 praesidem
1874 891 1943 930 conr-

272 951 284 996 1
322 949 409 996 109900
436 943 504 996 libro
530 943 646 998 00090910
686 945 856 1000 Pactumeius
880 943 1081 998 Androsthenes
1131 943 1248 1012 probata
1271 949 1326 1012 001,
1355 949 1382 998 01
1404 945 1517 998 merito:
1544 949 1651 998 constet
1679 959 1748 996 cmm
1776 959 1858 996 unum
1888 959 1944 1000 0000

270 1011 451 1066 Pactumeiam
468 1009 594 1078 Magnam
611 1011 694 1066 filiam
705 1011 849 1066 Pactumeii
860 1011 953 1078 Magni
971 1027 1004 1066 en
1021 1027 1081 1066 asse
1132 1017 1330 1078 testamentum,
1348 1011 1412 1066 licet
1428 1011 1498 1068 duae
1515 1013 1570 1066 sint
1586 1011 1756 1076 hereditates,
1773 1011 1943 1080 usqueadeo,

270 1079 395 1132 heredem
411 1077 580 1144 instituerat,
604 1081 681 1150 eique
703 1087 806 1150 patrem
824 1079 880 1132 eius
898 1079 1080 1134 substitueret.
1132 1085 1254 1148 919900
1282 1081 1341 1148 9910
1365 1081 1416 1132 sihi
1439 1079 1506 1134 fecit
1528 1081 1707 1146 recesserim,
1737 1079 1844 1134 eosdem
1867 1079 1942 1136 etiam

270 1147 424 1200 Pectumeio
450 1145 548 1212 Magno
572 1147 661 1202 occiso
686 1153 712 1200 et
734 1161 840 1200 rumore
863 1147 981 1214 perlato,
1005 1147 1081 1216 quasi
1131 1147 1187 1202 filio
1212 1147 1295 1200 iaciat
1319 1151 1347 1200 et
1368 1153 1521 1216 postumum
1544 1163 1622 1200 suum
1638 1147 1694 1200 990
1710 1145 1842 1216 impuberi
1859 1147 1944 1212 possit

269 1213 326 1264 9119
344 1227 449 1282 990990
467 1213 524 1266 0190
541 1221 660 1278 mortua,
684 1213 795 1266 99919911
818 1219 1007 1266 1001990999
1025 1213 1080 1268 No·
1133 1219 1147 1266 5
1201 1215 1243 1268 uis
1261 1213 1430 1268 substituere.
1466 1213 1519 1268 Sed
1536 1213 1559 1266 01
1577 1215 1635 1284 9910
1652 1215 1692 1266 119
1713 1213 1795 1268 fuerit
1817 1217 1942 1270 testatus:

270 1279 395 1348 9199990
417 1279 518 1332 Rufum
540 1281 666 1336 heredem
688 1281 803 1334 instituit
825 1281 885 1340 hac,
899 1279 1079 1350 praefatione:
1133 1231 1259 1336 ι0191190
1282 1295 1356 1336 meus
1379 1281 1450 1336 intra
1473 1287 1596 1350 quartum
1622 1281 1752 1336 decimum
1776 1297 1877 1336 annum
1901 1279 1943 1336 de-

271 1349 342 1416 ‘quia
359 1347 479 1414 heredes,
497 1365 562 1416 quos
581 1349 652 1402 90191
666 1349 766 1402 hebere
780 1349 843 1402 mihi
859 1349 1012 1416 contingere
1027 1363 1081 1402 non
1132 1349 1260 1414 ‘cesserit
1279 1349 1355 1402 Seius
1373 1351 1449 1402 heres
1469 1349 1543 1414 esto',
1562 1349 1671 1404 deinde:
1689 1349 1857 1404 ‘filiusheres
1870 1351 1943 1416 esto',

271 1415 356 1484 ‘potui
363 1417 381 1480 ³,
400 1415 501 1470 Novius
513 1417 601 1472 Rufus
618 1417 696 1470 heres
713 1417 786 1470 esto'.
816 1417 972 1470 Pactumeiu
982 1417 1081 1484 Magne
1131 1417 1203 1470 99101
1215 1417 1377 1480 substitutio,
1395 1417 1459 1470 licet
1473 1433 1601 1472 conversa
1618 1417 1752 1496 scripture
1769 1417 1847 1470 filii¹²
1863 1419 1942 1470 teste·

270 1483 775 1552 099911099111990991090090019001
799 1489 826 1538 01
848 1483 999 1552 cognitione
1022 1499 1080 1538 sus-
1133 1489 1149 1538 6
1184 1491 1301 1538 mentum
1318 1483 1418 1538 iecerit.
1445 1483 1497 1538 Sed
1510 1485 1620 1540 0101119
1632 1485 1783 1554 scripserit:
1802 1483 1943 1540 ‘sifihusn

272 1557 363 1620 cepta,
389 1551 452 1606 9001
474 1553 569 1606 90990
592 1551 753 1620 institutioni
777 1551 971 1616 contineretur,
1002 1551 1082 1620 quia⁵
1133 1551 1206 1606 ‘mihi
1223 1552 1300 1606 heres
1317 1567 1372 1606 909
1390 1553 1453 1618 erit,
1478 1553 1554 1606 Seius
1578 1553 1656 1606 heres
1680 1557 1750 1606 esto:
1775 1551 1845 1606 filius
1869 1551 1942 1608 heres

270 1621 354 1674 falsus
372 1635 426 1674 nou
444 1621 513 1676 solet
530 1621 633 1684 obesse,
650 1625 741 1674 tamen
758 1635 791 1672 er
805 1621 942 1674 voluntate
957 1619 1080 1674 testantis
1133 1621 1217 1684 ‘esto’,
1235 1621 1352 1674 secundo
1371 1621 1476 1690 quidem
1492 1621 1577 1690 gradu
1590 1621 1667 1676 Seius
1685 1621 1800 1690 scriptus
1817 1625 1857 1676 est
1868 1621 1942 1678 heres

269 1689 374 1758 9919911
384 1689 530 1758 Imperator
542 1689 566 1744 ei
577 1687 792 1744 subveniendum.
809 1689 889 1756 igitur
900 1689 1082 1758 pronuntiarit
1133 1693 1174 1754 01,
1197 1687 1221 1742 01
1237 1687 1307 1744 filius
1324 1689 1401 1744 heres
1418 1705 1473 1742 non
1491 1689 1635 1754 exstiterit,
1658 1689 1754 1756 procul
1770 1689 1851 1744 dubio
1869 1687 1942 1744 Seius

268 1759 443 1812 hereditatem
455 1757 489 1810 ad
495 1757 622 1824 Magnam
633 1757 774 1824 pertinere,
786 1757 834 1810 sed
845 1757 935 1826 legata
947 1773 980 1810 ex
990 1761 1080 1826 poste·
1133 1757 1158 1810 ci
1175 1757 1252 1810 heres
1270 1757 1332 1810 crit:
1352 1757 1399 1810 sed
1416 1763 1443 1810 et
1457 1757 1480 1810 si
1492 1757 1623 1812 exstiterit
1633 1757 1704 1810 filius
1715 1757 1792 1810 heres
1806 1763 1833 1810 et
1844 1757 1942 1810 191999

269 1825 339 1880 riore
353 1831 512 1880 testamento
528 1839 588 1878 eam
620 1831 738 1880 reestere
753 1825 856 1890 dehere,
874 1825 987 1894 proinde
1001 1831 1081 1892 91990
1132 1825 1300 1894 pubertatem
1322 1825 1464 1880 defunctus
1488 1831 1542 1890 est,
1571 1825 1647 1878 Seius
1670 1823 1849 1878 admittendus
1873 1831 1942 1880 recte

269 1893 291 1946 si
314 1895 343 1948 in
361 1893 554 1962 posterioribus
573 1839 672 1946 reduto
689 1893 747 1962 1909
764 1893 859 1948 linisset
875 1895 953 1946 heres
971 1893 1080 1960 scripta.
1131 1891 1244 1956 ridetur,
1263 1897 1293 1944 ut
1309 1909 1363 1948 non
1376 1893 1441 1948 ordo
1454 1893 1612 1962 scripturae,
1631 1893 1679 1946 sed
1691 1893 1755 1948 ordo
1769 1891 1941 1948 successionis

1133 1963 1146 2012 t
1184 1965 1329 2028 spectetur.
1346 1961 1441 2028 Quodi
1460 1961 1514 2014 'tur
1522 1959 1624 2014 dictum
1633 1965 1674 2014 est
1682 1961 1792 2030 singulis
1800 1961 1941 2026 liberorum

1133 2027 1294 2082 substituere
1315 2029 1410 2094 110090,
1433 2029 1443 2082 1
1463 2043 1493 2084 eo
1511 2029 1646 2084 adiectum
1664 2035 1717 2094 est,
1741 2035 1773 2084 ut
1794 2029 1941 2084 declaretur

641 2103 709 2164 VII,
1133 2113 1188 2152 non
1205 2111 1264 2152 0000
1281 2113 1298 2150 9
1314 2095 1362 2150 filii
1377 2101 1536 2152 testamento
1553 2095 1732 2164 incipiendum
1749 2097 1903 2168 impuberIs.

221 2271 223 2276 Ι
287 2203 332 2254 99
350 2203 504 2252 runcum
521 2203 565 2252 nu
579 2203 768 2254 99999099
786 2201 1064 2254 0090999999099..
1133 2161 1188 2288 fflf}
1205 2163 1860 2304 fflffffigffi{ssbrssai’fflgffifilgfrffitffffilffis
1880 2163 1942 2290 {iffi

306 2303 319 2360 l
341 2301 532 2356 Monnsrrrus
542 2301 611 2356 libro
623 2303 741 2356 0000090
749 2303 947 2374 pandectarum
963 2301 1082 2356 Heredes
1133 2301 1221 2356 ‘heres
1246 2301 1307 2366 erit,
1331 2299 1401 2356 idem
1423 2301 1478 2356 9110
1500 2301 1633 2370 impuberi
1650 2301 1727 2356 heres
1745 2251 1821 2368 estod,
1844 2301 1942 2372 placuit

269 2379 317 2426 aut
333 2371 449 2426 instituti
467 2371 591 2424 dicuntur
614 2375 661 2424 991
684 2371 834 2424 substituti:
859 2371 974 2424 instituti
996 2371 1081 2440 primo
1133 2369 1169 2424 ed
1185 2371 1257 2424 hene
1275 2369 1490 2424 substitutionem
1508 2371 1561 2422 scri
1580 2375 1622 2422 tos
1640 2369 1823 2424 tantummodo
1846 2369 1881 2424 ad
1898 2371 1941 2424 he-

272 2445 282 2494 1
320 2437 412 2508 gradu
430 2439 569 2494 substituti
587 2437 705 2492 secundo
722 2439 763 2492 991
776 2439 863 2492 tertio.
893 2437 1004 2492 Heredis
1017 2439 1080 2494 sub·
1132 2437 1274 2492 reditatem
1283 2441 1304 2470 ¹⁵
1322 2436 1440 2492 admitti:
1458 2439 1550 2506 119990
1561 2385 1695 2504 dominus,
1713 2437 1757 2492 cui
1774 2453 1822 2506 per
1840 2453 1941 2494 serrum

270 2509 373 2562 stitutio
389 2507 504 2576 999109τ
518 2511 617 2560 001991
629 2507 747 2576 simplex,
761 2507 854 2560 veluti:
874 2505 981 2560 ‘Lucius
995 2505 1081 2560 Titius
1133 2507 1290 2560 hereditatis
1308 2507 1395 2576 portio
1414 2507 1536 2588 99900119
1553 2507 1602 2572 011,
1627 2521 1659 2560 er
1683 2505 1873 2560 substitutione
1895 2505 1941 2560 im-

270 2577 356 2630 ‘heres
379 2581 451 2630 esto:
479 2575 503 2630 si
524 2575 590 2628 mihi
611 2575 712 2630 Lucius
736 2575 822 2628 Titius
845 2575 922 2628 heres
945 2589 999 2628 uon
1023 2575 1080 2640 0911,
1133 2575 1228 2644 puberi
1251 2575 1329 2630 heres
1352 2575 1424 2630 01909
1448 2591 1502 2630 909
1525 2575 1637 2644 poterit,
1667 2575 1691 2630 si
1713 2591 1806 2630 servus
1830 2575 1864 2630 ab
1889 2575 1941 2632 0190

270 2649 344 2698 ‘tunc
362 2641 437 2698 Seius
455 2643 533 2698 heres
550 2643 616 2698 mihi
634 2643 723 2698 esto⁸r
746 2643 769 2698 si
785 2643 863 2698 heres
881 2659 935 2698 909
953 2643 1009 2708 0911,
1028 2643 1082 2698 0199
1134 2643 1228 2698 exierit
1245 2647 1402 2712 potestate,

270 2713 330 2766 ‘erit
347 2713 462 2766 0119199
479 2711 649 2780 pubertatem
664 2711 815 2776 decesserit,
832 2717 897 2766 tunc
910 2711 993 2764 99190
1005 2711 1081 2766 Seius
1168 2707 1188 2766 4
1205 2709 1368 2766 1009011190
1384 2711 1521 2782 stupratori
1539 2711 1573 2766 010
1589 2709 1778 2764 9009090909
1811 2709 1869 2764 199
1892 2711 1941 2766 1900

232 2789 233 2792 ’
270 2783 285 2834 2
321 2779 570 2836 ‘herasmihiesto’.
596 2779 761 2834 Substituere
772 2779 861 2834 liberis
872 2785 928 2834 tem
940 2779 1081 2834 heredibus
1132 2779 1191 2834 iure
1214 2779 1313 2832 99999
1337 2793 1370 2832 ex
1393 2779 1476 2834 diri¹⁶
1498 2779 1586 2834 Marci
1609 2785 1637 2832 et
1658 2777 1722 2832 Veri
1745 2779 1940 2846 constitutione,

269 2847 399 2902 institutis
424 2863 504 2919 quem
530 2847 697 2902 exheredatis
719 2863 860 2918 possumus
885 2853 988 2902 ettam
1013 2863 1081 2912 eum,
1134 2853 1179 2914 ut,
1202 2863 1263 2902 cum
1280 2851 1359 2926 99109
1375 2847 1506 2916 impuberi
1523 2847 1577 2902 9110
1595 2847 1623 2906 19
1640 2847 1752 2902 alterum
1770 2861 1863 2902 casum
1881 2847 1940 2902 sub·

271 2933 350 2986 quem
378 2917 504 2972 heredem
534 2917 612 2972 nobis
640 2917 816 2982 instituimus,
851 2931 932 2986 quem
959 2917 1081 2972 9110999.
1133 2915 1272 2982 0111910001,
1287 2931 1317 2968 ru
1328 2921 1471 2986 utrumque
1484 2931 1575 2970 cesum
1587 2915 1757 2972 substituisse
1767 2915 1939 2986 intellegetur,

272 2991 286 3040 3
322 2987 489 3040 Substituere
506 2985 597 3042 liberis
614 2993 692 3058 99199
709 3001 763 3040 909
799 2989 870 3040 01001
886 2985 937 3042 9101
959 2985 983 3042 01
1004 2985 1080 3040 here·
1133 2987 1188 3041 sire
1210 2983 1281 3040 filius
1304 2985 1382 3040 heres
1405 3000 1460 3040 non
1483 2985 1613 3040 exstiterit
1634 2985 1689 3040 sire
1706 2983 1835 3040 exstiterit
1853 2989 1879 3040 et
1895 2983 1939 3040 im·

269 3055 331 3110 dem
357 3055 408 3110 sibi
429 3055 588 3110 instituerit:
617 3071 681 3110 nam
706 3057 762 3110 sine
779 3001 890 3110 Idieredis
915 3055 1081 3110 1909199090
1136 3061 1146 3108 1
1184 3055 1270 3124 pubes
1295 3053 1444 3108 decesserit.
1486 3053 1563 3122 9909
1584 3055 1626 3108 190
1651 3053 1686 3108 99
1707 3053 1812 3108 1091199
1840 3069 1940 3124 990990

270 3123 336 3178 nihil
353 3125 382 3178 in
399 3127 558 3178 testamento
577 3125 705 3194 00919199
722 3125 799 3178 valet.
1132 3139 1216 3192 genus
1245 3121 1441 3178 substitutionis
1468 3127 1585 3178 tractum
1608 3139 1666 3178 0000
1688 3121 1806 3178 ridetur:
1835 3137 1898 3176 nam
1920 3123 1940 3176 si

305 3187 324 3248 2
348 3189 494 3248 Utrrnnus
509 3193 577 3246 libro
594 3199 672 3248 00910
691 3191 728 3246 od
744 3191 873 3246 Sabinum
902 3191 1023 3246 Moribus
1039 3191 1080 3244 in-
1133 3197 1212 3272 peter
1235 3191 1301 3246 duos
1324 3191 1392 3246 91100
1412 3193 1562 3272 impuberes
1578 3191 1690 3246 heredes
1708 3191 1830 3246 instituet
1847 3205 1940 3260 eosque

270 3261 425 3314 troductum
442 3265 491 3326 001,
510 3265 541 3316 91
558 3261 617 3330 quis
634 3261 723 3322 liberis
740 3259 921 3330 impuberibus
936 3265 1080 3316 testamen·
1132 3259 1246 3316 mricem
1268 3259 1428 3326 substituat,
1451 3277 1480 3314 m
1502 3265 1647 3330 91999990
1669 3275 1761 3314 cesum
1778 3259 1939 3330 reciprocam

270 3331 327 3382 tum
344 3327 435 3382 iecere
452 3329 551 3398 possit,
575 3329 661 3384 donec
683 3329 795 3384 99900911
817 3329 852 3382 99
870 3329 1080 3398 999119999οο19
1133 3327 1350 3384 substitutionem
1379 3327 1479 3382 feetem
1505 3329 1587 3384 rideri
1611 3329 1686 3382 divos
1709 3327 1773 3382 Pius
1796 3327 1938 3382 constitnit.

270 3409 357 3450 euros
374 3397 544 3466 perveniant,
568 3397 683 3452 feminae
707 3397 740 3452 99
764 3397 912 3452 99090019.
947 3397 1019 3466 9909
1042 3397 1081 3450 010
1134 3403 1149 3450 2
1185 3397 1237 3452 Sed
1254 3397 1278 3450 01
1295 3397 1362 3450 91109
1378 3397 1477 3466 pubes,
1501 3397 1569 3450 alter
1591 3395 1713 3466 impubes
1735 3397 1787 3452 hoc
1811 3395 1938 3450 communi

270 3463 321 3518 erit
338 3465 531 3534 accipiendum,
549 3467 573 3520 si
587 3465 681 3522 sintin
695 3469 840 3536 potestate:
860 3469 977 3520 00109999
992 3481 1081 3520 emen·
1132 3466 1212 3520 verbo
1244 3471 1351 3534 ‘eosque
1373 3463 1487 3520 inuicem
1510 3467 1652 3520 substituo’
1682 3465 1733 3520 sibi
1757 3465 1857 3520 fuerint
1880 3465 1938 3520 sub·

272 3531 367 3602 0199110
382 3549 437 3588 909
450 3549 600 3602 possumus.
625 3535 754 3604 postumis
769 3535 848 3604 plene
862 3549 1014 3604 possumus,
1034 3547 1080 3586 ne·
1132 3533 1227 3598 stituti‚
1245 3535 1273 3586 19
1290 3535 1425 3602 ungerem
1439 3535 1623 3588 tantummodo
1640 3549 1731 3588 cesum
1748 3533 1848 3586 fertem
1861 3533 1938 3588 videri

270 3601 379 3670 potibus
398 3601 478 3654 etiem
494 3617 637 3670 possumus
653 3607 679 3656 et
693 3601 825 3672 deinceps,
843 3603 867 3656 01
881 3601 1080 3670 quinonreoe·
1132 3601 1349 3656 substitutionem
1364 3601 1476 3656 Severus
1495 3607 1523 3656 01
1533 3603 1685 3658 Antoninus
1703 3601 1842 3656 00991911
1850 3603 1884 3656 ¹⁷:
1902 3601 1937 3656 in·

271 3667 328 3724 suri
345 3673 408 3722 sunt
425 3667 453 3720 in
469 3669 553 3736 petris
570 3674 713 3738 potestate.
738 3669 786 3724 sed
799 3669 823 3724 si
837 3685 882 3724 000
897 3673 989 3738 991900
1004 3683 1081 3738 prae·
1133 3685 1280 3736 congruens
1300 3669 1368 3724 enim
1385 3669 1539 3736 ridebatur,
1563 3671 1638 3724 utin
1655 3671 1738 3724 altero
1757 3669 1856 3740 duplex
1873 3673 1938 3724 90001

272 3735 383 3802 909991,
408 3735 447 3790 119
470 3737 575 3790 demum
599 3737 725 3792 substitui
742 3737 780 3790 eis
797 3740 900 3806 potest,
925 3737 949 3792 01
970 3737 1080 3790 heredes
1132 3739 1302 3804 substitutio,
1319 3739 1348 3792 in
1365 3739 1449 3792 altero
1468 3739 1527 3792 sole
1542 3739 1665 3806 vulgaris.
1700 3739 1752 3794 hoc
1769 3739 1859 3808 itaque
1877 3753 1938 3794 casu

270 3803 388 3858 instituti
413 3805 467 3858 0191
491 3805 534 3860 901
559 3805 725 3860 exheredati:
753 3805 792 3858 ite
818 3805 885 3860 enim
911 3809 973 3874 post
998 3805 1082 3874 legem
1132 3805 1242 3874 singulis
1265 3805 1409 3874 separatim
1430 3811 1509 3874 pater
1529 3807 1691 3862 substituere
1709 3807 1828 3872 debebit,
1851 3811 1896 3872 ut,
1919 3805 1938 3860 si

272 3871 408 3926 Velleeam
419 3871 587 3928 succedendo
598 3889 652 3928 non
664 3877 791 3944 rumpunt
801 3877 1002 3928 testamentum:
1019 3889 1082 3928 nam
1131 3873 1216 3942 pubes
1234 3875 1311 3928 heres
1330 3889 1384 3928 non
1403 3875 1482 3928 exstit
1514 3873 1545 3940 't,
1568 3875 1690 3944 impubes
1714 3877 1738 3928 ei
1754 3877 1937 3938 substituetur,

271 3941 296 3998 01
317 3941 465 4010 principale
487 3947 596 4012 ruptum
618 3943 654 3996 sit
677 3947 876 4006 testamentum,
902 3947 929 3996 et
969 3941 1081 4012 99111990
1132 3941 1263 3996 01991099
1279 3943 1401 4012 impubes
1418 3943 1496 3998 heres
1509 3943 1641 3998 exstiterit
1654 3947 1680 3998 et
1691 3943 1762 3998 intra
1773 3945 1937 4014 pubertatem

272 4007 394 4090 09999911..
414 4009 481 4066 sed⁹
498 3959 1082 4090 010999909999101999190999090909
1133 4009 1285 4090 decesserit,
1307 4011 1392 4080 pubes
1409 4009 1494 4090 frater
1510 4011 1539 4066 in
1555 4011 1705 4084 portionem
1723 4011 1860 4068 coheredis
1877 4013 1935 4066 sub·

272 4083 421 4148 scnpserrt,
448 4083 546 4148 9010991
569 4095 593 4132 09
616 4081 792 4144 substrtuere,
821 4095 844 4134 09
867 4079 946 4132 9090
971 4093 1031 4132 eum
1053 4095 1082 4134 tn
1132 4085 1274 4134 strtuetur:
1293 4095 1345 4150 quo
1364 4095 1429 4134 0909
1445 4097 1474 4134 99
1490 4085 1632 4150 utrumque
1648 4081 1936 4138 eventumsubstitntus

271 4147 360 4204 locum
382 4147 487 4216 nepotis
506 4147 673 4216 adoptaverit
689 4149 731 4202 901
748 4147 813 4202 9990
830 4147 915 4202 averit
931 4147 985 4202 9110
1003 4163 1080 4216 prae·
1130 4147 1271 4214 uidebitur,
1292 4165 1334 4214 90,
1353 4149 1375 4202 01
1392 4149 1494 4216 uulgari
1511 4149 1590 4202 modo
1607 4149 1738 4218 impuberi
1755 4165 1860 4218 quoque
1877 4151 1935 4204 sub·

274 4219 287 4270 1
318 4215 435 4294 'cedente
444 4219 472 4268 ¹⁰.
502 4215 627 4284 Quisquis
641 4221 730 4270 eutem
746 4165 878 4284 tmpudreri
893 4221 1081 4294 testamentum
1132 4217 1241 4282 091991,
1263 4217 1409 4270 voluntatis
1426 4217 1609 4286 quaestionem
1625 4219 1771 4286 relinquet,
1795 4225 1886 4272 99999
1909 4217 1937 4270 99

272 4281 352 4348 fecit,
375 4285 427 4336 srhr
450 4299 555 4352 990990
580 4283 659 4336 debet
680 4283 783 4338 iecere:
814 4285 1004 4338 9010999οο19
1026 4283 1080 4338 9190
1131 4301 1187 4338 999
1208 4285 1310 4354 uulgari
1331 4285 1515 4338 tantummodo
1539 4285 1729 4340 substitutione
1751 4285 1779 4338 19
1802 4285 1937 4354 utriusque

272 4367 327 4406 non
343 4351 456 4420 poterit,
479 4351 531 4406 nisi
552 4351 622 4406 forte
644 4351 719 4406 miles
737 4351 778 4406 sit
813 4351 879 4408 adeo
904 4357 1007 4416 autem,
1031 4351 1082 4406 9101
1130 4367 1246 4420 9090099
1263 4353 1377 4408 sensisse
1393 4353 1577 4420 intellegatur:
1594 4351 1634 4406 119
1649 4351 1759 4406 091919
1770 4352 1854 4408 911090
1867 4357 1935 4406 utre·

272 4419 324 4474 sihi
341 4435 447 4490 990990
463 4419 564 4486 fecerit,
583 4419 732 4486 90999101,
755 4423 794 4484 91,
817 4419 869 4474 9101
886 4419 960 4474 99119
976 4435 1081 4488 990990
1132 4435 1183 4488 990
1201 4419 1356 4474 substitutio
1373 4421 1548 4488 intellegitur,
1569 4419 1733 4474 0190199190
1750 4421 1868 4490 9990990
1888 4435 1935 4474 909

272 4487 357 4558 petris
374 4489 508 4542 heredites
526 4489 569 4554 sit,
586 4487 717 4556 pupillere
732 4491 919 4542 testamentum
932 4493 1080 4540 evanescat.
1130 4489 1287 4556 refragetur.
1328 4489 1369 4542 vel
1395 4493 1467 4542 00910
1496 4485 1635 4542 enimdeo
1665 4489 1827 4556 quaestionis
1855 4489 1936 4556 gretia

272 4555 353 4626 plane
369 4555 392 4612 si
409 4556 508 4610 omissa
526 4571 609 4610 cause
630 4553 783 4624 principalis
806 4555 959 4610 testamenti
981 4555 1016 4610 ab
1040 4555 1080 4610 in-
1132 4555 1281 4624 specialiter
1308 4555 1337 4608 in
1362 4561 1503 4626 91999990
1526 4571 1620 4610 casum
1643 4555 1773 4624 impuberi
1796 4555 1935 4612 0990111991

272 4631 370 4678 1001910
388 4627 557 4694 possideatur
573 4623 717 4688 hereditas,
735 4623 876 4678 dicendum
890 4629 931 4678 est
943 4623 1079 4694 etpupillo
1131 4623 1255 4678 fratrem:
1280 4625 1344 4678 ‘sive
1366 4625 1443 4678 heres
1467 4641 1521 4678 non
1544 4623 1594 4678 erit
1616 4623 1670 4678 sire
1694 4623 1743 4678 erit
1760 4629 1787 4678 et
1803 4625 1874 4678 intra
1890 4639 1934 4694 pu·

272 4697 288 4746 2
324 4693 498 4748 substitutum
515 4693 687 4748 servandum:
706 4693 841 4746 Interdum
853 4693 933 4746 etiarn
944 4693 1080 4762 pupillaris
1131 4693 1251 4746 ‘bertetis
1269 4707 1353 4746 annos
1372 4693 1532 4746 decesserit’.

272 4763 423 4816 testamenti
447 4777 529 4816 causa
552 4759 763 4830 compellendum
785 4761 909 4826 heredem
926 4759 1081 4830 {institutum
1166 4759 1184 4816 5
1205 4759 1298 4816 90990
1318 4759 1386 4814 libro
1410 4761 1488 4816 tertio
1508 4757 1934 4830 991090919909001Ρ99109

272 4829 347 4884 adire
361 4829 549 4894 hereditatem,
572 4835 604 4882 91
627 4843 660 4882 ex
682 4827 804 4882 secundis
827 4827 925 4882 tabidis
945 4825 1080 4882 fideicom·
1131 4827 1160 4882 si
1176 4829 1204 4882 19
1220 4831 1380 4882 testamento
1397 4827 1509 4882 heredes
1527 4827 1620 4896 scripti
1637 4827 1677 4882 ite
1700 4825 1779 4880 alicui
1802 4825 1935 4882 substituti

272 4897 382 4952 missum
400 4899 582 4952 convalescat:
600 4903 632 4950 ut
644 4901 711 4966 pute
724 4897 747 4950 si
758 4897 811 4948 iem
821 4897 939 4966 pupillus
953 4897 1079 4950 decessit:
1130 4895 1293 4962 19099991,
1311 4895 1334 4948 si
1351 4895 1373 4948 10
1391 4895 1468 4950 heres
1486 4911 1541 4948 non
1559 4899 1639 4960 esset,
1660 4893 1779 4962 99109910
1796 4893 1848 4948 sibi
1864 4893 1933 4948 heres

272 4969 391 5020 ceterum
413 4967 436 5020 si
459 4967 547 5020 adhuc
569 4965 654 5030 91991,
680 4963 829 5032 improbum
851 4979 909 5018 esse
932 4963 1080 5016 Iulianus²¹
1131 4965 1241 5018 essetis
1258 4963 1286 5016 in
1303 4967 1380 5032 perte
1397 4977 1503 5032 990990
1521 4963 1666 5016 9109910919
1690 4965 1760 5016 00091
1775 4963 1867 5016 heres:
1890 4975 1933 5032 pro

272 5033 405 5088 existimet
428 5049 502 5098 eum,
527 5033 572 5102 991
595 5033 723 5088 sollicitus
746 5037 786 5086 est
807 5031 909 5086 909191
925 5031 1079 5098 hereditate.
1130 5037 1277 5100 99999910
1295 5031 1406 5098 9910990
1422 5031 1500 5086 heres
1516 5031 1667 5094 exstitisset,
1685 5045 1734 5100 pro
1749 5043 1781 5084 09
1792 5033 1869 5098 perte
1881 5043 1933 5084 eun

273 5105 288 5156 3
322 5101 381 5170 Ego
406 5103 498 5166 etiem,
525 5101 547 5156 01
572 5101 657 5156 minor
680 5101 770 5170 viginti
793 5101 909 5170 9919990
932 5099 1008 5154 99910
1031 5099 1079 5152 ed·
1130 5101 1158 5152 in
1181 5101 1304 5168 portione
1329 5113 1434 5166 quoque
1461 5097 1608 5152 deficientis
1630 5097 1722 5152 vocari
1743 5095 1832 5166 placet
1854 5111 1934 5166 neque

272 5171 375 5224 eundae
392 5169 546 5224 hereditatis
566 5185 648 5224 cause
665 5169 745 5224 fuerit
761 5167 909 5234 restitutus,
932 5173 999 5236 puto
1016 5183 1079 5236 pro·
1130 5167 1272 5232 interesse,
1294 5167 1353 5220 iure
1375 5165 1548 5220 institutionis
1570 5167 1681 5288 9910999
1700 5181 1732 5220 ex
1748 5165 1847 5220 991090
1863 5171 1934 5234 perte

271 5237 352 5294 ficere
377 5237 501 5292 secundis
527 5239 641 5302 tabulis,
671 5245 701 5292 ut
725 5241 833 5306 praetor
857 5237 936 5292 utiles
961 5235 1079 5290 actiones
1130 5235 1207 5290 heres
1224 5235 1313 5290 iactus
1331 5239 1401 5312 00001
1418 5247 1453 5288 99
1472 5233 1543 5302 quod
1565 5249 1615 5302 per
1648 5249 1720 5302 egem
1742 5233 1854 5286 elterem
1876 5249 1932 5302 per·

271 5311 288 5358 4
323 5305 447 5362 decernet
464 5305 616 5360 substituto.
652 5305 730 5360 Prius
747 5309 837 5358 autem
854 5305 905 5360 sihi
922 5303 981 5374 quis
1001 5303 1080 5358 dehet
1129 5309 1184 5356 tem
1200 5305 1313 5358 91109190
1330 5301 1499 5358 vindicasset.

1386 5417 1462 5424 ..-—.-—

272 5477 303 5540 (1)
321 5479 410 5536 5,19,0
461 5479 493 5540 (a)
512 5493 558 5526 900
569 5479 636 5526 enim
644 5475 814 5526 calumniandi
823 5477 918 5528 Paulos
967 5475 999 5538 (3)
1017 5491 1079 5538 9900
1130 5477 1164 5536 (9)
1182 5475 1335 5538 9919991099,
1348 5473 1426 5522 veluti
1439 5473 1515 5522 ‘filius
1527 5489 1596 5524 meus
1607 5477 1677 5524 heres
1686 5473 1749 5522 mihi
1759 5473 1812 5524 9010
1823 5475 1869 5524 100.
1880 5473 1929 5524 dett
1965 5487 1966 5490 ’

270 5543 339 5590 90191
352 5545 414 5592 mihi
426 5545 580 5608 contingere,
594 5545 684 5594 hebere
699 5561 750 5594 uon
763 5545 835 5608 potui
849 5545 912 5594 Hal.
981 5545 1012 5606 (4)
1030 5545 1077 5590 im·
1130 5543 1163 5606 (9)
1183 5547 1207 5590 01
1222 5545 1266 5594 ins.
1335 5539 1383 5606 (11)
1401 5539 1481 5590 filium
1497 5541 1688 5606 praecedentem
1701 5557 1747 5592 eor.
1817 5541 1859 5604 (11)
1876 5539 1930 5608 Dry.
1964 5577 1970 5608 ,

270 5611 428 5676 peratoribus
437 5613 530 5662 nostris
540 5615 595 5662 dett.
606 5615 705 5678 901999
773 5613 805 5676 (5)
824 5611 868 5676 qui
881 5611 996 5662 00190100
1130 5611 1170 5670 36,
1181 5621 1267 5674 1,19,1
1319 5611 1362 5674 (11)
1381 5611 1493 5660 9919100.
1547 5611 1592 5674 (13)
1610 5605 1773 5660 meust'oslr'2
1818 5609 1862 5674 (11)
1879 5607 1967 5658 inst

305 5679 337 5742 (t)
356 5677 438 5730 Edi.
455 5689 522 5740 1961
543 5681 604 5732 Sah.
621 5691 641 5730 9.
659 5691 679 5732 8.
696 5689 1077 5734 1911.19.10.10...91.91...90.
1130 5677 1175 5742 (10)
1193 5679 1225 5728 ud
1234 5677 1397 5728 hereditatem
1407 5677 1452 5730 det
1517 5677 1750 5744 (11)(11909999009.
1814 5677 1859 5740 (11)
1877 5691 1930 5730 909·

271 5755 369 5806 sone,
393 5745 455 5810 Pap.
470 5757 488 5796 ι.
503 5757 535 5796 rr.
548 5759 581 5798 rs.
595 5759 630 5798 90.
643 5759 678 5798 rs.
692 5759 786 5806 soter:
803 5749 870 5812 App.
884 5757 998 5800 9.10.-
1012 5749 1077 5798 Bor.
1129 5747 1335 5798 :tironensem
1355 5749 1491 5800 0009119990
1500 5757 1567 5800 0091
1579 5745 1636 5798 009.
1648 5749 1670 5810 1,
1679 5755 1738 5810 est

272 5815 312 5876 35,
321 5827 355 5866 90.
365 5841 399 5850 -
416 5813 453 5876 Cf.
464 5813 558 5874 19001,
569 5827 599 5864 90.
611 5827 649 5872 1ος
671 5815 728 5864 Con.
738 5819 762 5876 5,
774 5827 800 5866 so
880 5815 910 5878 (ι)
929 5815 1021 5878 duplex
1031 5815 1076 5866 0101.
1818 5821 1819 5824 ’
