4366 6258
1061 349 1114 420 lut
1823 355 1881 416 vn
1903 363 1916 418 ι

260 373 389 424 FRUOTU

258 541 325 594 idern
343 551 376 588 ue
394 549 465 598 esse,
483 541 516 588 ,et
537 535 560 586 si
582 535 741 602 scyphorum
758 535 942 592 ususfructus
961 535 1062 602 legatus
1113 539 1202 586 tamen
1218 531 1245 584 id
1262 535 1319 586 iure
1335 551 1384 590 suo
1401 535 1491 590 facere
1512 539 1614 604 potest,
1639 527 1764 596 aliudque
1787 535 1827 582 est
1850 533 1919 586 tueri

258 607 305 668 eit,
323 553 417 654 ieinde
433 615 522 654 massa
538 601 611 652 facta
628 607 654 654 et
671 601 767 656 iterum
784 601 890 670 scyphi:
914 603 977 654 licet
995 601 1062 652 enim
1113 597 1182 668 quod
1201 601 1347 666 accepisset
1363 619 1398 654 an
1414 619 1512 656 novum
1526 599 1658 676 faceret²3
1826 665 1831 676 ι
1871 667 1876 676 ¹

258 669 368 742 pristina
386 667 499 736 qualitas
517 667 675 736 scyphorum
692 669 814 724 restituta
832 669 879 730 sit,
903 673 1063 722 nontamen
1147 663 1186 720 45
1207 665 1298 720 Gerus
1321 667 1388 718 libro
1413 673 1524 738 septimo
1550 669 1587 722 ud
1612 667 1725 722 edictum
1746 667 1919 730 pronunciata

261 747 270 792 1
306 737 365 790 illos
384 751 456 798 mse,
479 751 589 802 quorum
612 751 676 788 usus
693 735 796 790 fructus
813 735 915 802 legatus
933 737 975 788 sit.
1010 733 1062 788 Sti·
1114 731 1188 792 Sicut
1196 733 1319 800 inpendia
1328 733 1521 788 cibariorumin
1529 751 1640 800 serrum,
1656 733 1731 786 cuius
1739 745 1804 784 usus
1813 729 1917 784 fructus

258 805 363 874 palatus
389 817 448 854 sum
470 799 503 852 de
520 801 588 854 Titio
611 799 723 856 mudum
742 801 925 856 Cornelianum
942 801 1062 854 detracto
1114 799 1149 852 ad
1166 799 1278 866 aliquem
1295 799 1424 868 pertinet,
1448 801 1487 852 ita
1510 807 1536 854 et
1558 799 1714 856 valetudinis
1732 799 1865 866 impendia
1883 799 1918 850 ad

258 887 308 926 usu
324 867 428 922 fructu:
446 865 531 922 Titius
549 867 674 922 decessit:
694 869 840 936 quaesitum
855 871 903 928 cst,
922 867 985 934 quid
999 867 1063 918 mihi
1114 881 1173 920 eum
1189 865 1319 934 respicere
1336 871 1433 918 natura
1449 865 1616 922 manifestum
1633 875 1681 922 est.

257 935 378 992 heredem
405 937 461 988 eius
486 943 624 1002 praestare
649 939 761 1002 oportet.
794 933 930 1000 respondit
955 931 1061 998 referre,
1148 929 1187 988 46
1205 931 1323 986 Pronus
1338 933 1405 988 libro
1423 949 1494 986 nouo
1513 933 1549 986 nd
1565 935 1702 990 Plautium
1736 933 1765 988 si
1790 937 1915 986 extraneo

258 1019 309 1072 qua
326 1007 414 1054 mente
431 1017 495 1054 usus
512 1001 615 1056 fructus
633 1005 759 1068 exceptus
778 1001 825 1052 sit:
844 999 943 1052 namsi
958 999 1062 1066 quidem
1113 999 1212 1066 scripto
1232 1005 1257 1052 et
1274 1001 1438 1068 emancipato
1462 1001 1603 1066 praeterito
1629 1003 1707 1056 matri
1731 1001 1848 1056 defuncti
1872 1001 1917 1054 de-

257 1075 307 1126 hoc
326 1075 415 1122 actum
433 1073 480 1132 est,
497 1075 528 1120 ut
544 1071 571 1122 in
590 1069 729 1122 cuiuslibet
746 1081 859 1134 persona
877 1067 1062 1120 ususfructus
1113 1067 1193 1120 ducto
1211 1065 1368 1120 usufructu
1385 1067 1533 1136 proprietas
1550 1065 1636 1134 legata
1653 1069 1701 1136 sit,
1724 1071 1807 1138 petita
1825 1073 1919 1122 contra

259 1137 475 1200 constitueretur,
500 1137 584 1188 solam
605 1133 794 1204 proprietatem
816 1133 939 1186 heredem
958 1133 1062 1186 debitu-
1112 1135 1218 1186 tabidas
1242 1135 1372 1188 bonorum
1394 1133 1560 1202 possessione
1585 1135 1664 1200 plena
1688 1139 1838 1206 proprietas
1861 1135 1917 1204 pie-

260 1219 330 1258 rum:
349 1203 390 1256 sin
405 1203 534 1256 autemid
548 1207 639 1256 actum
652 1201 695 1264 sit,
713 1207 744 1252 ut
757 1201 911 1270 promissori
925 1201 1062 1254 dumtaxat

258 1285 320 1324 usus
338 1269 441 1324 fructus
459 1269 635 1336 reciperetur,
658 1269 764 1336 plenam
781 1269 969 1336 proprietatem
986 1271 1061 1324 here-

258 1339 315 1390 dem
334 1339 389 1390 eius
408 1337 564 1390 debiturum.
591 1337 642 1390 hoc
664 1337 702 1388 ita
725 1351 754 1390 se
776 1335 874 1390 habere
896 1335 1062 1390 manifestius

258 1407 284 1458 in
303 1419 384 1458 causa
401 1405 547 1472 legatorum
565 1419 706 1472 apparere:
726 1405 822 1456 etenim
836 1405 858 1456 si
872 1405 957 1468 heres,
976 1419 1061 1472 aquo

257 1473 376 1526 detracto
395 1489 446 1526 usu
463 1471 552 1524 fructu
569 1471 717 1540 proprietas
734 1471 821 1540 legata
838 1471 885 1534 sit,
908 1471 1062 1540 priusquam

258 1557 291 1594 ex
308 1545 465 1594 testamento
489 1545 624 1606 ageretur,
647 1539 803 1604 decesserit,
827 1541 913 1594 minus
938 1537 1061 1594 dubitan-

257 1609 333 1672 dum,
356 1609 421 1676 quin
443 1609 519 1660 heres
537 1609 592 1660 eius
609 1607 715 1674 plenam
731 1609 920 1676 proprietatem
938 1609 972 1660 sit
989 1609 1061 1662 debi-

257 1683 339 1728 turus.
365 1675 487 1744 idemque
510 1681 537 1726 et
559 1675 581 1728 si
605 1675 654 1726 sub
678 1675 832 1728 condicione
857 1675 975 1728 similiter
990 1675 1060 1744 lega·

257 1747 271 1796 ‘l
306 1743 424 1796 tum¹sit
433 1741 595 1810 etpendente
605 1741 758 1796 condicione
767 1745 842 1798 heres
852 1743 971 1796 decessit.
990 1743 1060 1798 Usus

258 1807 360 1864 fructus
383 1811 453 1864 servi
475 1809 544 1864 litio
570 1811 673 1876 legatus
700 1817 753 1864 est:
781 1825 840 1864 cum
866 1825 914 1878 per
938 1811 1062 1864 heredem

257 1881 353 1942 staret,
372 1893 424 1944 quo
441 1877 526 1930 minus
542 1883 737 1946 praestaretur,
761 1893 851 1930 servus
869 1881 988 1932 mortuus
1007 1885 1060 1930 est:

258 1943 328 1996 aliud
346 1945 398 1996 dici
415 1961 469 1998 non
485 1959 564 2012 posse
581 1945 633 2008 ait,
657 1961 736 2014 quam
753 1945 782 1996 in
797 1945 825 1996 id
842 1945 987 2014 obligatum
1004 1961 1066 2008 esse

257 2011 387 2076 heredem,
406 2013 498 2080 quanti
514 2011 634 2080 legatarii
650 2013 754 2066 intersit
770 2029 870 2066 moram
887 2011 989 2066 factam
1006 2029 1060 2066 non

257 2093 327 2142 csse,
346 2083 375 2132 ut
394 2079 495 2134 scilicet
512 2095 545 2134 ex
562 2095 592 2134 eo
610 2085 728 2148 tempore
745 2081 773 2132 in
791 2081 872 2144 diem,
890 2081 917 2134 in
936 2095 987 2148 quo
1005 2095 1060 2134 ser-

257 2161 304 2198 vus
323 2147 357 2200 sit
373 2151 508 2212 mortuus,
531 2163 595 2200 usus
617 2147 721 2200 fructus
745 2149 905 2200 aestimetur.
932 2149 975 2202 cui
997 2147 1062 2200 illud

258 2229 363 2282 quoque
381 2229 545 2284 consequeus
563 2231 636 2280 esse,
654 2221 693 2280 ut,
710 2215 732 2268 si
749 2215 806 2284 ipsc
824 2215 909 2268 Titius
926 2215 1061 2280 moriatur,

257 2281 375 2336 similiter
393 2299 426 2336 ex
443 2297 474 2336 eo
491 2287 617 2350 tempore,
637 2299 688 2350 quo
707 2299 780 2336 mora
798 2283 832 2336 sit
848 2281 931 2346 faeta,
947 2283 976 2336 in
994 2283 1061 2336 diem

257 2349 348 2404 mortis
363 2349 510 2404 aestimatio
520 2349 696 2404 ususfructus
707 2351 797 2404 heredi
806 2351 861 2405 eius
871 2355 1059 2420 praestaretur.

291 2413 330 2472 37
354 2417 435 2470 Ionis
457 2419 524 2470 libro
548 2419 661 2488 septimo
687 2419 872 2488 quaestionum
908 2419 1060 2486 Quaesitum

257 2491 304 2548 est,
323 2485 353 2550 si,
372 2501 432 2538 oum
449 2485 477 2536 in
494 2499 577 2538 annos
596 2485 686 2540 decem
701 2485 836 2554 proximos
853 2501 931 2538 usum
944 2485 1060 2538 fructum

257 2551 288 2604 de
306 2557 333 2606 tc
350 2551 408 2606 dari
425 2551 566 2620 stipulatus
582 2569 674 2620 essem,
692 2569 739 2620 per
752 2559 778 2606 tc
792 2553 894 2608 steterit
908 2569 959 2622 quo
974 2553 1061 2606 minus

257 2619 331 2674 dares
350 2625 376 2674 et
394 2621 600 2688 quinquennium
617 2621 758 2686 transierit,
776 2621 840 2688 quid
853 2621 918 2674 iuris
933 2621 975 2674 sit.
999 2621 1062 2674 item

257 2689 279 2742 si
296 2687 379 2740 Stichi
402 2689 493 2740 decem
516 2703 646 2740 annorum
669 2689 848 2756 proximorum
872 2703 966 2756 operas
985 2689 1062 2742 dete

257 2755 314 2806 dari
337 2755 479 2824 stipulatus
503 2755 552 2808 sim
576 2761 603 2806 et
626 2755 743 2808 similiter
761 2755 966 2874 quinquennium
983 2771 1061 2824 prac-

255 2821 333 2874 teriit.
359 2821 495 2890 respondit
513 2823 568 2876 eius
585 2823 711 2890 temporis
729 2839 805 2876 usum
835 2827 939 2876 ructum
957 2827 983 2876 ct
998 2839 1060 2892 ope-

256 2905 298 3010 qas
315 2895 388 2944 recte
405 2891 468 2958 peti,
486 2891 558 2958 quod
571 2905 619 2958 per
633 2897 659 2944 te
673 2895 838 2944 transactum
854 2895 959 2958 estque
974 2891 1060 2944 minus

274 2963 388 3010 arentur.

290 3021 328 3082 38
347 3025 523 3078 Maecianus
538 3025 605 3080 libro
623 3027 700 3078 tertio
719 3027 912 3080 institutionum
938 3025 1060 3078 Nonuti-

256 3099 300 3146 tur
316 3091 544 3156 usufructuarium
570 3095 594 3146 si
616 3109 666 3146 nec
688 3093 746 3160 ipse
769 3099 860 3146 utatur
883 3109 932 3146 nec
956 3093 1061 3146 nomine

256 3161 310 3214 eius
334 3161 417 3224 alius,
441 3165 507 3226 puta
533 3161 576 3226 qui
600 3159 663 3214 emit
684 3161 726 3212 vel
748 3161 792 3228 qui
817 3159 944 3214 conduxit
960 3161 1000 3214 rel
1018 3161 1061 3214 cui

255 3229 368 3282 donatus
387 3233 428 3280 est
443 3227 486 3280 vel
502 3229 547 3296 qui
563 3227 695 3294 negotium
715 3229 771 3280 eius
794 3229 868 3294 gerit.
896 3229 975 3294 plane
995 3227 1061 3280 illud

255 3295 375 3358 interest,
401 3295 485 3362 quod,
509 3295 531 3348 si
548 3295 688 3348 vendidero
706 3311 783 3346 usum
805 3295 935 3358 fructum,
960 3295 1061 3346 etiamsi

256 3367 544 3486 emiihliitffiiii
562 3361 746 3498 {iiiiii
759 3360 1062 3498 instititutis-a

255 3499 316 3568 quia
333 3497 378 3566 qui
395 3495 480 3564 pretio
496 3497 608 3560 fruitur,
633 3513 687 3550 non
710 3499 795 3550 minus
817 3497 916 3550 habere
933 3497 1060 3566 intellegi-

254 3571 306 3628 tur,
325 3581 403 3634 quam
422 3565 466 3634 qui
482 3565 623 3634 principali
639 3579 668 3618 rc
686 3565 769 3616 utitur
786 3563 891 3618 fruitur.

289 3631 327 3688 40
345 3631 522 3688 Maecianus
538 3633 605 3688 libro
623 3633 700 3686 tertio
719 3633 914 3686 institutionum
948 3631 1060 3700 Quodsi

256 3699 396 3764 donavero,
415 3715 470 3754 non
488 3699 554 3754 ahos
571 3701 681 3764 retineo,
698 3699 749 3752 nisi
765 3701 809 3754 ille
825 3703 926 3754 utatur.

288 3765 325 3824 41
346 3767 515 3820 irruituro
538 3769 648 3838 septimo
673 3769 867 3822 institutionum
902 3765 1011 3820 Statuae
1034 3773 1061 3820 et

255 3835 372 3902 imaginis
390 3849 469 3888 usum
485 3835 603 3886 fructum
615 3851 695 3902 posse
709 3835 819 3904 relinqui
833 3835 917 3902 magis
932 3839 980 3898 est,
999 3835 1062 3902 quia

255 3908 281 3956 et
291 3903 365 3970 ipsae
376 3901 477 3956 habent
488 3901 603 3970 aliquam
617 3901 765 3966 utilitatem,
784 3901 807 3954 si
821 3917 872 3970 quo
888 3903 947 3954 loco
963 3917 1060 3970 oppor-

257 3975 267 4022 1
304 3973 369 4040 tuno
386 3973 528 4038 ponantur.
563 3969 640 4024 Licet
653 3969 761 4038 praedia
776 3969 908 4036 quaedam
921 3967 985 4022 talia
999 3969 1060 4034 sint,

254 4043 284 4090 ut
300 4037 381 4104 magis
398 4037 427 4090 in
445 4051 476 4090 ea
492 4037 687 4104 impendamus,
711 4051 790 4104 quam
813 4037 846 4090 de
867 4037 919 4090 illis
938 4036 1060 4104 adquira-

254 4121 320 4166 mus,
338 4111 426 4158 tamen
444 4105 630 4158 ususfructus
649 4121 738 4158 eorum
755 4105 869 4174 relinqui
885 4109 982 4174 potest.

288 4167 327 4228 42
345 4171 551 4226 Focanrvrrrros
566 4173 635 4226 iiim
652 4171 791 4228 undecimo
809 4173 1004 4226 institutionum
1031 4171 1060 4224 Si

254 4239 299 4292 alii
315 4255 387 4302 usus,
407 4239 451 4292 alii
464 4237 568 4294 fructus
584 4237 699 4294 eiusdem
712 4239 750 4294 rei
765 4241 872 4306 legetur,
890 4239 918 4292 id
934 4239 1062 4306 percipiet

255 4305 432 4372 fructuarius,
455 4305 527 4374 quod
549 4307 656 4360 usuario
680 4307 825 4374 supererit:
851 4321 900 4360 neo
926 4307 1012 4360 minus
1036 4313 1063 4360 et

258 4377 267 4426 1
304 4373 361 4442 ipse
377 4373 483 4426 fruendi
507 4389 588 4428 cansa
613 4379 639 4428 ct
655 4389 732 4426 usum
749 4375 867 4428 habebit.
902 4373 1003 4428 Rerum
1028 4391 1062 4426 an

256 4441 444 4496 aestimationis
462 4457 527 4496 usus
544 4439 648 4496 fructus
665 4441 714 4494 tibi
730 4441 840 4510 legetur,
857 4442 981 4498 interest:
999 4457 1062 4494 nam

254 4509 276 4560 si
294 4507 399 4576 quidem
416 4525 503 4564 rerum
519 4509 629 4576 legetur,
648 4509 762 4564 deducto
781 4525 821 4574 eo,
839 4509 912 4578 quod
924 4515 1062 4578 praeterea

254 4577 302 4628 tibi
315 4575 432 4642 legatum
445 4579 492 4642 est,
510 4591 543 4630 ex
557 4575 663 4644 reliquis
680 4577 755 4630 bonis
764 4593 841 4630 usum
849 4577 967 4630 fructum
974 4579 1059 4630 feres:

256 4643 399 4696 sinautem
417 4645 606 4696 aestimationis
624 4643 809 4696 ususfructus
833 4645 936 4712 legatus
959 4651 1011 4710 est,
1035 4645 1062 4698 id

255 4725 359 4778 quoque
376 4711 564 4774 aestimabitur,
584 4711 655 4778 quod
668 4717 806 4778 praeterea
819 4711 869 4764 tibi
882 4711 997 4780 legatum
1012 4717 1059 4766 est.

257 4791 315 4828 nam
333 4777 438 4846 saepius
456 4777 525 4832 idem
542 4777 652 4846 legando
670 4793 723 4830 non
741 4777 851 4846 amphat
864 4785 977 4834 testator
989 4781 1061 4846 lega-

256 4849 323 4898 tum:
346 4861 376 4900 re
399 4851 489 4900 autem
511 4847 597 4916 legata
621 4845 700 4898 etiam
723 4845 933 4900 aestimationem
950 4849 1005 4900 eius
1023 4849 1060 4900 le-

255 4911 340 4978 gando
359 4913 487 4980 ampliare
503 4913 618 4982 legatum
633 4927 783 4982 possumus.

289 4975 327 5036 43
342 4979 598 5036 Uerrucostiiroso
620 4983 682 5034 timo
690 4981 847 5050 reputarem
872 4979 963 5032 Etiam
977 4981 1060 5050 partis

256 5043 384 5100 bonorum
401 5063 466 5102 usus
483 4999 681 5116 fructusibgam’
695 5053 792 5116 potest.
818 5047 840 5102 si
854 5053 944 5098 tamen
957 5063 1011 5100 non
1027 5049 1061 5102 sit

256 5115 403 5232 speqialitcr
418 5113 492 5170 lacta
506 5117 589 5184 partis
604 5117 710 5182 mentio,
729 5115 837 5170 dimidia
851 5129 915 5184 pars
929 5115 1060 5170 bonorum

256 5191 413 5238 nommetur.

289 5247 328 5308 44
345 5251 500 5306 Nanassos
514 5251 581 5306 libro
596 5253 673 5306 tertio
688 5251 903 5308 membranorum
929 5249 1059 5304 Usufruc·

254 5319 355 5374 tuarius
373 5335 470 5374 novum
486 5321 627 5374 tectorium
644 5321 803 5390 parietibus,
828 5321 874 5390 qui
896 5319 975 5374 rudes
993 5317 1059 5372 fois-

255 5393 320 5452 sent‚
337 5387 473 5458 imponere
486 5405 540 5442 non
554 5395 651 5456 potest,
671 5389 732 5458 quia
745 5389 851 5442 tametsi
865 5389 999 5442 meliorem
1014 5401 1059 5440 ex-

255 5455 363 5510 colendo
379 5455 528 5512 aedificium
542 5457 640 5512 domini
656 5473 765 5512 causam
776 5457 898 5512 facturus
909 5461 987 5520 esset,
1005 5471 1059 5508 non

255 5699 284 5764 (1)
302 5701 516 5768 sirS,lcgatuaF
556 5701 587 5764 (a)
605 5699 931 5752 aliudnorumfaeeredett
981 5699 1012 5760 tt)
1032 5711 1062 5746 ex

254 5767 352 5822 Plautio
362 5773 548 5824 Brcncmcnous
625 5771 656 5834 (t)
675 5767 900 5836 habeslportesF‘¹
983 5767 1014 5826 iil
1034 5769 1061 5812 Ul

1116 1207 1123 1252 1
1162 1201 1225 1254 tatis
1242 1207 1364 1270 respectu
1381 1201 1460 1254 matri
1482 1201 1644 1270 praestanda
1669 1209 1716 1256 est.
1753 1205 1782 1258 Si
1804 1209 1917 1258 testator

1112 1269 1225 1332 iusserit,
1243 1275 1274 1320 nt
1290 1271 1365 1322 heres
1382 1267 1504 1322 reficeret
1520 1267 1640 1332 insulam,
1660 1271 1733 1324 cuius
1751 1289 1829 1324 nsum
1845 1273 1918 1324 fruc·

1113 1341 1169 1388 tum
1186 1337 1295 1404 legavit,
1319 1339 1407 1404 potest
1423 1333 1586 1390 fructuarius
1604 1351 1637 1388 ex
1654 1341 1812 1394 testamento
1831 1355 1917 1408 agere,

1114 1409 1143 1456 ut
1160 1405 1236 1456 heres
1253 1405 1380 1456 reficeret.

1148 1467 1187 1526 47
1205 1471 1374 1526 Pomponius
1395 1471 1462 1526 libro
1485 1471 1578 1540 quinto
1602 1487 1639 1524 coc
1656 1469 1764 1524 Plautio
1800 1473 1917 1540 Quodsi

1113 1539 1188 1594 heres
1212 1541 1264 1594 hoc
1280 1555 1335 1594 non
1351 1537 1459 1594 fecisset
1476 1545 1503 1592 et
1520 1539 1554 1594 ob
1571 1537 1599 1592 id
1614 1537 1777 1592 fructuarius
1794 1541 1848 1594 frui
1865 1559 1918 1596 non

1113 1607 1256 1674 potuisset,
1280 1609 1355 1662 heres
1379 1607 1458 1660 etiam
1481 1605 1622 1660 fructuarii
1640 1621 1669 1660 eo
1687 1605 1792 1660 nomine
1808 1609 1918 1662 habebit

1113 1675 1257 1740 actionem,
1283 1675 1374 1744 quanti
1391 1673 1531 1728 fructuarii
1547 1673 1712 1726 interfuisset
1727 1689 1780 1726 non
1799 1689 1918 1730 cessasse

1112 1741 1242 1808 heredem,
1260 1743 1322 1798 licet
1339 1759 1403 1796 usus
1419 1741 1524 1796 fructus
1540 1747 1625 1796 morte
1642 1741 1698 1796 eius
1715 1741 1857 1794 interisset.

1145 1805 1185 1866 48
1204 1809 1322 1864 Prosus
1343 1811 1410 1864 iiiro
1433 1825 1505 1864 nono
1528 1809 1565 1862 uri
1586 1807 1722 1864 Plautium
1757 1807 1785 1862 Si
1810 1809 1920 1864 ahsente

1111 1877 1259 1930 fructuario
1277 1879 1352 1930 heres
1370 1877 1446 1946 quasi
1464 1877 1594 1946 negotium
1611 1877 1666 1930 eius
1689 1891 1782 1944 gerens
1808 1875 1918 1942 reficiat,

1112 1961 1145 1998 ne
1163 1945 1276 1998 otiorum
1292 1951 1426 2014 gestorum
1443 1945 1574 1998 actionem
1597 1945 1722 1998 adversus
1745 1943 1919 1996 fructuarium

1113 1963 1203 2078 habet,
1220 2013 1325 2066 tametsi
1342 2013 1392 2066 sihi
1409 2011 1436 2064 in
1453 2011 1572 2066 futurum
1588 2013 1665 2066 heres
1682 2027 1744 2080 pros
1764 2011 1854 2064 iceret.
1872 2011 1919 2064 sed

1113 2081 1135 2134 si
1160 2085 1270 2148 paratus
1297 2079 1331 2132 sit
1355 2079 1479 2134 recedere
1504 2079 1537 2134 ab
1560 2095 1611 2132 usu
1634 2077 1725 2132 fructu
1745 2029 1919 2142 bustuarias,

1112 2163 1167 2200 non
1190 2153 1231 2200 est
1255 2147 1386 2214 cogendus
1409 2147 1532 2212 reficere,
1557 2147 1604 2200 sed
1628 2147 1731 2200 actione
1755 2147 1920 2214 negotiorum

1115 2221 1126 2266 1
1162 2221 1295 2284 gestorum
1312 2215 1446 2268 liberatur.
1482 2215 1582 2268 Silvam
1599 2215 1741 2278 caeduam,
1760 2213 1862 2266 etiamsi
1878 2215 1919 2266 in-

1112 2283 1266 2350 tempestive
1289 2297 1367 2336 caesa
1390 2281 1438 2346 sit,
1462 2281 1602 2336 infructu
1626 2297 1683 2336 esse
1707 2287 1826 2346 constat,
1850 2281 1920 2334 sicut

1112 2349 1170 2404 olea
1187 2349 1328 2403 immatura
1351 2351 1433 2414 lecta,
1456 2351 1521 2404 item
1542 2349 1650 2404 faenum
1671 2349 1839 2404 immaturum
1859 2365 1919 2402 cae·

1112 2433 1171 2470 sum
1187 2417 1216 2470 in
1233 2415 1322 2470 fructu
1340 2421 1387 2470 est.

1146 2479 1186 2540 49
1205 2485 1374 2538 Pomponius
1403 2483 1470 2540 libro
1502 2485 1613 2556 septimo
1640 2485 1677 2538 oct
1702 2483 1857 2538 Plautium³
1892 2483 1920 2536 Si

1112 2551 1176 2604 mihi
1199 2557 1225 2608 et
1247 2551 1296 2606 tihi
1321 2551 1508 2620 aSempronio
1533 2557 1560 2606 et
1575 2551 1665 2606 Mucio
1688 2551 1829 2606 heredibus
1853 2567 1918 2604 usus

1112 2619 1216 2674 fructus
1231 2621 1333 2688 legatus
1349 2623 1392 2686 sit,
1409 2635 1455 2688 ego
1469 2621 1497 2675 in
1511 2625 1614 2688 partem
1623 2619 1772 2688 Sempronii
1786 2621 1920 2690 quadran·

1112 2693 1180 2752 tem,
1205 2689 1233 2740 in
1250 2693 1351 2756 partem
1367 2689 1452 2740 Mucii
1473 2689 1584 2740 alterum
1608 2689 1782 2758 quadrantem
1805 2689 1920 2752 habebo,

1112 2761 1142 2808 tu
1160 2755 1221 2808 item
1238 2755 1265 2806 in
1283 2755 1420 2824 utriusque
1436 2761 1513 2824 parte
1529 2771 1619 2808 eorum
1634 2755 1793 2828 quadrantes
1808 2755 1890 2808 habes
1900 2761 1919 2806 ⁴.

1146 2821 1185 2878 50
1204 2821 1323 2876 Paucos
1337 2821 1405 2878 It'iro
1424 2823 1500 2878 tertio
1518 2821 1555 2876 oct
1569 2821 1702 2878 Vitellium
1737 2821 1822 2876 Titius
1841 2821 1919 2874 Mac-

1112 2889 1153 2942 sio
1170 2887 1282 2942 tondum
1300 2889 1480 2944 Tusculanum
1502 2889 1608 2958 reliquit
1631 2889 1738 2958 eiusque
1761 2889 1824 2944 fidei
1848 2905 1919 2944 com-

1112 2957 1191 3022 misit,
1209 2961 1239 3010 ut
1256 2957 1372 3010 eiusdem
1385 2957 1463 3010 fundi
1476 2959 1560 3026 partis
1574 2957 1696 3010 dimidiae
1711 2973 1788 3012 usum
1802 2957 1920 3010 fructum

1112 3025 1198 3078 Titiae
1215 3031 1377 3094 praestaret:
1400 3025 1522 3078 Maevius
1544 3025 1632 3078 villam
1654 3031 1785 3080 vetustate
1808 3041 1920 3094 corrup·

1112 3099 1166 3144 tam
1184 3093 1359 3146 necessariam
1382 3093 1506 3160 cogendis
1532 3099 1557 3146 et
1580 3093 1765 3148 conservandis
1788 3093 1920 3146 fructibus

1112 3159 1273 3214 aedificavit:
1298 3161 1446 3226 quaesitum
1471 3163 1524 3224 est,
1547 3175 1583 3212 an
1605 3165 1726 3228 sumptus
1750 3165 1854 3228 partem
1870 3177 1919 3226 pro

1112 3225 1233 3294 portione
1256 3243 1320 3280 usus
1342 3227 1446 3280 fruetus
1464 3227 1533 3280 Titia
1557 3223 1719 3294 adgnoscere
1742 3229 1845 3282 debeat.
1878 3243 1919 3280 re-

1112 3293 1219 3362 spondit
1244 3293 1383 3358 Scaevola,
1408 3295 1445 3358 si,
1468 3295 1620 3364 priusquam
1639 3309 1704 3348 usus
1721 3295 1824 3350 fructus
1841 3313 1920 3364 prae·

1112 3367 1242 3426 staretur,
1260 3363 1409 3416 necessario
1427 3361 1599 3426 aedificasset,
1617 3379 1673 3416 non
1690 3363 1755 3416 alias
1774 3363 1920 3432 cogendum

1112 3429 1250 3484 restituere
1267 3445 1345 3498 quam
1364 3431 1419 3484 eius
1438 3433 1576 3498 sumptus⁵
1593 3431 1662 3484 ratio
1679 3431 1833 3484 haberetur.

1146 3493 1184 3554 51
1204 3497 1392 3552 Monssrnvus
1414 3497 1482 3552 tihro
1499 3515 1570 3552 nono
1588 3499 1618 3552 di
1640 3499 1803 3552 orontianum
1848 3499 1919 3556 Titio

1111 3569 1179 3618 ‘cum
1190 3565 1323 3618 morietur'
1342 3581 1405 3620 usus
1429 3565 1533 3620 fructus
1549 3565 1615 3618 ιιιιιιΙ
1628 3565 1677 3620 'ter
1693 3565 1776 3634 legari
1791 3567 1919 3634 intellegi-

1112 3639 1169 3696 tur,
1193 3631 1220 3684 in
1238 3633 1265 3686 id
1281 3639 1386 3712 tempus
1403 3633 1525 3688 videlicet
1542 3633 1670 3698 collatus,
1695 3649 1747 3704 quo
1772 3651 1788 3688 a
1805 3651 1921 3704 persona

1060 3727 1061 3730 ι
1113 3699 1248 3754 discedere
1263 3703 1364 3768 incipit.

1146 3763 1185 3824 52
1203 3769 1284 3820 Ioum
1297 3769 1452 3822 libronono
1469 3769 1625 3838 reputatum
1652 3769 1708 3822 Usu
1721 3767 1812 3822 fructu
1826 3771 1920 3824 relicto

1113 3837 1135 3890 si
1157 3835 1258 3888 tributa
1281 3835 1336 3888 eius
1362 3837 1401 3890 rei
1426 3841 1609 3904 praestentur,
1635 3853 1668 3890 ea
1692 3835 1920 3892 usufructuarium

1112 3907 1248 3972 praestare
1266 3903 1361 3956 debere
1378 3903 1487 3956 dubium
1503 3919 1556 3956 non
1575 3909 1623 3970 est,
1640 3903 1692 3958 nisi
1706 3905 1856 3972 specialiter
1871 3921 1920 3958 no-

1112 3971 1182 4024 mine
1206 3971 1400 4024 fideicommissi
1421 3973 1544 4024 testatori
1559 3971 1692 4040 placuisse
1709 3973 1836 4040 probetur
1852 3973 1920 4026 haec

1113 4053 1163 4108 quo
1183 4053 1217 4090 ue
1234 4039 1268 4092 ab
1285 4039 1382 4092 herede
1399 4037 1464 4092 dari.

1146 4055 1185 4162 55
1203 4105 1371 4160 invocares
1390 4105 1458 4162 libro
1481 4107 1598 4162 secundo
1616 4105 1789 4178 epistulomtm
1825 4105 1853 4160 Si
1877 4105 1920 4160 cui

1112 4175 1215 4228 insulae
1231 4189 1296 4228 usus
1313 4173 1416 4228 fructus
1433 4175 1535 4242 legatus
1558 4179 1613 4240 est,
1637 4175 1762 4244 quamdiu
1786 4173 1920 4240 quaelihet

1112 4241 1199 4310 portio
1217 4243 1273 4294 eius
1290 4241 1392 4294 insrdae
1406 4247 1534 4308 remanet,
1552 4243 1633 4296 totius
1648 4241 1698 4296 soli
1710 4257 1788 4294 usum
1802 4239 1920 4294 fructum

1112 4309 1216 4362 retinet.
1385 4305 1395 4322 ‘

1146 4373 1461 4432 satannianorum
1480 4375 1656 4446 epistularum
1690 4375 1745 4428 Sub
1764 4373 1920 4426 condicione

1112 4459 1176 4498 usus
1193 4443 1296 4498 fructus
1312 4441 1389 4498 fundi
1406 4459 1422 4498 a
1439 4447 1467 4498 te
1482 4443 1580 4498 herede
1597 4443 1667 4496 Titio
1684 4441 1786 4508 legatus
1811 4445 1865 4494 est:
1889 4447 1920 4492 tu

1112 4513 1223 4566 fundum
1231 4513 1294 4564 mihi
1303 4511 1476 4564 vendidistiet
1484 4511 1615 4564 tradidisti
1624 4509 1743 4562 detracto
1752 4521 1803 4560 usu
1811 4507 1917 4562 fructu:

1112 4595 1225 4648 quaero,
1244 4581 1266 4634 si
1283 4595 1337 4632 non
1355 4579 1470 4636 extiterit
1488 4579 1620 4640 condicio,
1639 4581 1686 4630 aut
1703 4575 1818 4630 extiterit
1835 4581 1862 4630 et
1878 4577 1919 4630 in·

1112 4647 1184 4700 teriit
1197 4663 1261 4702 usus
1275 4645 1387 4714 fructus,
1405 4645 1441 4702 ad
1455 4661 1533 4714 quem
1546 4645 1686 4712 pertineat.
1710 4643 1860 4710 respondit:
1878 4645 1919 4696 in-

1111 4715 1206 4782 tellego
1229 4719 1257 4768 te
1280 4715 1311 4768 de
1334 4729 1385 4768 usu
1405 4713 1498 4768 fructu
1520 4725 1647 4780 quaerere
1670 4709 1715 4788 qui
1736 4710 1838 4778 legatus
1865 4719 1917 4764 est:

1112 4781 1203 4852 itaque
1220 4783 1243 4834 si
1261 4781 1381 4838 condicio
1399 4781 1455 4834 cius
1478 4777 1559 4846 legati
1581 4777 1710 4842 extiterit,
1734 4777 1842 4832 dubium
1865 4795 1920 4834 non

1112 4855 1166 4914 est,
1190 4849 1255 4918 quin
1277 4849 1311 4904 ad
1328 4849 1338 4902 l
1370 4847 1483 4902 atomum
1499 4847 1522 4900 is
1539 4843 1725 4900 ususfructus
1742 4847 1875 4916 pertineat
1892 4855 1920 4902 et

1112 4917 1135 4970 si
1151 4917 1240 4986 aliquo
1259 4933 1356 4972 casua
1392 4931 1422 4970 eo
1441 4913 1554 4966 amissus
1570 4911 1660 4978 fuerit,
1679 4913 1713 4966 ad
1729 4915 1920 4984 proprietatem

1110 4983 1187 5036 fundi
1203 4989 1363 5038 revertatur:
1382 4981 1455 5050 quod
1471 4981 1495 5034 si
1507 4979 1628 5034 condicio
1642 4997 1697 5036 non
1711 4983 1835 5048 extiterit,
1854 4999 1919 5036 usus

1110 5049 1214 5104 fructus
1232 5051 1267 5104 ad
1283 5049 1406 5104 heredem
1422 5047 1573 5116 pertinebit,
1590 5047 1629 5102 ita
1644 5053 1676 5102 ut
1691 5049 1720 5104 in
1733 5051 1788 5104 eius
1803 5065 1920 5118 persona

1112 5117 1200 5172 omnia
1217 5117 1308 5170 eadem
1325 5121 1477 5180 serventur,
1502 5129 1569 5184 quae
1592 5115 1627 5170 ad
1649 5119 1823 5170 amittendum
1840 5133 1919 5172 usum

1111 5185 1245 5238 fructum6
1258 5185 1391 5252 pertinent
1405 5189 1431 5236 et
1446 5185 1544 5238 servari
1557 5185 1652 5240 solent.
1678 5191 1794 5240 ceterum
1805 5185 1834 5240 in
1850 5185 1918 5240 eius-

1111 5251 1183 5306 modi
1191 5251 1341 5306 venditione
1355 5251 1530 5320 spectandum
1544 5253 1572 5308 id
1587 5255 1644 5320 erit,
1663 5255 1734 5324 quod
1747 5253 1815 5308 inter
1831 5269 1918 5308 emen-

1110 5327 1164 5374 tem
1176 5319 1383 5388 vendentemque
1396 5321 1556 5388 oonvenerit,
1573 5329 1611 5388 ut,
1630 5323 1653 5378 si
1670 5323 1822 5392 apparuerit
1839 5323 1920 5392 legati

1112 5403 1192 5442 causa
1203 5403 1262 5440 eum
1277 5387 1484 5444 usumfructum
1499 5397 1639 5460 exceptum
1647 5407 1705 5446 esse
1713 5391 1802 5456 etiam,
1817 5389 1840 5444 si
1856 5407 1919 5442 con·

1111 5455 1179 5508 dicio
1188 5469 1243 5508 non
1253 5455 1375 5522 extiterit,
1390 5457 1494 5512 restitui
1509 5473 1525 5512 a
1538 5459 1675 5512 venditore
1688 5459 1800 5526 emptori
1814 5457 1919 5512 debeat.

1815 5605 1920 5616 ---—·

1113 5697 1158 5746 ins.
1228 5701 1260 5760 (6)
1279 5699 1433 5752 usufructum
1444 5701 1470 5752 F
