4366 6258
260 409 444 458 ARBI'IRIUM
464 409 672 458 encaeniatur

262 593 294 630 ex
312 575 501 642 compromisso
515 577 630 646 petitur,
649 573 672 628 is
690 573 735 642 qui
752 573 883 628 cummisit
901 571 1065 650 damnandus

261 651 316 706 θεῖ,
335 659 384 696 εθθ
400 643 525 708 interest,
544 659 579 696 an
598 641 743 694 adversarii
760 641 817 696 eius
834 641 955 696 interfuit
972 641 1066 694 arbitrr

262 711 393 766 sententia
410 709 476 762 stari
492 727 543 766 nec
560 723 602 762 ne.

296 775 335 836 39
353 777 522 832 invasurus
544 777 612 832 libro
638 775 777 832 andecimo
805 793 843 832 cc
870 777 960 832 Cassio
1004 775 1066 830 Non

261 865 294 902 ex
312 845 432 900 omnibus
458 847 560 910 εθεεῖε,
584 859 618 898 ex
642 843 737 914 quibus
762 845 856 898 arbitri
872 845 989 916 paritum
1007 859 1065 898 sen-

261 915 360 970 tentiae
377 931 432 968 non
449 921 498 980 est,
519 929 607 982 poena
624 927 657 966 ex
675 929 733 968 com
752 913 864 968 remisso
889 913 1066 976 committitur,

263 985 309 1040 sed
328 997 361 1036 ex
377 981 419 1036 his
437 981 589 1046 dumtaxat,
613 997 681 1050 quae
704 997 721 1034 a
762 981 921 1036 solutionem
938 981 1067 1048 pecuniae

262 1057 309 1106 aut
317 1065 426 1118 operam
434 1049 612 1120 praebendam
620 1049 764 1118 pertinent.
776 1047 858 1102 Iucu
873 1049 1068 1104 contumaciam

260 1119 399 1186 litigatoris
425 1117 525 1172 arbiter
547 1117 642 1186 punire
664 1117 763 1186 poterit
779 1117 919 1186 pecuniam
943 1131 1003 1170 eum
1021 1117 1067 1168 ad-

260 1185 377 1240 versario
402 1185 484 1240 dare-¹
506 1183 637 1240 iubendo:
663 1201 714 1252 quo
732 1183 761 1238 in
777 1201 887 1240 numero
905 1185 998 1238 baberi
1014 1201 1068 1238 nou

260 1257 380 1324 aportat,
405 1255 428 1308 si
449 1253 557 1306 testium
579 1253 688 1306 nomina
711 1267 744 1306 ex
761 1253 894 1306 sententia
911 1253 1005 1306 arbitri
1022 1267 1067 1306 ex-

264 1329 274 1374 1
311 1321 396 1374 hibita
413 1337 467 1374 non
485 1327 554 1374 sunt.
591 1321 657 1374 Oum
674 1319 774 1372 arbiter
800 1321 868 1374 ᾱῖθιε
887 1319 1068 1390 compromissi

260 1387 392 1458 ρεθῖθεεῖ2
415 1389 501 1452 ῖεεεῖῖ,
521 1405 581 1440 cum
598 1389 651 1444 hoc
669 1389 692 1442 ei
709 1387 868 1456 permissum
887 1393 934 1452 est,
959 1387 1067 1442 alterius

260 1471 334 1510 mora
353 1457 446 1510 alteri3
464 1455 499 1510 ad
515 1471 630 1522 poenam
648 1457 878 1510 committendam⁴
896 1455 1014 1524 prodest.

294 1521 333 1582 40
353 1525 524 1578 Postremus
537 1525 604 1578 libro
620 1525 759 1578 undecimo
774 1541 811 1578 coc
820 1525 903 1578 coriis
912 1523 1068 1578 lectionibus

260 1591 367 1646 Arbiter
384 1591 501 1644 calendis
519 1591 651 1644 Ianuariis
669 1591 762 1646 adesse
784 1591 863 1646 iussit
880 1597 906 1646 et
923 1597 986 1646 ante
1009 1607 1068 1646 eum

260 1659 329 1714 diem
347 1657 473 1714 decessit:
493 1659 560 1712 alter
578 1675 610 1712 ex
626 1659 803 1726 litigatoribus
821 1675 876 1714 non
893 1657 986 1714 adluit.
1005 1675 1066 1726 pro·

260 1727 303 1780 cul
321 1725 401 1780 dubio
419 1741 506 1794 poena
523 1725 629 1780 minime
647 1727 788 1780 commissa
806 1735 859 1782 est:
878 1743 940 1780 narn
958 1733 984 1782 θῖ
1003 1727 1066 1780 (las-

260 1795 327 1848 sium
353 1793 459 1846 audisse
482 1809 510 1846 se
534 1793 665 1846 dicentem
681 1795 771 1848 Aristo
797 1795 834 1848 ait
857 1795 885 1848 in
902 1811 933 1848 eo
957 1795 1066 1858 arbitro,

260 1861 304 1930 qui
320 1861 378 1928 ipse
395 1877 450 1916 nou
466 1861 588 1926 venisset,
612 1877 667 1916 uon
691 1877 749 1916 esse
773 1863 953 1916 commissam:
977 1879 1066 1930 quem-

260 1927 402 1982 admodum
421 1927 525 1982 Servius
544 1929 596 1994 ait,
620 1929 707 1996 siper
725 1929 909 1996 stipulatorem
926 1935 990 1994 stet,
1015 1945 1066 1998 quo

261 1997 347 2050 miuus
366 1997 489 2066 accipiat,
507 2013 562 2050 nou
580 1997 708 2050 committi
725 2013 848 2068 poenam.

293 2063 331 2120 41
356 2065 644 2120 Cnccrsranruslibro
649 2067 741 2136 primo
750 2065 833 2120 edicti
839 2065 977 2120 monitoric'
1002 2065 1068 2118 Gum

258 2133 315 2200 lege
332 2133 400 2186 Iulia
418 2137 526 2186 cautum
544 2135 585 2198 εῖῖ,
604 2149 637 2186 ue
655 2133 741 2186 minor
753 2133 846 2200 viginti
859 2133 935 2188 aunis
949 2131 1067 2188 iudicare

260 2205 376 2268 cogatur,
395 2201 494 2254 nemini
510 2203 590 2254 licere
604 2201 732 2254 minorem
748 2201 840 2268 viginti
853 2201 929 2254 annis
946 2217 1066 2268 compro-

257 2269 408 2320 missarium
430 2269 546 2322 iudi0em
569 2269 676 2338 eligere:
700 2269 813 2336 ideoque
837 2285 924 2338 poena
948 2285 980 2322 cx
1007 2283 1066 2322 sen-

258 2335 342 2388 tentia
365 2335 420 2390 eius
444 2337 518 2390 nullo
544 2335 622 2390 modo
650 2335 831 2392 committitur.
858 2337 953 2392 maiori
978 2341 1068 2390 tamen

258 2403 349 2470 viginti
375 2403 468 2468 annis,
495 2405 518 2458 si
543 2405 628 2458 minor
656 2403 747 2472 viginti
772 2403 890 2473 quinque
920 2405 998 2458 annis
1025 2403 1066 2468 sit,

260 2487 291 2524 ex
315 2471 366 2524 hac
390 2487 473 2524 causa
496 2473 717 2536 succurrendum,
746 2473 768 2526 si
786 2477 886 2526 temere
904 2471 1065 2526 auditorium

259 2553 318 2592 rece
340 2539 396 2602 erit,
415 2539 491 2592 multi
509 2539 639 2594 dixerunt.

291 2555 336 2662 di
350 2607 609 2662 Parrrrauuslibro
617 2607 733 2662 secura-do
742 2623 932 2676 responsorum
959 2607 1068 2660 Arbiter

258 2675 329 2728 intra
348 2681 449 2728 certum
467 2675 537 2728 diem
554 2691 644 2728 servos
661 2677 766 2728 restitui
783 2675 873 2740 ῖεεεῖῖ,
898 2677 994 2744 quibus
1013 2691 1066 2728 non

258 2743 387 2796 restitutis
400 2759 503 2812 poenae
517 2759 599 2798 causa
616 2743 681 2798 risco
700 2743 847 2798 secundum
863 2741 976 2796 formam
995 2759 1065 2796 com-

257 2811 379 2880 promissi
398 2811 594 2866 condemnarit:
614 2811 648 2866 ob
668 2827 726 2866 eam
743 2809 903 2866 sententiam
920 2809 985 2866 fisco
1002 2811 1066 2864 nibil

258 2879 413 2948 adquiritur,
431 2879 478 2932 sed
496 2879 576 2934 nihilo
595 2879 681 2932 minus
696 2879 875 2948 stipulationis
890 2893 978 2948 poena
995 2895 1065 2932 com-

258 2947 383 3010 mittitur,
409 2947 480 3016 quod
504 2949 538 3002 ab
561 2947 662 3000 arbitro
686 2953 787 3002 statuto
805 2963 859 3000 non
877 2947 912 3002 sit
929 2947 1065 3016 obtempe-

257 3017 372 3070 rotome

290 3079 329 3138 43
349 3081 501 3136 Scrnronn
520 3083 586 3136 libro
600 3083 693 3150 primo
710 3097 900 3154 responsorum
926 3081 969 3136 De
985 3083 1065 3136 rebus

257 3151 495 3218 controversiisque
513 3149 635 3204 omuibus
655 3151 875 3220 compromissum
891 3149 919 3202 in
937 3149 1066 3202 arbitrum

256 3235 273 3272 a
288 3217 374 3272 Lucio
392 3217 463 3272 Titio
483 3223 509 3270 et
526 3217 630 3272 Maeuio
649 3217 803 3286 Sempronio
826 3217 995 3280 factumest,
1020 3217 1067 3270 sed

258 3301 345 3340 errore
365 3287 495 3356 quaedam
512 3285 615 3354 species
639 3285 668 3338 in
685 3285 840 3354 petitionem
858 3301 874 3340 a
891 3283 976 3340 Lucio
995 3285 1065 3338 Titio

257 3355 385 3408 deductae
403 3371 456 3408 non
475 3359 537 3408 sunt
554 3367 603 3406 nec
621 3353 720 3406 arbiter
738 3355 771 3406 de
788 3355 829 3406 bis
848 3355 990 3432 quicquam
1004 3367 1065 3420 pro-

256 3423 401 3476 nuntiavit:
437 3421 586 3492 quaesitum
613 3427 654 3474 est
679 3437 713 3474 an
740 3421 843 3490 species
870 3437 985 3478 omissae
1010 3421 1067 3490 peti

255 3491 366 3558 possint.
384 3491 522 3560 respondit
538 3489 594 3558 peti
611 3505 690 3556 posse
704 3505 881 3556 necpoenam
896 3505 929 3544 ex
944 3505 1065 3556 compro·

257 3559 357 3610 rnissoe
374 3557 510 3612 committi.
539 3557 610 3626 quod
627 3557 651 3610 si
668 3557 781 3626 maligne
803 3557 855 3610 boc
872 3557 951 3622 fecit,
975 3561 1066 3626 petere

257 3627 360 3694 quidem
377 3631 473 3694 potest,
492 3625 539 3678 sed
557 3641 659 3694 poenae
677 3625 870 3694 subiugabitur.

290 3691 330 3748 44
348 3693 429 3748 Jonas
449 3695 516 3748 libro
539 3693 656 3748 secundo
674 3693 840 3764 clipeatorum
873 3693 946 3746 Inter
965 3691 1065 3746 Castel-

257 3759 355 3814 lianum
374 3769 401 3816 et
419 3761 509 3816 Seium
527 3763 706 3816 controversia
731 3763 762 3814 de
780 3761 878 3814 tinibus
903 3765 963 3816 orta
980 3767 1021 3814 est
1040 3765 1066 3814 et

257 3831 356 3886 arbiter
374 3831 474 3886 electus
494 3835 542 3896 est,
560 3835 590 3884 ut
608 3829 741 3884 arbitratu
759 3831 815 3884 eius
833 3847 876 3884 res
894 3829 1064 3884 terminetur:

256 3899 312 3966 ipse
321 3901 480 3952 seutentiam
493 3899 559 3952 dixit
573 3901 759 3966 praesentibus
773 3899 894 3968 partibus
905 3899 1065 3952 atterminos

256 3969 357 4034 posuit:
377 3967 527 4036 quaesitum
545 3975 592 4030 est,
612 3983 655 4032 an,
674 3967 696 4018 si
711 3973 832 4036 exparte
851 3967 1004 4020 Castelliani
1022 3981 1065 4018 ar-

256 4035 324 4088 bitro
337 4037 453 4104 paritum
464 4051 519 4088 uon
537 4039 613 4098 esset,
632 4049 720 4102 poena
737 4051 771 4088 ex
789 4035 980 4102 compromisso
992 4049 1065 4088 com-

258 4103 336 4156 missa
356 4109 402 4156 est.
426 4103 566 4170 respondi,
584 4103 608 4156 εῖ
625 4101 726 4156 arbitro
740 4105 861 4222 lparitum
879 4117 933 4156 non
950 4107 1021 4156 esset
1037 4101 1065 4154 in

258 4183 295 4232 eo,
314 4171 386 4238 quod
403 4177 518 4238 utroque
542 4175 683 4238 praesente
710 4171 855 4222 aritretus
884 4175 968 4234 esset,
1000 4185 1065 4238 poe·

257 4239 328 4288 εεεῖ7
348 4239 522 4292 commissam.

289 4303 327 4360 45
353 4305 498 4360 Uarianos
520 4305 588 4360 libro
606 4305 749 4360 alcensimo
768 4313 862 4360 octavo
881 4305 918 4358 ccl
935 4303 1065 4360 Sabinum

258 4373 287 4426 In
310 4373 506 4442 compromissis
531 4373 670 4426 arbitrium
695 4387 827 4442 personae
852 4375 981 4426 insertum
1005 4387 1065 4442 per·-

257 4453 348 4494 sonam
367 4459 422 4496 non
440 4441 579 4508 egreditur.
1068 4447 1069 4450 ’

289 4505 328 4564 46
347 4509 466 4562 Pronus
488 4509 554 4564 libro
572 4509 729 4564 duodecc'mo
746 4509 785 4564 aa
800 4507 930 4564 Sabinum
965 4509 1007 4562 De
1025 4509 1065 4562 bis

257 4577 333 4630 rebus
353 4585 378 4630 et
395 4577 543 4630 rationibus
562 4581 588 4630 et
607 4577 813 4630 controversiis⁸
830 4575 948 4630 iudicare
967 4577 1066 4630 arbiter

256 4647 351 4708 potest,
370 4659 438 4712 quae
456 4645 491 4696 ab
508 4643 582 4696 initio
602 4645 716 4698 fuissent
732 4645 802 4698 iuter
819 4659 865 4698 eos
883 4645 929 4712 qui
943 4659 1065 4712 compro-

257 4711 388 4776 miserrmt,
407 4727 462 4766 non
480 4727 548 4778 quae
565 4717 660 4780 postea
678 4717 894 4780 supervenerunt.

289 4777 328 4834 47
347 4779 492 4834 lucianus
506 4779 573 4834 libro
592 4785 690 4848 quarto
705 4781 871 4850 digestorum
898 4779 927 4832 Si
942 4795 1065 4846 compro-

257 4845 363 4900 missum
387 4847 426 4900 ita
450 4847 553 4900 facturn
578 4853 633 4912 est,
660 4853 691 4900 ut
715 4851 858 4916 praesente
881 4853 995 4916 unoque
1019 4852 1066 4900 aut

256 4909 395 4966 heredibus
414 4929 505 4968 eorum
522 4915 622 4968 arbiter
639 4915 798 4968 sententiam
815 4915 888 4968 dicat
906 4921 932 4968 et
949 4915 1016 4970 alter
1033 4931 1066 4968 ex

256 4975 429 5056 litigatoribus
458 4981 603 5036 decesserit
621 4983 729 5102 (pupillo
755 4981 854 5036 herede
877 4981 985 5048 celleio,
1010 4999 1065 5036 non

256 5047 330 5100 ahter
346 5049 450 5104 ridetur
470 5049 603 5104 sententia
640 5049 693 5104 'cta
711 5065 783 5112 θεεθ,
809 5049 861 5102 nisi
884 5051 982 5104 tutoris
1001 5065 1064 5104 auc-

259 5117 269 5164 1
303 5117 573 5186 toritas-interposita
590 5117 678 5170 fuerit.
714 5119 782 5170 Item
805 5117 828 5170 si
852 5117 919 5170 alter
943 5133 975 5172 ex
993 5135 1065 5174 com-

255 5185 470 5248 promittentibus
487 5185 575 5238 furere
593 5185 720 5254 coeperit,

289 5247 328 5308 48
346 5251 537 5306 Moousrurus
560 5251 630 5306 libro
656 5257 754 5320 quarto
773 5251 930 5320 repuleram
965 5253 1066 5308 arbiter

255 5317 289 5368 ad
305 5317 442 5372 ferendam
459 5321 619 5372 seritentiam
636 5335 691 5372 nou
709 5319 896 5386 compelletur:

257 5429 305 5438 —-....

256 5485 283 5548 (1)
296 5487 381 5538 dariF
413 5493 444 5554 (1)
458 5487 799 5554 profanentproferratre
836 5491 867 5554 (a)
879 5487 1029 5536 moraalteri
1036 5487 1064 5548 S,

254 5569 322 5604 mora
331 5557 435 5608 alterius
443 5555 492 5614 Fe
503 5575 548 5608 om.
559 5557 585 5606 F
591 5557 599 5586 ¹
658 5563 688 5618 (θ)
707 5557 922 5606 committendaF
970 5557 1002 5620 (5)
1020 5555 1064 5604 ob·

254 5625 441 5690 temperandum
450 5625 495 5676 Fa
568 5627 600 5686 (6)
620 5625 830 5690 compromissiF
901 5627 932 5686 (1)
951 5623 1069 5688 poenaF

255 5693 287 5756 (8)
305 5695 495 5742 controversiF
565 5695 598 5754 (9)
617 5693 754 5742 iusseritF
819 5695 864 5756 (tu)
884 5691 1063 5754 compromisso

254 5761 306 5824 peti
368 5761 562 5826 permissurulW
587 5761 743 5824 sr‘criliterque
761 5759 789 5818 S,
811 5761 873 5822 item,
889 5761 933 5808 sed
947 5773 1062 5820 compro-

254 5831 355 5880 missum
368 5849 415 5896 pro
434 5829 591 5894 permissum,
607 5827 633 5878 F
637 5827 656 5888 ²,
672 5827 877 5890 compromissum
893 5827 978 5876 mediis
993 5825 1062 5872 omas·

1073 383 1112 456 tl

1778 385 1924 454 lmus

1151 567 1191 628 49
1209 571 1230 626 Ι
1231 587 1353 628 cazaros
1364 575 1431 632 libro
1447 581 1544 646 quarto
1559 571 1722 694 diggsrorum
1739 569 1787 624 sed
1801 569 1923 624 etinten-

1118 639 1239 708 pellatur,
1258 655 1310 710 quo
1325 641 1411 698 minus
1421 643 1578 698 sententiam
1606 637 1668 702 ‘cat
1682 637 1745 716 quia
1760 637 1826 690 nihil
1835 655 1924 694 coram

1118 709 1218 762 furioso
1236 705 1294 762 fieri
1317 709 1484 778 intellegitur.
1511 709 1583 780 quod
1600 707 1623 762 si
1639 705 1756 760 fumosus
1775 711 1924 760 curatorem

1119 775 1202 832 babet
1227 777 1267 830 vel
1294 775 1419 830 habuerit
1444 779 1531 834 adbuc
1557 775 1638 848 litigio
1664 773 1809 844 pendente,
1836 779 1925 844 potest

1121 849 1132 898 1
1170 849 1311 914 praesente
1329 849 1454 898 curatore
1471 847 1602 902 sententia
1619 843 1680 902 dici.
1706 841 1815 898 Arbiter
1830 843 1924 898 adesse

1118 913 1266 982 litigatores
1274 913 1317 968 vel
1325 929 1374 982 per
1382 913 1504 966 nundum
1512 917 1554 970 rel
1563 913 1702 986 epistulam
1717 911 1922 990 iubereupotest.

1119 985 1134 1036 2
1169 979 1198 1034 Si
1215 979 1248 1036 ab
1267 983 1351 1036 altera
1369 979 1508 1036 dumtaxat
1523 991 1600 1050 parte
1616 981 1719 1038 heredis
1736 983 1836 1034 mentio
1853 995 1923 1034 com·

1118 1049 1250 1118 prehensa
1265 1049 1353 1114 fuerit,
1373 1049 1590 1118 compromissum
1605 1051 1722 1106 solvetur
1738 1051 1823 1102 morte
1835 1047 1923 1102 cuius-

1119 1131 1171 1186 que
1182 1131 1215 1170 ex
1226 1117 1411 1186 litigatoribus,
1430 1115 1500 1170 sieut
1517 1117 1662 1172 solveretur
1674 1119 1756 1174 altero
1768 1121 1884 1180 mortuo,
1902 1115 1924 1170 si

1119 1183 1238 1238 neutrius
1255 1183 1360 1240 beredb
1377 1201 1493 1254 persona
1510 1185 1797 1252 comprehenderetur:

1154 1251 1193 1310 50
1211 1253 1347 1308 Acronus
1361 1253 1428 1308 libro
1446 1253 1558 1324 septimo
1576 1251 1738 1322 clipeatorum
1764 1253 1875 1310 Arbiter
1891 1267 1925 1306 ex

1120 1321 1308 1390 compromisso
1326 1325 1447 1400 sumptus
1466 1335 1526 1374 cum
1543 1323 1606 1372 ante
1624 1335 1683 1376 eum
1700 1321 1778 1388 diem,
1797 1321 1842 1392 qui
1861 1337 1923 1376 con-

1120 1387 1227 1444 stitutus
1254 1403 1444 1458 compromisso
1472 1393 1543 1452 erat,
1575 1389 1733 1444 sententiam
1759 1391 1847 1446 dicere
1871 1405 1925 1444 non

1138 1461 1218 1522 osset,
1236 1455 1305 1510 diem
1323 1453 1505 1524 compromissi
1521 1453 1636 1524 proferri
1652 1455 1791 1512 iusseratl:
1810 1459 1878 1512 alter
1893 1473 1926 1510 ex

1118 1473 1294 1592 dtigatoribus
1313 1525 1383 1578 dicto
1402 1523 1512 1578 audiens
1529 1539 1584 1578 non
1606 1521 1709 1576 iuerat:
1736 1527 1926 1582 consulebatur

1118 1597 1243 1660 possetne
1253 1591 1287 1646 ab
1298 1591 1494 1660 eopecuniaex
1509 1591 1700 1660 compromisso
1715 1593 1779 1660 peti.
1798 1593 1926 1662 respondi

1118 1675 1173 1714 non
1189 1675 1276 1728 posse,
1294 1659 1354 1714 ideo
1373 1659 1445 1728 quod
1462 1675 1516 1714 non
1534 1663 1604 1714 esset
1621 1657 1719 1714 arbitro
1737 1661 1895 1726 percussum
1904 1663 1926 1694 ¹⁰

1118 1733 1149 1780 εῖ
1166 1727 1194 1780 id
1209 1729 1313 1782 iuberet
1322 1729 1350 1780 ¹¹.

1154 1793 1476 1852 51Mn1ecrnroslc'bro
1499 1793 1616 1848 secundo
1639 1793 1796 1864 regulorum
1838 1795 1867 1848 Si
1892 1795 1926 1850 de

1118 1879 1147 1916 re
1165 1877 1214 1916 sua
1232 1863 1290 1931 quis
1308 1861 1407 1916 arbiter
1423 1861 1512 1916 factus
1530 1861 1572 1924 sit,
1591 1861 1748 1916 sententiam
1766 1861 1854 1914 ditare
1871 1877 1926 1916 non

1118 1935 1215 2000 potest,
1233 1931 1296 1998 quia
1313 1945 1341 1984 εθ
1358 1929 1449 1984 facem
1464 1929 1557 1982 iubeat
1574 1935 1621 1984 θεῖ
1638 1933 1728 2000 petere
1744 1927 1924 1996 probibeatffl:

1118 2013 1203 2068 neque
1221 2003 1310 2052 autem
1324 1997 1479 2068 imperare¹³
1495 1997 1545 2050 sibi
1559 2013 1645 2068 neque
1661 1997 1839 2068 seprobibere
1854 1997 1926 2066 quis·

1118 2083 1197 2192 qudi]
1210 2073 1367 2188 Addddticbro
1381 2139 1480 2202 quarto
1493 2133 1651 2212 repuleram
1678 2131 1706 2186 st
1721 2135 1766 2202 qui
1781 2133 1869 2188 iussus
1886 2139 1926 2188 θεῖ

1119 2203 1178 2256 ab1⁴
1192 2203 1293 2256 arbitro
1309 2217 1341 2254 ex
1355 2215 1545 2270 compromisso
1562 2202 1810 2270 solverepecuniam
1824 2217 1926 2254 moram

1118 2269 1222 2334 fecerit,
1246 2285 1359 2338 poenam
1383 2285 1416 2322 ex
1440 2269 1629 2338 compromisso
1648 2269 1738 2334 debet,
1763 2269 1809 2324 sed
1833 2275 1926 2338 postea

1119 2337 1243 2392 solvendo
1261 2353 1349 2406 poena
1366 2337 1502 2390 liberatur.

1457 2479 1543 2536 VIIII
1550 2477 1580 2536 ¹⁵.

1119 2575 1256 2626 NAUTAE
1283 2575 1458 2626 OAUPONES
1484 2575 1687 2626 STABULARII
1704 2575 1749 2626 UT
1767 2575 1926 2626 RECEPTA

1412 2645 1635 2694 RESTITUANT.

1156 2743 1170 2800 l
1196 2743 1341 2800 Uarianos
1356 2745 1423 2800 lc'bro
1442 2753 1540 2814 quarto
1559 2743 1659 2800 dcccmo
1678 2743 1715 2798 cd
1730 2743 1845 2800 edictam
1880 2743 1927 2796 Ait

1118 2815 1240 2882 praetor:
1265 2811 1416 2866 ‘Nautae16
1439 2827 1574 2882 caupones
1592 2811 1730 2866 stabularii
1748 2811 1819 2880 quod
1838 2811 1926 2866 cuius·

1119 2885 1179 2950 ‘que
1197 2881 1297 2934 salvum
1315 2881 1374 2934 fore
1389 2881 1571 3000 receperint¹¹⁷
1588 2881 1639 2934 nisi
1655 2881 1812 2944 restituent,
1835 2879 1863 2932 in
1881 2895 1927 2934 eos

1120 2953 1132 3002 1
1169 2945 1304 3002 ‘iudicium
1322 2947 1409 3002 dabo'.
1436 2949 1555 3002 baxima
1571 2947 1673 3002 utilitas
1691 2953 1732 3004 est
1745 2949 1824 3002 buius
1840 2947 1927 3014 edicti,

1118 3015 1181 3084 quia
1197 3031 1305 3070 necesse
1323 3021 1364 3070 θεῖ
1380 3015 1536 3084 plerumque
1554 3031 1645 3070 eorum
1661 3015 1740 3070 fidem
1755 3017 1830 3084 sequi
1845 3023 1871 3070 et
1884 3031 1927 3070 res

1118 3081 1255 3136 custodiae
1278 3099 1370 3136 eorum
1396 3085 1566 3136 committere.
1600 3085 1665 3136 εθ18
1687 3083 1827 3152 quisquam
1852 3089 1928 3152 putet

1117 3149 1232 3218 graviter
1248 3149 1300 3204 boc
1319 3151 1445 3204 adversus
1463 3165 1509 3204 eos
1535 3151 1720 3204 constitutum:
1748 3165 1811 3202 nam
1836 3157 1876 3204 est
1899 3151 1927 3204 ln

1117 3219 1235 3286 ipsorum
1251 3217 1369 3282 arbitrio,
1384 3233 1418 3272 ue
1433 3233 1512 3286 quem
1526 3217 1664 3286 recipiant,
1679 3223 1706 3272 et
1718 3217 1770 3272 nisi
1783 3217 1836 3272 hoc
1857 3223 1928 3272 esset

1118 3291 1257 3350 statutum,
1280 3285 1392 3338 materia
1409 3285 1518 3340 daretur
1536 3301 1596 3338 cum
1613 3285 1717 3340 furibus
1734 3285 1862 3340 adversus
1881 3301 1926 3340 eos

1118 3369 1185 3422 quos
1208 3353 1341 3420 recipiunt
1364 3353 1491 3418 coeundi,
1511 3369 1572 3406 curn
1595 3369 1629 3406 ne
1654 3369 1725 3406 nunc
1749 3353 1856 3422 quidem
1880 3353 1926 3406 ab·

1118 3425 1134 3474 2
1169 3421 1285 3474 stineant
1307 3421 1458 3476 huiusmodi
1481 3421 1630 3476 fraudibus.
1667 3421 1719 3490 Qui
1748 3427 1812 3474 sunt
1838 3421 1927 3490 igitur,

1118 3489 1163 3558 qui
1187 3493 1342 3554 teneantur,
1365 3487 1508 3542 ridendum
1526 3493 1574 3544 est.
1601 3489 1640 3542 ait
1657 3493 1766 3556 praetor
1790 3489 1927 3544 ‘nautae’.

1117 3561 1227 3612 nautam
1250 3557 1372 3624 accipere
1395 3555 1521 3610 debemus
1546 3571 1605 3610 eum
1623 3559 1668 3626 qni
1692 3571 1790 3610 narem
1808 3563 1927 3610 exercet:

1118 3625 1236 3694 quamvis
1254 3631 1353 3678 nautae
1370 3625 1539 3694 appellantur
1556 3641 1660 3690 omues,
1685 3625 1731 3694 qui
1753 3625 1828 3680 naris
1853 3625 1927 3678 navi-

1116 3693 1220 3762 gandae
1238 3707 1321 3748 causa
1337 3691 1366 3746 iu
1382 3707 1450 3746 nave
1468 3693 1534 3748 sint:
1553 3691 1601 3746 sed
1618 3693 1651 3746 de
1667 3693 1813 3748 exercitare
1829 3693 1927 3748 solum·

1117 3763 1195 3816 modo
1205 3761 1410 3830 praetorsentit.
1428 3775 1479 3814 nec
1489 3761 1928 3830 enimdebet,inquitPornponius,

1117 3847 1165 3900 per
1181 3829 1305 3898 remigem
1328 3835 1375 3882 aut
1397 3835 1583 3884 mesouautam
1607 3829 1733 3898 obligari,
1758 3829 1806 3884 sed
1829 3845 1876 3898 per
1899 3847 1928 3884 se

1117 3899 1158 3954 vel
1176 3915 1224 3966 per
1240 3897 1315 3952 navis
1332 3897 1502 3964 magistrum:
1521 3913 1681 3976 quamquam
1698 3897 1721 3952 si
1737 3897 1795 3966 ipse
1813 3899 1895 3952 alicui
1914 3913 1928 3952 e

1118 3971 1132 4018 3
1159 3965 1247 4018 εθεῖῖε
1258 3965 1386 4020 committi
1394 3965 1480 4030 iussit,
1492 3965 1549 4020 siue
1558 3965 1638 4018 dubio
1648 3965 1743 4018 debeat
1752 3967 1872 4036 obligari.
1891 3967 1929 4018 Et

1118 4039 1180 4088 sunt
1198 4033 1304 4102 quidam
1321 4033 1349 4086 in
1363 4033 1485 4098 naribus,
1503 4033 1549 4102 qui
1563 4033 1699 4088 custodiae
1714 4033 1800 4102 gratia
1815 4033 1928 4088 navibus

1118 4107 1335 4180 praeponuntur,
1359 4105 1390 4156 ut
1406 4097 1572 4170 conpilasse
1583 4101 1605 4134 ¹⁹
1628 4105 1656 4156 et
1673 4101 1801 4156 diaetarii.
1829 4103 1852 4156 εῖ
1870 4101 1928 4168 quis

1116 4169 1197 4236 igitur
1214 4183 1247 4222 ex
1265 4169 1308 4222 his
1325 4169 1470 4236 receperit,
1493 4173 1560 4238 puto
1577 4171 1605 4222 in
1623 4169 1795 4222 exercitatem
1813 4167 1928 4222 dandam

1117 4237 1257 4302 actionem,
1274 4237 1338 4306 quia
1351 4237 1383 4302 is,
1401 4237 1447 4304 qni
1457 4237 1663 4292 eoshuiusmodi
1678 4235 1767 4290 officio
1777 4237 1927 4312 praeponit,

1118 4303 1246 4358 comndtti
1260 4303 1298 4358 eis
1304 4305 1444 4426 permittit,
1461 4303 1872 4372 quamquamipsenavicularrus
1887 4303 1929 4354 vel

1117 4373 1242 4442 magister
1257 4371 1286 4426 id

1118 4447 1144 4494 et
1162 4441 1184 4496 si
1199 4441 1253 4496 boc
1270 4457 1325 4494 nou
1343 4441 1489 4506 exercet²²‚
1514 4447 1602 4494 tamen
1627 4441 1660 4494 de
1683 4445 1792 4506 recepto
1817 4441 1927 4492 naricu-

1117 4513 1134 4562 4
1167 4509 1251 4564 larius
1268 4509 1410 4564 tenebitur.
1446 4509 1489 4564 De
1514 4507 1705 4564 exercitoribus
1729 4507 1842 4570 ratium,
1866 4507 1929 4560 item

1116 4577 1251 4648 lyntrariis
1268 4579 1334 4630 nibil
1357 4585 1479 4632 caretur:
1505 4577 1551 4630 sed
1573 4575 1644 4630 idem
1663 4573 1788 4628 constitui
1805 4583 1929 4642 oportere

1118 4651 1132 4696 5
1168 4643 1260 4698 Labeo
1287 4645 1393 4710 scribit,
1422 4651 1449 4698 et
1474 4645 1526 4698 boc
1552 4643 1608 4696 iure
1634 4643 1740 4696 utimur.
1787 4639 1929 4710 Caupones

1117 4717 1207 4766 autem
1225 4717 1251 4766 et
1268 4713 1429 4768 stabularios
1448 4729 1532 4780 aeque
1550 4725 1595 4764 θοε
1613 4709 1783 4778 accipiemus,
1802 4711 1846 4778 qui
1865 4727 1927 4764 cau-

1116 4795 1215 4850 ponam
1239 4781 1281 4834 vel
1304 4781 1439 4836 stabulum
1462 4783 1599 4842 exercent,
1629 4775 1798 4832 institoresve
1828 4795 1926 4834 eorum.

1118 4853 1236 4902 cetemm
1253 4849 1276 4902 si
1293 4849 1340 4918 qui
1357 4865 1439 4918 opera
1454 4845 1607 4900 mediastIni
1628 4843 1761 4916 inngItur,
1785 4861 1839 4902 uon
1864 4865 1927 4902 con-

1116 4917 1230 4980 tinetur,
1257 4921 1288 4970 ut
1313 4923 1380 4984 puta
1404 4915 1506 4970 atriarii
1530 4919 1555 4966 et
1578 4913 1673 4968 iocarii
1699 4923 1725 4968 et
1749 4915 1792 4968 bis
1821 4917 1927 4970 similes.

1118 4989 1133 5038 a
1168 4983 1214 5036 Ait
1239 4991 1361 5052 praetor:
1388 4981 1475 5050 ‘quod
1503 4981 1608 5034 θεῖεε22
1641 4983 1743 5038 saltum
1768 4983 1827 5038 iore
1854 5001 1926 5038 rece-

1118 5053 1268 5120 ‘perint'²³:
1293 5053 1345 5106 boc
1369 5057 1409 5104 est
1433 5065 1626 5118 quamcumque
1649 5067 1704 5104 rem
1731 5053 1785 5106 sire
1811 5069 1926 5106 mercem

1117 5119 1273 5188 receperint.
1301 5119 1362 5172 inde
1380 5117 1452 5186 apud
1469 5117 1610 5172 Vitianum
1631 5121 1746 5176 relatum
1770 5121 1864 5176 estad
1883 5137 1928 5176 eas

1117 5203 1223 5256 quoque
1239 5203 1281 5240 res
1294 5187 1346 5240 hoc
1358 5185 1475 5264 edictum
1491 5187 1629 5254 pertinere,
1649 5205 1718 5258 quae
1732 5189 1865 5244 mercibus
1882 5205 1927 5242 ac-

1118 5255 1251 5318 cederent,
1268 5253 1350 5308 reluti
1364 5257 1521 5308 rasamenta
1530 5257 1625 5324 quibus
1634 5257 1781 5310 inauribus
1790 5263 1929 5310 uterentur

1119 5325 1134 5374 ’1
1170 5327 1197 5374 et
1206 5327 1296 5374 cetera
1304 5335 1373 5386 quae
1382 5319 1419 5372 ad
1427 5323 1602 5378 cottidianum
1610 5341 1689 5378 usum
1697 5325 1836 5380 habemus.
1861 5325 1927 5376 Item

1316 4373 1394 4438 aciat,
1413 4373 1486 4442 quod
1502 4371 1698 4444 xccps'pssolov20
1716 4369 1861 4438 appellant.
1880 4369 1927 4424 sed

1115 5485 1199 5536 sicF¹
1353 5491 1393 5552 (11)
1412 5491 1543 5542 aberitF¹

1116 5557 1168 5618 (13)
1187 5551 1374 5616 imperarareF
1436 5563 1488 5624 (14)
1506 5561 1537 5610 ab
1549 5561 1627 5612 om.F

1150 5621 1201 5680 (15)
1220 5623 1382 5674 Est-Bas.
1392 5627 1434 5686 53,
1443 5639 1462 5680 1.
1541 5629 1594 5692 (111)
1611 5627 1724 5678 nautaF
1796 5627 1844 5686 (17)
1862 5627 1928 5674 iore-

1116 5687 1265 5750 ceperintF
1313 5693 1365 5752 (18)
1384 5695 1496 5756 nequeS
1548 5695 1600 5758 (19)
1619 5695 1648 5746 id
1656 5707 1691 5744 θεῖ
1699 5695 1802 5742 narium
1812 5691 1928 5740 custodes

1116 5757 1167 5816 (20)
1187 5755 1215 5806 id
1223 5767 1354 5806 rotmanus
1364 5761 1527 5810 iniectionem
1620 5765 1671 5820 (21)
1689 5763 1788 5808 exercet
1799 5757 1844 5818 F2,
1861 5761 1928 5806 extet

1114 5821 1140 5868 F
1146 5819 1184 5872 ’Β
1208 5825 1260 5882 (2²)
1269 5825 1305 5872 sic
1313 5825 1340 5888 S,
1348 5825 1407 5874 θεῖε
1416 5827 1464 5888 F¹‚
1474 5827 1595 5888 cuiusque
1604 5827 1641 5874 F²
1668 5829 1719 5884 (23)
1730 5823 1898 5884 soreceperint
1907 5823 1932 5868 F

1697 5497 1741 5556 (11)
1760 5491 1934 5558 prohibentF
