4366 6258
249 375 526 428 oematdtoutees

250 541 440 604 teudonalibus
457 539 673 610 stipulationibus
691 541 840 596 contractui
858 539 972 596 formam
988 553 1052 594 eon·

248 613 381 672 hahentes
408 609 481 664 dant.
525 609 657 664 enimvero
688 607 839 676 praetoriae
864 607 1051 678 stipulationes

248 685 326 752 legem
349 675 485 744 accipiunt
506 677 540 730 de
561 679 649 730 mente
671 675 802 744 praetoris
826 677 872 744 qui
888 691 935 730 eas
950 689 1050 756 propo·

249 749 310 808 suite
335 743 448 812 denique
470 741 611 812 praetoriis
634 741 849 810 stipulationibus
872 741 939 796 nihil
954 757 1050 796 smmu-

251 825 260 874 ι
293 817 351 866 ιιιι
368 811 430 864 lieet
447 823 534 890 neque
551 809 648 864 addere
665 825 751 880 neque
768 809 917 864 detrahere.
944 807 974 862 ai
991 807 1050 874 quis

248 895 353 942 saonam
373 893 569 946 possessronem
586 877 656 932 tradi
677 877 843 948 promiserit,
872 893 927 932 non
948 877 1050 930 nudum

247 955 343 1010 sactum
368 947 435 1000 haec
460 945 595 1014 stipulatio
620 947 776 1012 continebit,
803 943 851 1000 sed
875 961 983 1000 causam
1000 943 1049 998 bo·

311 1031 345 1066 m.

248 1033 315 1142 nodi}
333 1081 477 1136 duarenus
495 1079 564 1136 libro
580 1087 657 1136 seete
676 1081 777 1136 decimo
795 1077 960 1150 clipeatorum
995 1075 1048 1132 Sti·

247 1149 391 1228 pulationes
418 1147 657 1204 commodissimum
683 1153 723 1202 est
745 1147 785 1200 ita
806 1161 983 1228 componere,
1009 1153 1047 1216 nt,

247 1213 961 1352 titutatttttttttttttttt,attia
980 1231 1049 1352 tta

246 1353 443 1422 inpraesentia
465 1367 606 1408 occurrere
629 1367 683 1406 non
704 1349 808 1420 possint
831 1357 858 1404 et
875 1349 909 1406 ed
931 1351 1048 1408 incertos

248 1437 321 1480 casus
338 1421 470 1490 pertinent
477 1423 494 1474 1.

278 1487 317 1548 54
334 1489 414 1542 lanu
434 1489 501 1542 libre
518 1487 660 1542 uicensimo
678 1485 794 1542 secundo
816 1483 981 1558 digestorum
1016 1487 1048 1542 In

248 1555 458 1628 stipulationibus
480 1555 547 1612 alias
572 1555 687 1624 speeies,
711 1555 778 1610 alias
794 1567 894 1624 genera
912 1555 1047 1612 deducun-

247 1637 294 1684 tur.
330 1641 390 1678 cnm
408 1623 510 1694 speeies
527 1623 699 1692 stipulamur,
722 1639 833 1678 necesse
850 1629 891 1680 ιιι
913 1625 984 1680 inter
1001 1627 1048 1680 do-

247 1695 327 1750 minos
350 1699 378 1748 et
400 1693 469 1746 inter
491 1693 601 1748 heredes
626 1693 664 1746 ita
681 1691 761 1748 dividi
778 1693 991 1762 stipulationem,
1018 1699 1049 1748 ιιι

246 1765 330 1834 partes
345 1777 486 1842 corporum
500 1759 594 1830 cuique
607 1758 798 1842 debebuntnrl.
823 1761 945 1844 quotiens
959 1766 1049 1816 autem

246 1829 1047 1966 tlttttttttttttttttttttttttttttttsis

246 1963 351 2020 heredes
369 1965 461 2044 neptus
479 1965 597 2034 partibus
614 1965 734 2032 reliquit,
757 1981 867 2020 necasse
884 1969 926 2020 est
941 1965 1048 2034 utrique

246 2035 344 2104 partem
362 2031 495 2086 dimidiam
512 2033 596 2086 Stichi
619 2037 645 2086 et
662 2033 793 2102 Pamphili
809 2033 915 2086 deberi:
938 2033 963 2086 si
979 2033 1048 2086 idem

248 2101 309 2154 duos
326 2101 446 2156 homines
464 2101 606 2170 stipulatus
624 2101 731 2168 luisset,
750 2101 846 2170 singuli
863 2101 982 2156 homines
1000 2101 1047 2154 he-

249 2173 258 2222 1
291 2167 397 2222 reditus
427 2169 483 2222 eius
517 2167 682 2224 deberentur.
730 2167 878 2238 Operarum
911 2169 1047 2236 stipulatio

246 2233 332 2292 similis
350 2241 391 2290 est
404 2235 445 2290 his
460 2237 684 2304 stipulationibus,
701 2237 730 2292 in
747 2237 843 2306 quibus
860 2251 959 2306 genera
977 2251 1047 2290 oom-

245 2301 452 2384 prehenduntnr:
476 2309 503 2356 et
523 2303 582 2358 ideo
605 2305 698 2360 divisio
712 2305 779 2358 ‘eins
797 2305 977 2374 superlationis
995 2321 1049 2358 nou

245 2385 270 2424 ιιι
285 2375 375 2438 partes
393 2387 542 2440 operarum,
560 2371 651 2426 sedin
668 2387 807 2426 nnmerum
824 2371 903 2426 cedit.
935 2371 1008 2440 quod
1026 2371 1049 2426 si

246 2451 321 2492 unam
350 2455 459 2506 operam
488 2455 578 2494 servus
608 2439 754 2494 communis
783 2439 924 2508 stipulatus
957 2439 1048 2506 fuerit,

245 2519 348 2560 ιιιιιιι
371 2511 413 2560 ιιι
435 2507 540 2574 utrique
563 2505 728 2562 dominorum
750 2513 855 2588 partem
872 2523 970 2578 operae
987 2513 1047 2560 tan-

246 2579 309 2638 tam,
335 2579 462 2642 quantam
487 2575 515 2626 in
542 2591 618 2630 servo
647 2575 783 2644 hebuerit,
809 2579 909 2644 petere.
950 2575 1047 2632 solutio

245 2645 330 2696 autem
353 2641 409 2698 eius
433 2641 600 2710 obligationis
624 2643 821 2712 expeditissima
838 2649 890 2710 ιιι,
919 2645 942 2698 ιι
966 2645 1047 2698 ιιιιι-

245 2707 381 2764 mationem
404 2725 501 2778 operae
524 2711 599 2764 malit
619 2711 729 2766 libertus
752 2711 847 2766 offerre
869 2717 918 2764 aut
940 2711 963 2766 si
984 2727 1047 2766 con-

247 2775 358 2830 sentiant
374 2779 496 2846 patroni,
521 2785 552 2832 ut
572 2779 595 2834 is
614 2779 786 2834 communiter
809 2795 906 2848 operae
923 2779 1046 2834 edantur.

275 2841 314 2902 55
332 2845 412 2900 [nnn
426 2845 495 2900 libro
513 2849 668 2916 tripeuss'mo
684 2853 762 2902 sexto
781 2845 945 2918 clipeatorum
981 2847 1047 2900 Cum

245 2911 298 2982 quis
316 2913 368 2968 sihi
385 2919 432 2968 aut
441 2911 512 2968 Titio
530 2915 587 2968 dari
603 2915 747 2984 stipulatus
764 2919 813 2980 est,
832 2913 882 2968 soli
897 2915 976 2982 Titio,
993 2929 1048 2968 non

245 2979 318 3034 ιιιιιιι
335 2983 535 3036 successoribus
552 2981 609 3036 eius
626 2989 699 3036 recte
716 2983 834 3036 solvitur.

275 3045 313 3106 56
331 3047 411 3102 Inna
422 3049 491 3102 libro
500 3049 741 3128 quinquagensimo
749 3049 867 3102 seeundo
881 3049 1047 3118 clipeatorum

245 3115 323 3182 Eum,
348 3115 393 3184 qni
413 3115 453 3168 ita
476 3115 632 3184 strpulatur:
651 3115 723 3168 ‘mihi
740 3121 768 3170 et
785 3115 855 3170 Titio
873 3115 966 3168 decem
983 3115 1047 3170 dare

245 3181 390 3254 ‘sponderi'
407 3199 469 3238 sero
488 3183 598 3238 similius
615 3189 657 3238 est
674 3199 777 3252 semper
793 3197 848 3236 una
865 3181 957 3236 decern
975 3197 1047 3236 eom·

245 3253 354 3306 munitor
371 3251 467 3304 sibiet
484 3249 555 3306 Titio
572 3249 709 3320 stipulari,
728 3249 807 3304 sicuti
823 3249 869 3318 qui
884 3251 957 3318 legat
974 3251 1047 3304 Titio

245 3325 269 3374 et
288 3319 457 3388 Sempronio,
481 3335 535 3372 uon
559 3317 632 3372 aliud
647 3317 810 3386 intellegitur
831 3333 912 3438 ipram
929 3333 984 3372 una
1001 3317 1046 3372 de·

247 3393 255 3440 t
290 3403 348 3442 cem
371 3385 545 3440 communiter
566 3385 671 3440 duobus
693 3387 789 3454 legare.
825 3387 873 3440 “e
896 3391 923 3438 et
945 3385 1046 3438 Titium

245 3455 369 3510 ‘heredem
386 3459 463 3508 tuum
480 3453 571 3508 decem
588 3455 712 3508 daturum
729 3453 844 3522 spondes
851 3453 872 3506 ι’
905 3451 969 3508 Titii
985 3469 1047 3520 per-

245 3539 306 3578 sona
326 3537 494 3592 supervacua
517 3523 707 3602 comprehensa
729 3527 783 3574 est:
813 3521 868 3576 sive
885 3521 956 3574 enim
974 3521 1047 3576 solus

244 3591 315 3646 heres
333 3589 472 3656 exstiterit,
490 3589 517 3642 in
532 3589 645 3646 sohdnm
662 3589 802 3656 tenebitur,
821 3589 876 3644 sive
912 3605 942 3642 ro
960 3595 1046 3658 parte,

245 3659 332 3714 codem
348 3657 441 3724 modo,
461 3673 512 3726 quo
531 3657 613 3712 aeteri
630 3657 773 3712 coheredes
791 3657 857 3722 eius,
875 3605 1046 3726 adligabitur.

245 3727 407 3796 etquamvis
431 3725 585 3780 conuenisse
607 3725 740 3792 videatur,
764 3739 798 3778 ne
821 3725 856 3778 ab
879 3725 932 3778 alio
950 3725 1047 3780 herede

245 3811 318 3864 quam
335 3811 352 3848 a
370 3791 440 3848 Titio
458 3799 606 3862 peteretur,
629 3799 719 3848 tamen
740 3793 833 3848 inutile
853 3799 964 3874 paehrm
983 3809 1047 3848 con·

245 3867 258 3916 2
288 3868 395 3918 uentum
413 3861 587 3916 coheredibus
605 3861 662 3916 eins
679 3861 736 3916 erit.
773 3861 823 3928 Qui
846 3861 898 3916 sabi
920 3867 969 3916 aut
990 3861 1046 3916 tilio

244 3947 288 3986 suo
310 3929 368 3984 dari
390 3931 547 3998 stipulatur,
569 3931 708 3984 manifeste
724 3943 867 3998 personam
884 3927 932 3982 filii
949 3929 978 3982 in
994 3927 1046 3982 hoc

245 3997 436 4066 complectitur,
464 4001 494 4050 nt
516 3997 636 4052 sirecte
659 3997 790 4050 solvatur:
815 4011 849 4050 ne
867 4011 901 4050 ue
926 3997 1045 4064 interest,

244 4065 291 4120 sibi
308 4071 354 4120 ant
371 4067 498 4120 extraneo
517 4063 638 4132 cuilibet,
662 4081 696 4118 an
713 4063 766 4118 sibi
782 4069 830 4118 ant
876 4063 900 4118 'o
918 4079 969 4118 sno
986 4063 1045 4132 quis

243 4135 394 4204 uipmetur:
413 4147 496 4202 quare
509 4133 552 4188 sel
563 4133 696 4186 maneum
713 4133 742 4186 in
753 4135 888 4200 potestate
901 4131 944 4186 uel
955 4147 1046 4186 eman-

244 4201 327 4270 cipato
350 4201 405 4254 filio
428 4207 501 4254 recte
524 4201 642 4256 solvitur.
677 4215 762 4268 neque
785 4201 821 4254 ad
842 4215 899 4254 rem
921 4201 1044 4272 pertinet,

244 4269 310 4338 quod
327 4269 373 4338 qui
389 4267 444 4324 filio
461 4285 511 4324 suo
529 4267 588 4322 dari
605 4267 756 4338 stipulatur,
774 4267 825 4324 sibi
842 4266 965 4338 adquirit,
983 4267 1046 4336 qnia

244 4339 381 4392 coniuncta
398 4353 448 4390 sna
464 4351 580 4406 persona
597 4337 738 4406 stiptdater
755 4335 852 4402 efficit,
878 4341 980 4390 utnon
997 4335 1044 4390 ad·

244 4405 382 4474 qmrendae
404 4404 458 4458 obli
492 4405 572 4460 tionis
595 4405 694 4474 gratia,
723 4403 771 4460 sed
800 4403 940 4460 solutionis
964 4419 1047 4460 eausa

245 4477 257 4526 3
288 4489 431 4542 personant
471 4471 501 4526 lii
523 4473 729 4542 adprehendisse
749 4473 927 4542 intellegatur.
968 4471 1046 4540 Quod

243 4539 329 4594 sisoli
345 4541 402 4594 filio
419 4555 483 4608 suo,
507 4541 553 4610 qui
573 4543 601 4594 in
621 4545 755 4664 ffitoastate
772 4543 885 4606 suasit,
911 4541 969 4596 dari
986 4541 1045 4610 quis

243 4609 382 4676 stipulatus
399 4609 442 4672 sit,
461 4625 515 4662 non
532 4615 605 4662 recte
695 4603 819 4674 solvetur,
837 4611 900 4678 quia
917 4609 967 4662 filii
983 4625 1044 4678 per-

243 4687 306 4730 sona
331 4675 486 4744 obligationi
513 4677 597 4744 magis
641 4693 703 4730 nam
729 4677 855 4732 solutioni
884 4675 1044 4746 applicatur.

243 4745 258 4792 t
290 4745 341 4812 Qui
365 4743 404 4798 ita
425 4743 579 4810 stiptdatnr:
610 4693 720 4810 decem,
747 4745 957 4814 snoudunam,
987 4743 1046 4800 dari

243 4807 397 4880 spondeat,
428 4809 567 4864 confestim
594 4809 685 4864 decem
707 4817 781 4866 recte
808 4811 866 4866 dari
887 4813 969 4882 petit:
998 4813 1046 4866 sed

242 4873 315 4934 heres
342 4879 399 4934 eins
423 4879 577 4946 exceptione
620 4879 674 4932 acti
696 4879 819 4934 conventi
841 4879 1045 4936 summovendus

243 4951 291 5000 est:
308 4963 370 5002 nam
383 4947 565 5016 stipulatorem
577 4893 711 5014 adegisse,
727 4963 761 5002 ne
773 4947 852 5002 heres
865 4949 921 5002 eius
932 4951 1044 5016 peteret,

242 5013 326 5076 suam
343 5021 398 5080 est,
417 5013 637 5084 quemadmodum
653 5013 689 5080 is,
707 5015 753 5082 qui
770 5017 899 5082 usquein
916 5015 1045 5068 kalendas

1040 349 1104 424 ’125

1715 349 1910 416 XXXXVl

1103 539 1119 588 6
1154 533 1199 602 qui
1222 535 1350 592 ‘kalendis
1368 535 1434 590 dari'
1461 531 1613 602 stipulatur.
1649 527 1699 594 Qui
1721 529 1912 606 proprietatem
1966 573 1967 576 ,

1103 601 1160 656 sine
1177 603 1336 660 usufructu
1352 603 1448 670 hahet,
1466 605 1539 656 recte
1556 615 1634 654 usum
1649 597 1767 652 ιιιιιιιιιιι
1778 595 1843 674 ‘dan
1862 595 1912 650 sibi

1101 667 1258 736 stipulatur:
1284 671 1312 726 id
1339 673 1407 724 enim
1430 673 1459 724 in
1481 667 1666 736 obligationem
1691 661 1812 742 dedunt,
1839 661 1912 730 huod

1104 739 1117 786 t
1153 751 1207 790 non
1223 739 1313 802 habet,
1332 737 1379 790 sed
1395 739 1495 790 hahere
1511 739 1608 804 potest.
1644 733 1671 788 si
1690 745 1707 784 a
1722 735 1750 784 te
1766 729 1910 798 stipulatus

1100 799 1176 856 fuero
1200 801 1313 858 fundum
1334 805 1394 858 Sem
1413 805 1566 872 roniannm,
1597 799 1691 856 deiude
1712 797 1825 854 eundem
1847 797 1906 850 fun-

1100 871 1164 924 dum
1180 869 1301 926 detracto
1318 889 1369 926 usn
1431 877 1475 926 ctu
1493 871 1527 926 ab
1548 871 1602 926 alio
1619 867 1746 940 stipulor,
1768 865 1843 936 prior
1860 867 1907 922 sti·

1099 937 1201 1060 gelatio
1224 955 1279 994 non
1301 939 1452 1004 novabitur,
1484 937 1547 1008 qnia
1569 955 1619 994 neo
1646 937 1771 994 soluendo
1795 935 1906 992 fundum

1118 1009 1219 1060 etracto
1249 1023 1300 1060 usu
1328 1005 1419 1062 fructu
1446 1007 1628 1074 hbaaoorist,
1656 1007 1703 1062 sed
1725 1005 1814 1060 adhuc
1839 1021 1857 1060 a
1879 1011 1906 1060 te

1099 1079 1173 1128 recte
1195 1073 1272 1126 fundi
1288 1089 1365 1128 usum
1387 1075 1503 1128 fructum
1526 1081 1652 1144 peterem.
1688 1075 1751 1144 quid
1767 1089 1828 1144 ergo
1847 1075 1905 1130 est?

1100 1157 1160 1198 cum
1176 1141 1240 1196 mihi
1262 1141 1373 1196 fundum
1397 1143 1514 1208 dederis,
1538 1143 1561 1198 is
1580 1159 1685 1212 quoque
1701 1145 1870 1210 liberabitur,
1889 1161 1905 1198 a

1100 1227 1152 1280 quo
1170 1209 1289 1264 detracto
1306 1227 1357 1264 usn
1380 1209 1470 1264 fructu
1493 1211 1605 1266 fundum
1628 1213 1770 1282 stipulatus
1793 1213 1903 1270 fueram.

1099 1283 1114 1334 8
1150 1279 1178 1334 si
1192 1279 1332 1344 hominem,
1350 1295 1426 1348 quem
1441 1295 1458 1336 a
1471 1279 1541 1336 Titio
1556 1297 1623 1348 pure
1637 1283 1779 1350 stipulatus
1793 1281 1904 1348 fueram,

1099 1347 1175 1402 Seius
1192 1345 1256 1400 mihi
1273 1346 1323 1402 sub
1340 1347 1495 1402 condicione
1517 1349 1668 1416 promiserit
1685 1357 1712 1402 et
1729 1351 1752 1404 is
1774 1351 1905 1420 pendente

1100 1415 1254 1472 condicione
1283 1421 1346 1484 post
1368 1431 1468 1468 moram
1492 1415 1555 1468 Titii
1579 1415 1735 1484 decesserit,
1766 1419 1905 1474 confestim

1100 1501 1159 1540 cum
1172 1483 1242 1540 Titio
1257 1499 1335 1552 agere
1345 1487 1447 1552 potero,
1459 1499 1509 1540 nso
1521 1483 1597 1540 Seius
1610 1485 1738 1540 existente
1750 1487 1905 1542 condicione

1100 1555 1257 1624 obligatum:
1276 1557 1305 1606 at
1322 1553 1345 1608 si
1362 1551 1432 1606 titio
1450 1555 1590 1622 acceptum
1605 1551 1736 1620 iecissem,
1755 1555 1830 1612 Seius
1850 1557 1904 1612 exi-

1099 1627 1185 1678 stente
1209 1621 1364 1678 condicione
1388 1619 1500 1690 obligari
1514 1627 1611 1690 potest.
1645 1621 1743 1678 idcirco
1765 1625 1833 1678 haee
1850 1629 1904 1678 tem

1098 1691 1178 1756 ιιιιι,
1198 1691 1269 1760 quod
1284 1689 1390 1744 homine
1406 1695 1511 1744 mortuo
1529 1689 1625 1744 desinit
1640 1705 1697 1744 esse
1714 1707 1765 1758 res,
1784 1693 1812 1748 in
1826 1711 1905 1762 quam

1101 1759 1176 1816 Seius
1196 1759 1368 1828 obligaretur:
1387 1757 1589 1826 acceptilatione
1605 1759 1764 1828 interposita
1784 1767 1907 1830 superest

1099 1827 1186 1894 homo,
1206 1843 1284 1898 quem
1301 1827 1377 1882 Seius
1394 1827 1560 1894 promiserat.

1133 1891 1172 1952 57
1191 1891 1272 1950 Innn
1290 1897 1359 1950 libro
1382 1895 1622 1966 quinquagensimo
1644 1897 1722 1948 tertio
1740 1895 1903 1966 clipeatorum

1100 1963 1128 2018 Si
1157 1963 1216 2032 quis
1239 1963 1271 2018 ‘si
1292 1963 1380 2018 Titius
1408 1963 1501 2016 consul
1523 1961 1612 2018 iactus
1635 1963 1697 2030 erit,
1724 1963 1815 2018 decern
1838 1963 1905 2018 dari'

1098 2031 1285 2102 spoponderit,
1304 2031 1421 2102 quamvis
1439 2031 1570 2098 pendente
1587 2031 1743 2086 aonffieione
1758 2031 1905 2100 promissor

1098 2101 1235 2168 moriatur,
1246 2101 1384 2170 'relinquet
1400 2099 1524 2154 heredem
1541 2099 1694 2168 obligatum.

1133 2165 1172 2226 58
1190 2167 1268 2222 Innn
1283 2169 1351 2224 libro
1369 2169 1609 2240 quinquagensimo
1627 2169 1723 2236 quarto
1742 2167 1904 2236 clipeatorum

1099 2235 1149 2304 Qui
1172 2253 1250 2292 usum
1273 2237 1389 2292 fructum
1406 2235 1481 2290 fundi
1497 2235 1652 2302 stipulatur,
1675 2233 1767 2290 deinde
1785 2233 1904 2298 fundum,

1098 2305 1191 2360 similis
1217 2311 1258 2358 est
1280 2305 1317 2370 ei,
1342 2305 1387 2374 qui
1408 2311 1511 2374 partem
1533 2304 1610 2356 fundi
1627 2303 1661 2356 sti
1680 2303 1784 2366 ulatur,
1810 2301 1904 2356 deinde

1098 2377 1197 2440 tetum,
1223 2373 1286 2440 quia
1306 2371 1404 2428 fundus
1431 2371 1488 2426 dari
1515 2385 1569 2426 non
1591 2319 1764 2438 intelddgitur,
1795 2369 1818 2424 si
1840 2385 1904 2450 usos

1097 2439 1201 2494 fruetus
1220 2441 1385 2496 detrahatur.
1409 2445 1464 2494 ete
1483 2439 1614 2494 contrario
1632 2439 1677 2506 qui
1692 2437 1806 2490 fundum
1820 2443 1904 2506 stupu-

1097 2507 1168 2564 latus
1186 2515 1240 2572 ιιι,
1265 2509 1360 2562 deinde
1382 2525 1457 2564 usum
1478 2509 1609 2572 fructum,
1632 2505 1722 2562 similis
1741 2509 1781 2560 est
1798 2505 1836 2570 ei,
1860 2505 1905 2574 qni

1098 2581 1185 2632 totum
1208 2577 1363 2646 stipulatur,
1388 2575 1480 2632 deiude
1504 2577 1632 2646 pauent.
1667 2575 1729 2630 sed⁷
1753 2575 1798 2642 qni
1815 2579 1902 2628 actum

1098 2645 1254 2724 stipulatur,
1278 2645 1371 2700 deinde
1392 2645 1457 2710 iter,
1483 2645 1630 2714 posteriore
1652 2643 1822 2712 stipulatione
1840 2641 1905 2696 nihil

1099 2719 1167 2794 agrt,
1193 2713 1272 2768 sicuti
1294 2713 1340 2782 qui
1368 2713 1471 2778 decem,
1500 2713 1593 2768 deinde
1614 2713 1730 2834 guindue
1753 2711 1904 2790 stipulatur,

1097 2779 1164 2834 ιιιιιιι
1181 2781 1243 2848 agit.
1271 2781 1333 2836 item
1350 2781 1374 2836 si
1391 2781 1449 2848 quis
1466 2781 1595 2846 fructum,
1633 2783 1675 2836 ein
1694 2795 1707 2834 e
1725 2797 1803 2836 nsum
1820 2785 1904 2848 stipu-

1097 2847 1169 2902 latus
1197 2847 1290 2914 inerit,
1319 2847 1384 2902 nihil
1407 2849 1469 2918 agit.
1505 2849 1557 2904 nisi
1583 2849 1611 2902 in
1640 2847 1761 2902 omnibus
1790 2849 1904 2902 notandi

1098 2915 1186 2970 animo
1209 2917 1261 2970 hoe
1283 2917 1372 2970 facere
1394 2917 1547 2986 specialiter
1563 2917 1734 2986 expresserit:
1753 2923 1817 2968 tnnc
1835 2917 1904 2970 enim

1097 2983 1186 3052 priore
1204 2981 1363 3052 obligatione
1378 2985 1530 3052 exspirante
1548 2985 1580 3040 ιιι
1598 2985 1714 3040 secunda
1727 2983 1905 3038 introducitur
1953 2987 1954 2992 ’

1097 3049 1190 3118 petitio
1199 3055 1236 3170 tet
1250 3055 1307 3104 tam
1322 3053 1374 3106 iter
1390 3067 1470 3118 quam
1484 3067 1548 3106 usus
1566 3067 1615 3106 nee
1633 3069 1687 3106 non
1703 3053 1818 3120 quinque
1835 3051 1903 3118 exigi

1117 3133 1219 3172 ossen.

1097 3133 1172 3240 p59
1201 3183 1281 3238 Iesu
1313 3185 1380 3238 libro
1409 3189 1469 3240 octe
1488 3187 1587 3238 eusimo
1618 3191 1710 3240 oetuuo
1740 3185 1903 3256 clipeatorum

1099 3251 1227 3318 Quotiens
1243 3251 1357 3332 indiam
1374 3253 1416 3332 vel
1433 3203 1487 3306 sud
1506 3251 1660 3308 condicione
1677 3253 1763 3308 oleum
1781 3253 1839 3322 quis
1857 3253 1903 3308 sti-

1097 3319 1220 3388 pulatur,
1254 3335 1311 3374 erus
1343 3319 1553 3374 aestuationem
1580 3337 1611 3376 eo
1640 3325 1759 3390 tempore
1788 3323 1903 3390 spectari

1098 3391 1218 3454 opertet,
1245 3401 1296 3456 quo
1320 3385 1376 3442 dies
1398 3387 1566 3454 obligationis
1589 3389 1672 3442 venit:
1694 3395 1759 3444 tune
1783 3389 1902 3444 animab

1098 3471 1130 3508 eo
1147 3453 1203 3522 peti
1220 3459 1323 3524 potesta
1341 3455 1458 3522 ahoquin
1475 3455 1560 3510 alias⁸
1577 3457 1722 3526 reiceptio
1739 3457 1798 3512 erit.

1131 3519 1170 3580 60
1195 3523 1340 3578 Uarianos
1364 3523 1433 3578 libro
1455 3525 1597 3578 uicensimo
1625 3525 1662 3578 art
1683 3525 1797 3580 edietum
1830 3523 1903 3580 Idem

1097 3589 1149 3644 erit
1171 3593 1198 3644 et
1219 3591 1241 3644 si
1265 3589 1372 3658 Capuae
1394 3591 1512 3644 certum⁹
1541 3591 1592 3646 olei
1640 3593 1709 3648 ondo
1718 3595 1740 3628 ¹⁰
1762 3593 1820 3648 dari
1844 3595 1902 3662 quis

1097 3657 1241 3726 stipulatus
1259 3657 1305 3712 sit:
1323 3673 1386 3712 uam
1403 3657 1458 3712 ιιιιι
1476 3661 1602 3730 temporis
1619 3609 1650 3712 dt
1667 3661 1823 3728 aestimatio,
1842 3677 1902 3716 aum

1097 3727 1151 3796 peti
1167 3729 1269 3796 potest:
1292 3725 1452 3806 patientem
1469 3733 1570 3796 potest,
1588 3743 1641 3796 quo
1650 3731 1668 3762 ¹¹
1686 3729 1800 3798 primum
1816 3731 1845 3784 in
1862 3729 1902 3782 lo-

1097 3811 1157 3848 cum
1173 3793 1304 3862 perveniri
1319 3795 1415 3862 potuit.

1131 3859 1165 3918 ot
1189 3861 1332 3916 intrares
1352 3861 1419 3916 libro
1442 3863 1557 3916 semusto
1580 3863 1617 3918 ud
1639 3863 1756 3918 Urseium
1773 3865 1902 3920 Ferocem

1097 3929 1238 3998 Stipnlatio
1255 3929 1308 3982 hoc
1330 3929 1407 3982 modo
1427 3935 1568 3998 concepta:
1597 3931 1627 3984 ‘si
1643 3931 1767 3986 heredem
1788 3947 1830 3986 me
1848 3949 1902 3986 non

1097 3997 1212 4060 ‘iecoris
1235 4001 1340 4050 tantum
1369 3997 1433 4050 dare
1460 3997 1602 4052 sondes‘l’
1635 3997 1736 4054 inutilis
1759 4003 1813 4064 est,
1841 3999 1902 4066 qnia

1097 4067 1191 4120 centra
1208 4065 1293 4118 bonos
1312 4079 1396 4118 mores
1412 4069 1452 4120 est
1467 4013 1535 4120 daeo
1553 4063 1698 4134 stipulatio.

1130 4129 1170 4188 62
1188 4131 1268 4186 Ione
1281 4131 1349 4186 libro
1367 4133 1482 4186 secundo
1498 4147 1535 4186 ea
1546 4133 1657 4188 Minicio
1683 4133 1779 4188 Servus
1795 4137 1901 4186 uetante

1097 4199 1201 4254 domiuo
1220 4201 1242 4256 si
1259 4199 1400 4268 pecuniam
1417 4201 1451 4254 ah
1472 4199 1554 4254 ιιιιο12
1579 4201 1721 4270 stipulatus
1744 4201 1793 4268 sit,
1818 4201 1900 4254 nihilo

1094 4267 1182 4322 minus
1200 4267 1301 4336 obligat
1319 4269 1423 4324 domino
1440 4267 1635 4338 promissorem.

1130 4333 1169 4394 63
1193 4337 1361 4390 Arniensem
1387 4337 1455 4392 libro
1482 4341 1562 4390 sento
1586 4337 1770 4406 quaestionum
1811 4333 1839 4390 Si
1861 4335 1901 4388 ita

1097 4405 1155 4474 quis
1172 4405 1326 4474 stipulatum
1344 4403 1407 4460 ‘sire
1418 4405 1493 4460 navis
1508 4417 1542 4458 cx
1556 4405 1621 4458 Asia
1633 4403 1734 4456 ιιιιιιι
1746 4403 1800 4456 sive
1813 4403 1900 4456 Titios

1097 4473 1199 4526 ‘consul
1214 4475 1304 4528 iactus
1320 4471 1415 4538 fuerit’,
1440 4477 1500 4526 ntra
1517 4471 1591 4540 prius
1609 4471 1728 4524 condicio
1746 4471 1899 4534 exstitisset,

1096 4539 1232 4610 stipulatio
1256 4541 1434 4594 committetur
1454 4543 1482 4594 ιι
1505 4539 1618 4608 amplius
1636 4537 1762 4592 committi
1779 4555 1834 4594 non
1850 4555 1899 4606 po-

1095 4613 1155 4664 test.
1190 4609 1237 4664 sed
1254 4609 1324 4664 enim
1334 4609 1353 4642 ¹³
1377 4625 1437 4662 cum
1454 4623 1489 4662 cx
1505 4605 1609 4660 duabus
1627 4603 1791 4660 disiunctivis
1808 4607 1899 4660 condi-

1096 4675 1215 4730 cionibus
1239 4677 1325 4732 altera
1347 4675 1487 4742 defecerit,
1509 4687 1618 4730 necesse
1640 4677 1694 4738 est,
1717 4675 1748 4726 nt
1764 4687 1809 4740 aa,
1832 4691 1900 4744 quae

1095 4743 1234 4810 exstiterit,
1253 4743 1450 4812 stipulationem
1468 4741 1623 4798 committat.

1130 4807 1170 4868 64
1193 4811 1275 4864 Innn
1300 4813 1367 4868 libro
1389 4813 1501 4882 septimo
1524 4811 1708 4882 quaestionum
1742 4807 1899 4864 Huiusmodi

1096 4879 1233 4948 stipulatio
1261 4879 1418 4948 interposita
1441 4881 1495 4932 est:
1526 4877 1558 4930 ‘si
1580 4875 1666 4930 Titius
1696 4879 1791 4930 consul
1812 4879 1899 4932 faetus

1097 4945 1199 5014 ‘inerit
1222 4951 1281 5002 tum
1298 4963 1332 5002 ex
1347 4947 1399 5002 hac
1417 4947 1458 5000 die
1474 4947 1503 5000 in
1519 4959 1604 4998 annos
1621 4945 1738 5014 singulos
1756 4945 1824 5000 dena
1843 4945 1901 5002 dari

1097 5013 1247 5084 ‘spondes‘l’
1266 5021 1329 5084 post
1343 5015 1487 5068 triennium
1505 5011 1624 5068 condeio
1637 5013 1749 5068 exstitit:
1769 5029 1803 5068 an
1820 5017 1899 5068 huius

243 5077 298 5134 lari
320 5083 476 5152 stipulatur,
499 5087 589 5152 potest
609 5081 714 5152 quidem
737 5081 816 5136 ιιιιιιι
837 5087 900 5152 post
915 5083 1045 5136 kalendas
1094 5083 1222 5152 temporis
1245 5083 1350 5138 nomine
1368 5083 1411 5152 agi
1428 5083 1525 5152 possit,
1549 5095 1604 5134 non
1619 5083 1747 5134 immerito
1766 5081 1899 5138 dubitabi-

242 5153 342 5266 Eetere,
369 5149 417 5206 sed
438 5151 591 5220 exceptione
614 5149 687 5218 pacti
710 5155 897 5206 summovetur.
932 5165 995 5204 narn
1019 5153 1047 5204 ιι
1095 5155 1149 5206 tur.
1184 5149 1320 5220 respondit
1349 5167 1407 5206 eam
1435 5149 1632 5218 stipulationem
1655 5151 1746 5206 utilem
1773 5153 1898 5214 esraite,

260 5229 315 5272 eres
333 5219 402 5298 eius,
421 5221 464 5272 cni
481 5221 594 5276 seruitus
611 5217 712 5286 praedii
728 5217 767 5272 ita
784 5233 912 5272 concessa
929 5221 982 5298 ιιι,
1006 5223 1045 5284 ut,

243 5285 326 5350 quoad
343 5293 450 5350 ureret,
467 5287 510 5342 ius
528 5287 609 5344 etmdi
624 5287 744 5350 haberet,
766 5287 840 5356 pacti
857 5289 981 5340 conventu
998 5299 1045 5340 ex·

1096 5223 1127 5272 nt
1142 5221 1170 5274 in
1187 5233 1220 5272 ea
1236 5233 1328 5272 eorum
1345 5233 1449 5288 qnoque
1466 5233 1608 5284 annornm,
1625 5219 1671 5290 qni
1688 5223 1749 5272 onte
1765 5219 1900 5290 impletam

1096 5287 1277 5342 condicionem
1299 5287 1511 5354 intercesserint,
1536 5287 1680 5356 praestatio
1697 5287 1770 5342 inid
1794 5293 1899 5356 tempus

243 5349 257 5398 5
290 5353 411 5422 ceptione
429 5355 636 5410 submovebittu.
671 5353 721 5422 Qui
737 5353 775 5408 ita
791 5353 951 5434 stipulatur:
974 5355 1046 5408 ‘ante
1097 5353 1195 5410 collata
1211 5353 1391 5424 intellegatur,
1412 5359 1443 5409 ut
1460 5355 1590 5410 sententia
1607 5353 1665 5410 eius
1682 5357 1718 5410 sit
1732 5355 1808 5410 talis:
1835 5359 1900 5410 tunc

242 5413 375 5476 ‘kalendas
388 5423 525 5490 proximas
542 5423 601 5478 dari
616 5421 757 5494 spondesi'
776 5419 842 5476 nihil
853 5419 942 5476 differt
957 5419 991 5476 ab
1004 5437 1045 5490 eo,

243 5585 468 5654 impertinentes.
550 5597 582 5660 (e)
600 5597 630 5644 ιιι
637 5595 720 5660 partes
727 5593 837 5660 corpeus
845 5593 1044 5656 uniuscuiusque

242 5655 285 5704 uui
292 5659 381 5722 cuique
391 5659 528 5710 debeantur
536 5681 581 5712 ser.
647 5665 678 5726 (a)
696 5661 847 5712 manenteF
902 5661 933 5722 (a)
951 5657 1044 5710 libera·

242 5723 301 5772 mnis
314 5745 361 5776 ser.
441 5729 472 5784 (tl
491 5727 644 5792 obligaretur
656 5749 702 5780 sor.
782 5731 816 5794 (t)
834 5727 919 5790 itaque
933 5725 1045 5776 frustum

242 5787 381 5854 stipulando
394 5793 462 5844 nihil
475 5795 536 5858 agit,
550 5795 598 5844 nisi
612 5797 714 5848 tortasse
728 5797 765 5846 ita
779 5793 913 5860 stipulatus
926 5795 972 5856 ιιι,
986 5795 1016 5840 ut
1029 5809 1045 5842 s

1096 5437 1158 5476 cum
1174 5421 1263 5476 Titius
1286 5423 1380 5478 consul
1403 5423 1490 5480 laotos
1506 5423 1599 5494 luerit,
1626 5425 1654 5478 in
1673 5439 1755 5478 annos
1774 5423 1901 5492 singulos,

1391 5539 1510 5548 ...mn-...ue

1094 5591 1176 5656 priore
1186 5591 1338 5658 obligatione
1346 5595 1458 5648 recedere
1463 5595 1527 5648 velle
1535 5613 1560 5648 ιι
1568 5597 1719 5662 signiticaret
1727 5595 1845 5648 similiave
1853 5595 1898 5644 ies.

1096 5659 1127 5722 tt)
1146 5659 1224 5710 etius.
1289 5663 1323 5726 ts)
1341 5661 1577 5728 aliaslalteriusscr.
1645 5667 1677 5728 (a)
1695 5665 1794 5714 centum
1805 5663 1900 5712 Breue-

1094 5743 1167 5776 matm
1228 5729 1273 5792 (tt)
1289 5731 1437 5794 pontum
1493 5735 1534 5798 (11)
1553 5733 1733 5800 quolcumsor.
1790 5729 1836 5790 (tat
1853 5727 1898 5776 nli-

1095 5795 1212 5856 quodem
1281 5799 1326 5864 (te)
1343 5797 1469 5866 sedenim]
1479 5803 1626 5852 stenimrer.
