4366 6258
275 355 380 424 XVIII
401 363 460 424 13
1064 349 1128 424 236
1530 373 1576 422 00
1597 367 1687 422 nnec
1709 373 1932 424 comessorem

309 547 344 604 11
370 547 513 602 [10000000
533 545 599 600 libro
622 541 1074 602 0000110001000018011000
1128 541 1212 598 serint
1227 543 1310 612 priori
1328 541 1453 612 emptori,
1477 543 1500 598 si
1523 559 1577 600 uon
1598 543 1706 598 minoris
1730 543 1785 598 sint
1807 543 1859 598 irae
1880 559 1932 610 res,

274 615 350 684 Quod
367 619 454 670 autem
471 613 585 668 Sabinus
602 613 694 668 scribit
713 611 827 666 fvrndum
847 613 876 666 in
898 613 966 666 diem
989 611 1076 666 addici
1145 627 1207 666 uam
1225 629 1277 682 quo
1295 613 1378 682 pluris
1395 617 1489 680 postea
1511 613 1610 668 fundus
1633 613 1756 678 venierit,
1778 613 1851 682 prior
1872 627 1932 666 ven·

274 699 327 738 non
350 697 428 750 posse
449 697 554 746 rursus,
574 683 624 802 001
647 681 727 736 semel
750 679 838 736 fuerat
854 681 882 734 10
899 679 967 736 diem
985 679 1074 734 addic-
1147 679 1293 746 11000101,
1319 679 1395 748 quasi
1412 679 1504 736 melior
1521 679 1640 736 00011010
1658 679 1740 734 allata
1763 697 1817 736 000
1840 679 1887 734 sit:
1911 679 1931 736 si

275 757 332 814 tus,
353 749 456 802 ratione
473 749 571 802 eiusmo
592 751 597 760 '
617 749 748 814 defendit,
772 749 834 816 quia
850 747 958 818 prioris,
982 747 1074 816 100011,
1127 747 1235 802 minoris
1253 749 1333 802 sinte
1358 747 1481 816 idemque
1498 749 1689 802 aestimandum
1703 753 1752 814 001,
1770 749 1793 802 01
1807 747 1862 802 dies
1877 747 1932 802 lon·

274 817 396 884 emptoris
413 817 502 870 statim
519 817 563 882 fit,
587 817 688 870 scilicet
710 817 788 886 quasi
809 833 862 870 nou
884 815 1004 870 videatur
1020 829 1074 868 me·
1127 815 1184 884 gior
1199 817 1279 884 pretii
1296 817 1414 870 solvendi
1432 817 1496 870 data
1511 815 1607 882 fuerit,
1625 821 1655 868 ut
1673 821 1830 884 quaeratur,
1848 829 1930 884 quan-

274 883 324 936 lior
342 883 460 938 condicio
479 885 573 950 011010,
597 883 697 936 sinon
719 899 813 938 secure
830 883 946 938 secundo
965 883 1076 952 emptori
1127 889 1184 936 tum
1202 889 1333 938 ex'nsura
1350 883 1405 936 eius
1422 883 1548 952 temporis
1567 883 1626 952 capi
1642 883 1782 952 potueriti.

274 949 372 1004 fundos
389 949 534 1016 addicitur,
557 949 603 1006 sed
626 951 678 1004 alia
700 949 811 1006 licitatio
834 949 1002 1020 prospicitur.
1028 949 1075 1004 sed
1163 945 1201 1006 it
1224 949 1371 1006 1110010000
1384 951 1452 1006 libro
1468 953 1621 1020 triqcocimo
1636 951 1753 1006 secando
1769 949 1807 1006 nd
1820 949 1932 1004 edictum

274 1017 474 1072 Iulianuslibro
493 1017 703 1088 quintodecimo
722 1019 883 1086 digestorum
906 1017 1013 1086 scripsit
1034 1017 1074 1070 in·
1126 1017 1166 1072 Im
1186 1021 1274 1072 arator
1290 1017 1404 1072 Severus
1421 1019 1569 1086 rescripsit:
1589 1017 1673 1072 ‘Sicut
1688 1019 1792 1072 fructus
1814 1017 1842 1070 in
1866 1017 1932 1072 diem

274 1089 372 1138 teresse
395 1087 519 1152 multum,
543 1085 607 1154 quid
629 1087 699 1140 inter
720 1087 909 1140 contrahentes
926 1097 1015 1138 actum
1033 1085 1074 1150 sit,
1128 1085 1258 1138 ‘edictae
1281 1085 1390 1150 domus,
1415 1101 1476 1138 cum
1499 1085 1591 1138 melior
1609 1085 1728 1140 condicio
1745 1085 1827 1138 fuerit
1844 1085 1932 1150 allata,

274 1167 323 1206 nec
340 1153 374 1204 im
394 1153 465 1206 edire
481 1153 621 1222 quicquam
637 1153 679 1208 vel
695 1153 747 1208 hoc
765 1153 821 1222 agi,
845 1159 876 1206 ut
892 1153 997 1222 saepius
1013 1153 1074 1206 iun·
1129 1153 1266 1208 ‘venditori
1282 1153 1387 1206 restitui
1404 1167 1513 1208 necesse
1530 1157 1584 1218 est,
1607 1153 1646 1206 ita
1667 1169 1758 1208 rursus
1777 1167 1845 1220 quae
1860 1153 1932 1222 prior

275 1219 323 1274 dus
341 1169 492 1286 collocetur,
510 1221 573 1274 dnm
588 1221 630 1276 vel
645 1221 731 1290 prima
747 1221 789 1276 vel
806 1219 922 1274 secunda
939 1221 981 1274 vel
998 1221 1076 1274 tertia
1127 1225 1239 1290 ‘emptor
1254 1219 1340 1276 medio
1358 1225 1477 1288 tempore
1490 1221 1641 1276 necessario
1652 1221 1805 1288 probaverit
1818 1227 1932 1288 erogata,

278 1293 288 1340 1
324 1285 470 1342 adiectione
491 1303 534 1342 res
557 1303 575 1342 a
597 1291 733 1344 venditore
756 1287 882 1342 discedat.
917 1287 983 1342 Item
1005 1287 1075 1356 quod
1128 1287 1933 1356 6010000111ιιο0110001001,01000001110101,001010000υο

275 1355 387 1408 Sabinas
404 1357 449 1420 ait,
468 1357 491 1408 si
507 1357 592 1410 tribus
610 1357 783 1410 vendentibus
801 1357 853 1410 duo
872 1355 1011 1422 posteriori
1028 1357 1074 1408 ad·
1128 1357 1193 1410 ‘esti
1220 1363 1247 1410 et
1270 1357 1349 1410 credo
1372 1357 1485 1412 sensisse
1508 1357 1653 1426 principem
1677 1355 1710 1410 de
1734 1355 1815 1426 empti
1836 1357 1933 1410 venditi

275 1423 392 1488 dixerint,
410 1439 479 1478 unus
497 1439 550 1476 non
569 1423 702 1478 admiserit
719 1423 902 1486 adiectionem,
919 1423 997 1476 huius
1014 1439 1075 1492 000-
1128 1423 1242 1482 actione.

275 1495 328 1544 tem
349 1491 444 1560 priori,
469 1491 580 1544 ducrum
602 1493 742 1560 posteriori
760 1495 888 1558 emptam,
911 1489 950 1544 ita
973 1489 1076 1544 demum
1164 1487 1845 1562 171000000111οο0010100001000100010000
1871 1491 1934 1546 Oum

275 1573 365 1612 verum
383 1565 435 1624 est,
460 1559 482 1612 si
499 1559 576 1612 variis
594 1561 685 1626 pretiis
702 1563 792 1630 partes
810 1571 873 1612 snas
890 1557 1076 1622 memmerunt,
1129 1559 1180 1612 duo
1208 1557 1276 1612 servi
1298 1557 1404 1612 duobus
1430 1559 1572 1626 separatim
1595 1559 1669 1612 denis
1691 1557 1720 1612 iu
1744 1557 1812 1612 diem
1835 1557 1932 1612 addicti

311 1621 349 1682 12
366 1625 535 1678 Ponronrus
555 1627 623 1680 libro
646 1643 717 1682 0000
735 1625 772 1680 ad
788 1623 916 1678 Sabinam
950 1625 1001 1678 etsi
1024 1625 1083 1678 dis-·
1127 1627 1182 1680 sint
1199 1631 1225 1678 ct
1242 1625 1371 1680 exstiterit
1389 1627 1434 1692 qui
1451 1641 1499 1696 pro
1517 1633 1629 1694 utroque
1646 1625 1753 1694 triginta
1770 1625 1829 1690 det,
1846 1627 1934 1692 refert,

275 1709 351 1762 pares
368 1699 458 1760 partes
474 1693 642 1748 vendentium
659 1693 759 1748 fuerint
769 1693 785 1744 ².
1128 1693 1206 1746 unius
1224 1693 1308 1762 pretio
1328 1693 1419 1746 decem
1436 1709 1471 1746 an
1488 1693 1651 1762 singulorum
1669 1693 1749 1762 quina
1763 1693 1874 1746 adiciat:
1893 1709 1933 1748 se·

312 1757 347 1818 13
371 1761 514 1816 [10004000
536 1761 602 1816 libro
627 1763 767 1816 vicensimo
785 1763 879 1812 octono
896 1759 933 1812 ad
948 1757 1077 1814 Sabinam
1130 1759 1243 1816 cundum
1261 1761 1422 1828 superiorem
1439 1759 1613 1814 adiectionem
1630 1761 1653 1816 is
1671 1777 1761 1816 servus
1785 1761 1934 1828 inemptcs⁸

276 1827 351 1896 Quod
369 1831 392 1882 si
408 1843 461 1883 uno
478 1829 563 1898 pretio
581 1829 756 1892 vendiderint,
781 1825 919 1880 dicendum
937 1833 978 1880 est
994 1831 1077 1882 totam
1129 1829 1186 1892 erit,
1206 1827 1280 1882 cuius
1295 1827 1380 1896 pretio
1396 1827 1509 1882 adiectio
1523 1827 1596 1882 iacta
1611 1827 1699 1894 fucrit,
1715 1827 1860 1882 secundum
1873 1843 1933 1898 pos-

276 1897 357 1964 priori
374 1903 488 1966 emptam
505 1913 626 1962 manere,
667 1893 869 1950 uemadmodum
892 1895 915 1948 si
937 1895 995 1964 quis
1012 1895 1077 1948 mibi
1129 1897 1250 1948 teriorem
1274 1897 1446 1948 adiectionem
1464 1903 1575 1964 uterque
1592 1897 1626 1950 ad
1643 1897 1815 1966 posteriorem
1834 1901 1932 1966 empto-

275 1969 360 2018 toturn
376 1964 486 2019 fundum
504 1965 538 2018 ad
556 1965 624 2018 diem
638 1915 791 2026 0111010001,
809 1967 904 2030 000100
916 1979 977 2018 vero
992 1963 1077 2032 pretio
1128 1979 1183 2016 rem
1201 1963 1356 2032 pertinebit:
1376 1963 1447 2032 quod
1464 1963 1488 2018 si
1504 1963 1635 2018 incertum
1651 1963 1700 2028 sit,
1718 1963 1753 2018 ad
1769 1963 1854 2018 utrius
1872 1981 1932 2032 pre-

275 2031 376 2086 0110010
395 2033 529 2086 dimidium
546 2033 590 2086 alii
608 2031 746 2086 addixerit.
783 2027 875 2084 celsus
890 2045 994 2100 quoque
1009 2031 1077 2086 libro
1128 2031 1193 2086 tium
1216 2029 1359 2096 addiderit,
1383 2047 1400 2084 a
1420 2031 1509 2100 priore
1532 2031 1663 2100 emptione
1686 2047 1740 2086 non
1757 2031 1860 2086 videtur
1877 2047 1934 2086 esse

275 2107 368 2154 octavo
387 2101 546 2180 digestorum
563 2099 645 2154 refert
660 2099 780 2154 Mucium
797 2095 909 2152 Brutum
926 2097 1077 2152 Labeonem
1130 2101 1282 2152 discessum.

275 2169 344 2236 quod
362 2167 486 2222 Sabmnm
505 2165 1078 2236 0010111000οἣ10000000001101000101000
1165 2161 1202 2224 18
1220 2169 1389 2222 Assinaros
1409 2167 1476 2222 libro
1500 2167 1578 2220 tertio
1601 2167 1786 2236 qaaestionem
1821 2165 1887 2220 Cum
1908 2167 1935 2220 in

275 2237 369 2304 probat
392 2241 418 2290 et
441 2237 522 2290 adicit
544 2235 633 2290 mirari
656 2251 684 2290 se
702 2251 719 2290 a
737 2233 840 2290 nemine
858 2233 1077 2298 animadversum,
1130 2235 1198 2290 diem
1216 2235 1318 2290 duobus
1337 2233 1416 2288 sociis
1433 2233 1531 2290 fundus
1549 2233 1584 2288 sit
1601 2233 1737 2298 addictus,
1760 2249 1814 2288 uno
1838 2251 1871 2288 en
1892 2233 1932 2288 his

275 2305 345 2424 00001
362 2303 384 2356 01
400 2305 472 2372 prior
496 2311 598 2372 emptor
623 2305 660 2358 ita
685 2303 832 2368 contraxit,
858 2303 960 2358 010101
983 2307 1077 2366 totum,
1128 2303 1242 2372 pretium
1267 2303 1398 2356 adiciente
1423 2303 1502 2356 etiam
1524 2317 1572 2372 pro
1596 2303 1680 2370 ipsius
1706 2307 1782 2370 parte
1808 2301 1935 2370 a'priore

287 2371 386 2424 undum
404 2377 519 2440 emptum
536 2371 618 2424 nollet
635 2371 740 2436 habere,
758 2385 813 2422 uon
830 2371 927 2424 habere
944 2385 1003 2424 eum
1022 2385 1079 2422 eam
1129 2369 1279 2426 venditione
1297 2371 1397 2426 discedi
1413 2371 1512 2424 rectius
1532 2371 1704 2424 existimatur.

274 2443 375 2508 partem
393 2443 515 2506 emptam,
533 2455 612 2506 quam
628 2455 697 2492 unns
713 2453 745 2492 ex
759 2437 838 2492 sociis
853 2439 992 2506 posteriori
1006 2451 1077 2506 emp·
1165 2435 1203 2494 19
1220 2437 1389 2494 1000000000
1414 2437 1482 2494 libro
1504 2437 1620 2492 secando
1644 2455 1682 2494 00
1698 2437 1807 2492 Plautio
1841 2437 1934 2492 Fando

279 2511 288 2560 1
325 2507 376 2560 1001
393 2505 515 2560 addicere
531 2507 623 2560 noluit.
657 2505 757 2560 Verum
775 2511 816 2560 est
832 2511 921 2560 autem
938 2507 979 2562 vel
996 2521 1078 2558 unum
1129 2505 1246 2560 indiam
1269 2507 1374 2562 addicto
1399 2509 1422 2560 si
1444 2513 1539 2576 postea
1561 2505 1675 2576 pretium
1698 2505 1830 2560 adiectum
1853 2509 1935 2560 estet

275 2589 307 2628 ex
323 2575 501 2629 venditoribus
519 2589 595 2644 posse
612 2573 745 2626 meliorem
763 2571 868 2628 adferre
884 2575 1077 2628 condicionem:
1128 2575 1248 2628 venditor
1271 2575 1321 2630 alio
1346 2575 1428 2628 fondo
1454 2569 1578 2644 applicito
1603 2591 1662 2628 cum
1679 2575 1688 2628 i
1707 2591 1764 2630 sum
1781 2575 1857 2628 fundi
1893 2591 1934 2630 os-

275 2657 360 2696 emere
378 2643 446 2696 enim
464 2659 524 2696 cum
541 2647 598 2696 1010
614 2657 644 2696 00
661 2641 741 2696 etiem
758 2647 877 2694 nostram
894 2647 998 2710 partem
1014 2657 1077 2710 pos·
1118 2643 1218 2696 ‘teriori
1244 2643 1356 2712 emptori
1381 2643 1482 2696 addixit
1508 2647 1534 2696 et
1556 2641 1584 2696 id
1607 2643 1663 2698 sine
1687 2593 1747 2698 lolo
1771 2643 1841 2698 malo
1877 2645 1934 2710 ecit,

275 2725 373 2764 sumus
1130 2709 1212 2778 priori
1231 2711 1343 2778 emptori
1361 2711 1491 2778 obligatus
1509 2725 1564 2764 non
1583 2711 1645 2764 erit:
1669 2727 1730 2764 nam
1748 2711 1866 2780 quamvis
1883 2729 1935 2766 non

310 2773 877 2848 14Ρο000011100001010008011000
913 2775 942 2830 si
957 2775 1079 2830 venditor
1129 2779 1156 2830 id
1174 2783 1291 2842 tantum,
1316 2779 1387 2848 quod
1403 2779 1431 2830 in
1450 2779 1519 2832 diem
1542 2777 1678 2832 addictum
1700 2785 1771 2842 erat,
1797 2779 1843 2834 sed
1865 2779 1935 2832 aliud

275 2845 576 2900 simulaveritmeliorem
590 2845 698 2898 allatam
713 2843 903 2908 condicionem,
920 2859 981 2898 cnm
995 2845 1078 2896 mino·
1129 2861 1233 2914 quoque
1251 2863 1311 2902 cum
1330 2861 1359 2900 00
1377 2847 1494 2910 00010011,
1513 2851 1617 2910 tamen,
1636 2845 1659 2900 si
1675 2845 1796 2902 venditor
1814 2847 1872 2902 dolo
1891 2863 1934 2902 ca·

277 2913 312 2968 ris
329 2915 369 2968 vel
387 2913 465 2966 etiam
482 2911 609 2968 tantidem
626 2913 670 2966 alii
686 2913 826 2976 venderet,
844 2911 949 2980 utrique
968 2911 1079 2980 emptori
1129 2919 1182 2978 ret,
1208 2913 1304 2982 prioris
1331 2915 1455 2982 emptoris
1479 2929 1562 2968 causa
1584 2915 1708 2968 absoluta
1731 2919 1785 2968 est:
1812 2915 1840 2968 id
1866 2917 1934 2968 euim

278 2985 287 3032 1
323 2983 351 3034 10
367 2979 478 3034 solidum
503 2983 552 3034 0011
575 2981 712 3048 obligatus
749 2979 802 3034 sed
825 2979 848 3032 si
872 2985 974 3046 emptor
998 2979 1079 3032 alium
1130 2983 1215 3034 solum
1232 2981 1386 3036 intuendum
1405 2987 1458 3048 est,
1484 2995 1519 3036 00
1535 2981 1636 3050 0010019
1652 2983 1782 3036 venditori
1799 2983 1869 3038 bona
1885 2983 1935 3036 fide

275 3065 329 3104 non
346 3047 468 3102 idoneum
486 3049 599 3102 subiecit
617 3049 692 3118 eique
707 3045 807 3102 fundus
822 3047 943 3100 addictus
959 3053 1007 3112 est,
1025 3061 1080 3100 non
1129 3049 1202 3104 10010
1219 3049 1254 3104 011
1271 3049 1392 3104 adiectio.

274 3117 363 3180 video,
381 3115 479 3184 iuquit,
498 3115 715 3186 quemadmodum
733 3115 814 3184 priori
832 3115 867 3168 sit
883 3123 1000 3184 emptus,
1019 3131 1079 3170 cum
1164 3115 1203 3174 20
1230 3117 1413 3172 Pammenes
1436 3117 1504 3172 libro
1530 3119 1608 3172 tertio
1633 3133 1821 3188 responsorem
1861 3119 1935 3172 Prior

275 3185 327 3238 alia
344 3185 457 3238 venditio
476 3191 503 3238 et
520 3201 582 3238 vera
598 3191 692 3254 000100
709 3185 854 3238 subsecuta
868 3183 909 3238 sit.
929 3183 974 3238 sed
990 3197 1078 3238 verum
1118 3183 1233 3256 'emptor
1248 3191 1311 3256 post
1328 3185 1463 3240 meliorem
1479 3185 1660 3240 condicionem
1673 3185 1791 3240 oblatam
1806 3187 1839 3240 ob
1855 3201 1934 3254 pecu-

275 3257 315 3306 est
332 3253 493 3308 venditorem
510 3253 649 3322 deceptum
667 3269 699 3306 ex
713 3253 819 3306 vendito
836 3253 966 3306 actionem
981 3253 1080 3306 hebere
1130 3253 1245 3308 miamin
1263 3253 1371 3310 exordio
1389 3253 1518 3308 venditori
1540 3253 1574 3308 de
1597 3253 1681 3324 pretio
1705 3257 1821 3310 solutam
1843 3259 1935 3310 000100

275 3337 334 3374 cum
353 3319 451 3442 spriore
484 3327 614 3390 emptore,
646 3321 740 3392 quanti
771 3337 821 3374 sua
845 3319 948 3374 intersit
973 3321 1001 3374 id
1025 3337 1079 3374 non
1114 3321 1275 3376 ‘secundum
1300 3327 1443 3390 emptorem
1462 3321 1934 3392 0110010100011000011000010010-

276 3403 333 3466 esse
365 3397 468 3454 actum,
495 3405 542 3458 per
568 3389 801 3490 quamaactionem
824 3393 851 3442 et
872 3389 989 3468 ¹fructus,
1013 3403 1079 3456 quos
1128 3391 1209 3444 tionis
1226 3391 1409 3460 interpositam
1426 3405 1504 3460 agere
1521 3406 1575 3445 nou
1591 3395 1689 3458 potest.

274 3463 702 3590 1111111011οξ
719 3457 976 3592 tttpttttttt
1001 3455 1080 3578 {tlt
1391 3545 1395 3550 -
1492 3529 1573 3588 ,1110

275 3595 289 3642 1
324 3589 444 3644 Labeoni
461 3596 488 3644 et
505 3591 607 3646 Nervae
624 3593 719 3662 placet.
756 3591 810 3646 Sed
824 3591 846 3646 si
860 3597 954 3646 neuter
968 3591 1080 3646 subiecit
1328 3629 1374 3678 DE
1392 3627 1485 3678 LEGE
1505 3627 1734 3678 COMMISSORIA

275 3663 431 3726 emptorem,
455 3657 555 3712 maiore
577 3665 665 3712 antem
688 3659 773 3730 pretio
791 3659 926 3712 addictum
944 3661 985 3712 est
1001 3673 1077 3728 0000-
1736 3665 1743 3678 ·

275 3725 345 3778 bum
364 3727 387 3778 01
404 3727 449 3794 qui
466 3725 590 3780 solvendo
609 3745 663 3782 non
686 3733 742 3792 est,
767 3727 867 3780 abitum
890 3731 930 3780 est
953 3741 969 3778 a
992 3727 1079 3794 priore
1164 3725 1179 3782 1
1211 3725 1356 3782 Uarianos
1376 3727 1443 3782 libro
1466 3729 1608 3784 vicentino
1631 3731 1724 3782 octove
1748 3727 1785 3782 ad
1808 3725 1934 3782 Sabinum

275 3793 419 3862 emptione,
443 3793 506 3862 quia
530 3811 561 3848 ea
578 3793 669 3850 melior·
685 3793 844 3862 intellegitur
863 3809 942 3862 quam
959 3793 1079 3846 venditor
1129 3793 1157 3850 Si
1173 3793 1271 3850 fundus
1295 3793 1476 3850 commisionis
1497 3795 1555 3866 lege
1577 3793 1700 3860 venierit,
1723 3795 1807 3864 magis
1830 3799 1883 3860 est,
1906 3799 1935 3848 ut

275 3865 290 3916 3
326 3861 519 3930 comprobavit,
543 3863 586 3916 cui
607 3863 683 3916 licuit
699 3879 754 3918 non
772 3861 901 3916 addicere.
937 3859 990 3914 Sed
1012 3861 1079 3916 etsi
1129 3863 1179 3918 sub
1205 3863 1360 3918 condicione
1382 3863 1478 3918 resolvi
1500 3863 1597 3934 emptio
1616 3877 1696 3934 quam
1713 3863 1763 3918 sub
1781 3863 1935 3918 condicione

275 3931 390 4000 pupillus
407 3937 501 4000 000100
518 3931 575 3984 0100
590 3931 687 3986 1010010
705 3931 864 3986 auctoritate
879 3929 963 4000 pluris
977 3931 1077 3994 emerit,
1129 3929 1250 3986 contrahi
1266 3931 1393 3986 videatur.
1448 3955 1454 3972 ι

276 3999 456 4054 consentiente
480 3997 615 4052 venditore
641 4001 757 4054 ebibitur
782 4013 799 4052 a
824 3997 911 4066 priore
937 3997 1076 4066 emptione.
1163 3995 1182 4054 2
1199 3997 1452 4054 Ponaomosnoro
1471 3999 1624 4070 tricensimo
1643 3999 1735 4070 quinto
1754 3997 1932 4054 0018011000

274 4065 344 4120 idem
361 4073 387 4120 01
408 4065 441 4120 de
464 4081 537 4120 servo
561 4065 660 4120 alienor
685 4069 761 4120 aliter
783 4071 864 4134 atque
886 4065 908 4120 si
930 4071 1005 4120 servo
1028 4079 1077 4120 suo
1130 4065 1195 4120 (lum
1211 4067 1333 4120 venditor
1349 4067 1425 4120 fundi
1442 4067 1470 4120 in
1486 4069 1543 4136 lege
1559 4065 1598 4120 ita
1622 4065 1735 4120 caverit:
1754 4069 1787 4122 ‘si
1810 4067 1845 4120 ad
1868 4067 1932 4120 diem

274 4135 314 4186 vel
331 4133 392 4198 tilio,
411 4133 532 4254 0000010
549 4139 682 4200 potestate
698 4135 787 4198 babet,
806 4135 846 4186 vel
861 4133 965 4186 domino
979 4133 1017 4186 rei
1031 4147 1079 4200 per
1129 4135 1252 4204 ‘pecunia
1268 4135 1356 4188 soluta
1373 4149 1428 4190 non
1445 4135 1491 4198 sit,
1515 4139 1546 4186 nt
1562 4133 1662 4188 fundus
1679 4135 1812 4202 inemptus
1830 4135 1881 4198 011,
1898 4135 1934 4186 110

275 4201 415 4256 erroremi
458 4201 602 4266 addixerit,
627 4201 760 4270 quianon
779 4207 819 4254 est
836 4201 933 4270 emptio
950 4199 992 4254 his
1010 4201 1077 4254 cesi·
1129 4201 1258 4270 accipitur
1271 4201 1404 4270 inemptus
1419 4201 1598 4266 essefundus,
1616 4203 1639 4256 si
1655 4201 1776 4256 venditor
1792 4201 1933 4270 inemptum

274 4269 332 4324 bus.
359 4267 469 4338 quodsi
492 4269 577 4324 alieno
601 4285 688 4332 servo,
713 4285 790 4336 quem
813 4267 944 4336 putaverit
966 4267 1079 4322 liberum
1129 4285 1188 4324 eum
1211 4285 1269 4324 esse
1292 4269 1368 4334 velit,
1392 4269 1455 4338 quia
1478 4269 1506 4322 id
1523 4269 1665 4324 venditoris
1684 4285 1765 4324 causa
1784 4275 1932 4324 caveretur:

275 4351 345 4402 esse,
364 4337 510 4402 addixerit,
534 4341 627 4392 contra
644 4353 672 4390 se
689 4335 799 4390 habebit
816 4341 842 4388 et
860 4335 909 4388 erit
926 4335 969 4390 hic
987 4335 1077 4390 similis
1128 4353 1189 4390 nam
1206 4337 1229 4390 si
1253 4337 1332 4390 aliter
1353 4337 1533 4404 acciperetur,
1558 4343 1652 4390 exusta
1673 4337 1734 4390 villa
1755 4337 1782 4390 in
1805 4341 1935 4404 potestate

275 4411 291 4460 4
326 4405 418 4474 egenti.
452 4405 615 4474 Emptorem,
633 4405 678 4474 qui
695 4403 828 4462 meliorem
843 4403 1023 4456 condicionem
1037 4413 1077 4456 at·
1129 4405 1253 4474 emptoris
1262 4403 1390 4470 futurum,
1405 4411 1498 4458 01000
1507 4403 1624 4458 1100010Η
1639 4405 1779 4474 pecuniam
1792 4403 1934 4474 inemptum

277 4473 381 4540 tulerit,
404 4479 510 4542 praeter
532 4489 629 4542 corpus
650 4471 716 4526 nihil
738 4471 857 4538 sequitur
874 4471 945 4540 quod
960 4471 1077 4526 venierit.
1096 4513 1098 4516 .
1127 4471 1230 4528 iaceret
1244 4471 1367 4538 fundum,
1386 4471 1431 4540 qui
1449 4475 1505 4528 eius
1522 4471 1639 4542 periculo
1655 4471 1760 4526 fuisset.

277 4547 291 4596 5
326 4541 388 4596 Non
404 4549 495 4594 tamen
511 4541 579 4606 ideo,
597 4541 620 4594 si
636 4539 792 4594 tantundem
809 4539 922 4606 pretium
940 4539 1008 4594 aiios
1025 4539 1077 4602 det,
1163 4537 1182 4598 3
1211 4537 1357 4594 Uremrvos
1380 4539 1448 4594 libro
1474 4541 1629 4610 0100001000
1654 4541 1692 4594 cot
1716 4539 1831 4594 edictam
1865 4539 1932 4594 Nam

275 4611 326 4664 hoc
343 4609 409 4678 ipsc,
428 4609 499 4678 quod
512 4609 615 4662 fructus
630 4625 690 4664 eum
703 4623 759 4662 non
773 4621 801 4658 se
819 4611 925 4670 uantur,
943 4605 1078 4674 0010000-
1128 4609 1211 4676 legem
1230 4607 1451 4672 commissoriam,
1492 4623 1543 4660 uae
1559 4607 1588 4660 in
1603 4607 1797 4660 venditionibus
1815 4607 1934 4672 adicimr,

275 4677 329 4732 turi
346 4681 433 4730 essent
448 4675 563 4746 priorem
580 4683 738 4744 emptorem,
762 4689 789 4726 m
815 4673 855 4726 'or
872 4673 991 4728 condicio
1008 4673 1079 4726 vide-
1130 4675 1152 4730 si
1169 4675 1240 4730 volet
1256 4675 1377 4730 venditor
1394 4691 1488 4730 exerce
1506 4675 1535 4740 it,
1553 4691 1607 4728 000
1625 4675 1704 4730 etiam
1720 4675 1826 4728 invitus.

275 4751 319 4798 tur
336 4745 423 4810 allata,
443 4745 505 4812 quia
521 4759 576 4798 non
592 4743 620 4796 id
635 4745 721 4812 agitur
734 4743 805 4796 inter
818 4745 962 4810 emptorem
977 4745 1004 4794 01
1016 4755 1078 4794 ven·
1163 4741 1182 4798 4
1199 4741 1281 4798 ianm
1299 4743 1368 4798 libro
1391 4743 1545 4812 0100000000
1568 4741 1684 4798 secondo
1707 4741 1745 4796 od
1760 4741 1875 4798 edictam
1910 4741 1935 4796 Si

277 4813 393 4866 ditorem.
1129 4807 1228 4865 fundus
1250 4811 1308 4876 lege
1332 4809 1514 4864 commissoris
1534 4809 1656 4874 venierit,
1678 4811 1731 4864 hoc
1756 4815 1797 4864 est
1819 4813 1863 4876 ut,
1886 4809 1935 4864 nisi

311 4877 622 4936 serenissimorum
644 4873 916 4932 concatenatarum
950 4875 1079 4944 810000-
1128 4877 1199 4932 intra
1217 4881 1318 4932 certum
1337 4875 1405 4930 diem
1421 4877 1536 4944 pretium
1560 4877 1594 4932 sit
1616 4877 1780 4942 exsolutum,
1804 4877 1934 4948 inemptos

276 4945 319 5002 dio
342 4947 370 5000 in
388 4945 456 5000 diem
473 4945 579 5000 addicto
598 4951 660 4998 ante
677 4945 744 5000 diem
762 4943 883 5022 venditor
899 4949 1018 4998 mortuns
1036 4943 1078 5008 sit,
1129 4945 1218 5010 fieret,
1241 4945 1389 5008 videamus,
1413 4945 1635 5064 qssrlemadmodum
1655 4945 1776 4998 venditor
1798 4949 1860 5014 agat
1881 4951 1933 5000 100

276 5015 330 5068 0100
346 5019 407 5082 0001
424 5013 492 5066 diem
509 5013 585 5066 heres
603 5011 628 5068 ei
645 5013 756 5066 exsistet
773 5025 827 5064 sive
845 5011 950 5068 omnino
965 5027 1019 5064 non
1033 5027 1078 5064 ex·
1130 5011 1261 5068 defendo
1280 5011 1411 5080 quamde
1448 5011 1477 5076 ’s,
1496 5027 1565 5080 quac
1582 5027 1614 5066 ex
1630 5011 1713 5066 tundo
1730 5017 1858 5080 percepta
1875 5013 1934 5074 sint,

276 5083 360 5146 sistat,
396 5081 459 5134 riori
475 5079 612 5150 praedium
629 5085 744 5148 emptum
762 5083 810 5142 est,
829 5079 891 5146 quia
907 5077 999 5132 melior
1016 5095 1078 5132 con·
1129 5079 1242 5148 itemque
1259 5079 1283 5134 si
1300 5079 1415 5132 deterior
1430 5077 1530 5134 fundus
1548 5077 1658 5134 effectus
1681 5081 1716 5134 sit
1737 5077 1811 5134 facto
1835 5085 1932 5148 empto·

277 5147 344 5202 dicio
362 5099 457 5212 allata,
474 5161 543 5216 quae
561 5147 667 5200 domino
685 5147 805 5216 placeat,
829 5145 943 5212 intellegi
959 5161 1014 5224 non
1029 5161 1079 5214 po·
1129 5145 1174 5200 ris.
1209 5151 1236 5200 et
1261 5145 1366 5216 quidem
1391 5145 1467 5224 finita
1493 5147 1670 5224 0010001100
1697 5145 1746 5200 sed
1769 5147 1824 5200 iam
1847 5147 1934 5200 decisa

276 5221 341 5278 test,
360 5231 419 5268 cum
436 5215 459 5268 is
477 5215 522 5284 qui
538 5215 635 5268 vendat
651 5231 706 5268 non
723 5213 847 5270 exsistat:
872 5213 943 5282 quod
965 5227 989 5266 sr
1010 5215 1080 5268 intra
1129 5215 1248 5282 quaestio
1267 5219 1308 5270 est
1326 5229 1359 5268 ex
1375 5215 1481 5268 vendito
1499 5219 1632 5268 0011000οι
1654 5229 1713 5268 com
1732 5219 1818 5278 etere,
1841 5219 1872 5268 ut
1893 5231 1932 5270 re-

277 5281 345 5338 diern
366 5281 538 5336 adiectionis⁴
561 5281 638 5336 heres
662 5283 773 5346 existat,
797 5281 888 5336 melior
911 5281 1032 5336 condicio
1055 5281 1080 5334 ei
1130 5281 1236 5350 scriptis
1252 5281 1418 5350 imperatoris
1435 5281 1564 5334 Antonini
1588 5287 1614 5334 et
1637 5281 1689 5334 divi
1706 5231 1795 5336 §everi
1817 5281 1932 5336 declara·

280 5351 289 5398 1
326 5347 423 5402 adferri
446 5355 541 5418 potest.
577 5347 605 5402 Si
626 5349 724 5404 fundus
747 5347 776 5402 in
798 5349 866 5402 diem
883 5347 1004 5402 addictus
1021 5349 1079 5404 ine·
1133 5353 1143 5402 1
1179 5355 1231 5404 100.
1267 5349 1320 5404 Sed
1343 5347 1414 5416 quod
1430 5349 1469 5402 ait
1484 5347 1611 5404 Neratius
1634 5349 1716 5403 habet
1738 5349 1881 5414 rationem,
1904 5355 1933 5402 ut

276 5411 326 5466 ric⁵
342 5415 432 5482 pluris,
450 5423 481 5470 nt
497 5415 627 5484 quaedam
645 5417 669 5470 ei
683 5415 822 5480 accedant,
841 5431 909 5486 quae
923 5431 977 5470 non
989 5431 1078 5470 acces·
1129 5415 1261 5470 interdum
1277 5417 1382 5470 fructus
1400 5421 1503 5484 emptor
1519 5419 1646 5482 lucretur,
1664 5433 1725 5472 cum
1737 5417 1851 5488 pretinm
1865 5415 1933 5486 qnod

277 5583 306 5646 (1)
326 5585 341 5634 l.
350 5593 375 5634 12
390 5585 507 5634 collocari
519 5587 876 5650 debaitpoetl.1accrd.quod
891 5585 913 5634 si
928 5601 978 5636 uno
993 5585 1077 5650 pretio
1131 5587 1166 5646 (a)
1183 5587 1263 5650 priori
1273 5587 1320 5638 dci.

277 5649 435 5700 vendiderint
535 5653 567 5714 (a)
585 5653 771 5704 existimaretF
870 5653 1077 5720 (3100000111η
1163 5653 1208 5712 (10)
1226 5653 1286 5706 sao.
1296 5653 1436 5722 1...t;Pnp.
1445 5655 1580 5722 000100.
1590 5655 1726 5708 a-Bcr.
1738 5659 1800 5720 1110
1851 5659 1890 5720 (11)
1898 5657 1933 5708 sic

278 5719 309 5780 (4)
327 5717 547 5770 addictionichl.
617 5723 648 5782 (tl
666 5721 752 5782 inerit]
762 5721 925 5772 venieritec'r.
977 5725 1010 5786 (a)
1027 5737 1078 5772 non
1129 5721 1310 5782 01000000
1483 5763 1484 5766 ,

279 5785 343 5834 00101
352 5787 396 5836 ins.
472 5791 505 5848 111
523 5785 690 5848 poteritF²S
765 5789 799 5850 (8)
817 5787 1083 5854 servassinempturF
1151 5785 1155 5794 “
