4366 6258
267 357 327 422 XX
353 361 365 422 t
981 379 982 382 ¹
1068 349 1131 424 212
1665 375 1710 422 66
1730 373 1931 448 moneamus

943 451 1244 468 -η---υι-ι-υῌ-

264 543 426 598 6661166616
449 541 558 610 pignus,
583 553 662 620 quam
686 537 847 608 computatio
865 541 947 598 666116
967 545 993 594 61
1009 555 1072 594 usu·
1124 541 1237 612 patravit
1259 555 1277 596 a
1298 545 1445 612 potestate,
1468 545 1500 598 ut
1523 545 1549 596 et
1571 545 1633 596 ante
1650 553 1730 610 quam
1747 541 1860 596 solveret
1876 541 1931 610 pig-

264 629 352 666 66666
369 609 494 676 faciebat,
512 623 561 676 66,
580 623 603 662 66
620 613 723 662 tantum
740 607 861 674 66166611,
879 613 1010 682 quantum
1028 607 1072 662 de·
1125 625 1191 664 nora
1214 611 1271 680 ipse
1293 609 1429 678 possideat
1452 609 1529 680 quasi
1545 607 1731 664 satisfacturus
1749 607 1932 676 creditoribus,

264 681 357 744 bebai,
390 681 546 730 exoneretur
571 675 738 748 hypotheca?
773 679 843 744 quod
869 691 919 748 ego
946 681 1074 746 quantum
1124 693 1173 732 nec
1192 679 1334 732 satisfecit:
1358 677 1530 734 medeberes
1550 677 1674 732 debitoris
1692 681 1803 746 paratus
1821 679 1931 730 661661-

264 745 369 814 quidem
393 745 429 796 ad
446 745 621 814 suptilitatem
636 743 700 812 legis
718 743 950 800 etauctoritatem
967 749 1073 798 senten·
1124 761 1183 800 6666
1199 745 1386 800 creditoribus:
1406 761 1513 814 quaero,
1532 763 1566 800 an
1579 745 1690 814 pignora
1703 743 1843 800 fideiussor
1856 745 1931 798 resti-

263 815 317 866 tiae
340 827 394 864 non
418 811 516 880 probo:
540 811 621 864 semel
643 811 711 864 enim
735 827 816 866 causa
838 811 954 866 16666166
971 811 1073 864 6116166
1124 819 1197 868 16666
1215 813 1347 884 cogendus
1364 813 1407 868 sit.
1443 813 1610 868 Modestinus
1632 813 1770 880 respondit
1787 811 1932 880 cogendum

265 879 299 934 ad
317 877 561 934 condemnationem
578 883 606 932 et
622 877 684 932 1616
699 881 813 948 pecunia
829 879 934 940 deberi:
959 879 1005 932 sed
1022 879 1072 932 bu·
1126 887 1136 934 1
1174 895 1239 934 6666.
1283 881 1363 934 Ρ6166
1395 881 1455 936 8616
1487 883 1653 950 emancipato
1685 879 1739 936 filio
1769 879 1849 934 facile
1892 895 1931 934 er-

265 947 368 1000 menius
386 949 426 1000 est
448 961 502 1000 non
524 945 637 1014 amplius
661 961 735 1012 eum,
760 963 840 1016 quam
863 945 936 1014 quod
959 961 988 1000 re
1012 961 1073 1000 vera
1123 949 1215 1014 suasit,
1232 951 1271 1012 ut,
1290 949 1352 1018 6616
1369 955 1488 1002 mutuam
1520 949 1676 1002 nantitatem
1692 949 1823 1016 acciperet
1838 963 1854 1000 a
1868 897 1932 1016 dep-

266 1019 277 1066 1
316 1013 401 1078 16161,
417 1013 505 1066 16616
519 1013 696 1082 hypothecam
709 1013 831 1070 liberare.
858 1015 956 1068 Aliena
970 1015 1072 1068 resuti-
1124 1015 1186 1070 ticio
1205 1015 1348 1080 creditore,
1367 965 1572 1084 chirographum
1589 1015 1766 1084 perscriberet
1784 1031 1833 1068 sua
1850 1031 1932 1068 manu

265 1081 324 1134 liter
341 1081 497 1150 6616616111
514 1081 554 1134 ari
567 1081 618 1134 sub
633 1081 796 1148 condicione,
814 1083 837 1136 61
854 1081 982 1136 debitoris
999 1081 1074 1134 facta
1123 1081 1192 1138 tilius
1212 1083 1296 1148 eius⁵,
1322 1083 1392 1152 quod
1409 1085 1466 1152 1666
1483 1083 1623 1152 impeditus
1642 1087 1712 1138 esset
1729 1083 1860 1148 scribere,
1882 1083 1931 1136 sub

265 1153 279 1228 β
315 1147 402 1202 fuerit.
439 1147 467 1200 Si
490 1097 541 1228 (fue
559 1147 660 1228 6661166
677 1147 708 1204 16
725 1151 875 1270 hypotheca
893 1149 1072 1216 paciscantur,
1124 1151 1371 1204 commemoratione
1395 1151 1488 1204 domus
1506 1151 1540 1204 ad
1558 1149 1641 1204 filiurn
1655 1151 1812 1230 pertinentis
1829 1151 1933 1218 pignori

265 1233 292 1270 m
316 1219 443 1286 quantum
466 1229 576 1284 quisque
599 1217 741 1296 obhgatam
782 1217 941 1288 ypothecam
965 1217 1071 1280 161661,
1124 1219 1241 1272 dandae:
1269 1219 1460 1286 quaerebatur,
1492 1235 1527 1272 an
1552 1219 1628 1272 86166
1653 1223 1722 1270 mter
1747 1223 1836 1272 cetera
1861 1219 1932 1272 bona

265 1287 353 1336 utrum
371 1299 417 1352 pro
437 1283 585 1352 quantitate
602 1283 684 1338 debrti
701 1301 736 1338 an
752 1299 801 1354 pro
814 1281 936 1352 partibus
950 1283 1071 1348 dimidiis,
1124 1285 1203 1340 etiam
1220 1285 1290 1340 hanc
1304 1285 1410 1340 domum
1424 1285 1482 1340 iure
1496 1285 1595 1354 optimo
1610 1285 1746 1354 possidere
1759 1285 1853 1364 possit,
1872 1301 1931 1338 cum

266 1349 408 1418 quaeritur.
433 1355 459 1404 et
476 1349 558 1420 magis
575 1355 624 1416 est,
642 1357 673 1404 ut
707 1369 738 1410 ro
756 1351 906 1420 quantitate
921 1351 1002 1404 debiti
1016 1351 1071 1420 pig·
1123 1351 1206 1420 patrie
1224 1367 1254 1408 66
1271 1353 1417 1408 1666111616
1435 1353 1605 1420 abstinuerit,
1624 1369 1673 1408 uec
1690 1353 1814 1406 meturri⁰
1830 1369 1863 1408 ex
1880 1355 1932 1408 hoc

266 1435 315 1472 uus
332 1417 451 1472 babeant
467 1417 620 1486 obligatum.
646 1369 827 1488 sedataque,
847 1417 870 1472 61
888 1433 949 1472 cum
966 1433 1072 1486 posses·
1124 1421 1194 1484 solo,
1222 1421 1293 1488 quod
1319 1421 1463 1474 mandante
1487 1425 1562 1488 patre
1586 1437 1666 1474 manu
1688 1435 1737 1474 666
1759 1421 1933 1490 666666166117

266 1485 685 1554 666666616666661666166611
710 1493 800 1542 utrum
817 1485 945 1554 1666616
962 1487 1072 1554 quisque
1123 1487 1326 1542 instrumentum
1352 1489 1534 1558 ehirographi,
1567 1503 1627 1544 curn
1658 1503 1743 1558 neque
1775 1503 1932 1544 consensum

266 1569 301 1606 an
319 1553 351 1606 de
368 1557 434 1618 toto,
452 1555 528 1622 quasi
544 1555 650 1634 utrique
665 1555 694 1606 in
707 1555 819 1608 solidum
832 1567 876 1606 res
890 1553 1007 1632 obligata
1020 1555 1072 1606 6111
1124 1571 1202 1608 suurn
1225 1555 1489 1610 66666666616666618
1506 1555 1576 1624 petri
1593 1561 1640 1608 aut
1657 1555 1730 1624 signo
1748 1571 1797 1612 suo
1816 1557 1933 1612 6616116

266 1621 336 1690 6661
354 1621 403 1674 6611
421 1621 569 1688 dicendum,
587 1639 610 1676 sr
628 1621 719 1678 eodem
737 1621 779 1676 die
796 1621 890 1700 pignus
905 1627 1011 1690 utrique
1025 1621 1072 1674 da·
1124 1623 1264 1702 scriptura.
1298 1621 1464 1676 Modestinus
1472 1623 1623 1692 respondit:
1640 1639 1701 1678 cum
1714 1639 1764 1678 sna
1779 1639 1861 1678 manu
1874 1627 1931 1694 pig·

266 1693 323 1742 tum
346 1693 387 1742 est
410 1691 565 1758 separatim:
593 1689 639 1744 661
662 1689 685 1744 61
701 1689 779 1742 simul
795 1689 878 1742 611161
901 1689 952 1754 illi,
977 1689 999 1744 si
1022 1689 1073 1742 hoe
1124 1705 1183 1744 norr
1202 1687 1307 1744 domum
1325 1705 1399 1744 suam
1415 1689 1535 1744 futuram
1552 1689 1627 1744 Seius
1645 1691 1802 1762 scripserat,
1821 1707 1931 1746 consen-

266 1761 355 1810 actum
374 1761 427 1822 661,
450 1763 561 1828 uterque
576 1763 649 1810 66616
665 1755 693 1810 16
710 1755 822 1810 solidum
840 1759 913 1824 6661,
938 1757 960 1810 61
977 1757 1072 1822 minus,
1124 1761 1139 1810 2
1175 1771 1233 1810 sum
1248 1757 1272 1810 ei
1287 1757 1442 1826 obligationi
1457 1757 1560 1812 dedisse
1574 1759 1743 1812 manifestum
1757 1765 1805 1812 est.
1832 1759 1932 1814 Lucius

266 1829 281 1878 9
316 1825 496 1894 unusquisque
518 1841 567 1894 pro
590 1829 675 1894 parte.
710 1825 804 1878 Potest
826 1823 940 1876 itatieri
957 1825 1073 1892 61666616
1124 1823 1211 1878 Titius
1234 1825 1343 1894 praedia
1368 1831 1395 1878 et
1417 1825 1551 1894 mancipia
1591 1841 1641 1880 uae
1664 1825 1692 1878 in
1716 1825 1830 1894 praediis
1858 1831 1933 1880 erant

267 1891 337 1946 datio
356 1893 567 1962 hypothecaeve,
584 1897 629 1956 ut,
653 1891 675 1944 si
692 1891 762 1944 intra
778 1897 881 1946 ‘certum
898 1897 1002 1960 tempus
1020 1907 1074 1946 non
1124 1891 1262 1960 obligavit:
1285 1891 1396 1946 1666166
1421 1893 1476 1946 6166
1501 1843 1616 1962 praediis
1638 1893 1754 1948 1616666
1772 1893 1860 1948 1161616
1878 1895 1929 1948 illis

267 1961 301 2014 611
319 1961 405 2014 661616
422 1959 543 2030 6666616,
560 1957 619 2014 iure
636 1957 760 2026 emptoris
778 1959 913 2026 possideat
929 1975 986 2014 rem
1002 1959 1072 2014 iusto
1123 1959 1261 2030 mancipiis
1280 1959 1410 2014 defunctis
1430 1961 1482 2014 6116
1500 1961 1705 2014 substituerunt:
1732 1963 1847 2016 creditor
1869 1977 1931 2030 pos-

268 2027 351 2098 pretio
378 2033 442 2082 tunc
468 2027 688 2082 aestimandam²:
715 2027 767 2082 hoo
791 2027 860 2080 enim
882 2041 947 2082 casu
971 2027 1074 2080 videtur
1124 2033 1169 2082 tea
1191 2027 1301 2098 praedia
1325 2045 1385 2082 cum
1406 2029 1544 2098 mancipiis
1568 2027 1696 2082 distraxit.
1724 2029 1873 2098 quaeritur,
1898 2045 1932 2082 an

269 2095 459 2218 puodammodo
479 2095 666 2150 condicionalis
685 2111 743 2150 esse
758 2095 879 2150 venditio.
905 2095 984 2150 61116
998 2095 1073 2152 dirus
1124 2097 1182 2166 ipsa
1199 2095 1345 2166 mancipia,
1369 2113 1437 2166 6666
1460 2101 1522 2152 6661
1544 2095 1622 2152 modo
1644 2095 1673 2150 in
1695 2095 1810 2164 praediis
1834 2097 1931 2152 consti-

289 2179 380 2218 666666
398 2171 424 2218 61
440 2165 590 2218 Antoninus
607 2165 768 2232 rescripsero
787 2167 807 2218 t.
851 2227 854 2232 ¹
1124 2169 1197 2230 tuta,
1215 2165 1267 2218 hoc
1285 2165 1556 2236 661161666116616,
1581 2169 1683 2234 emptor
1705 2165 1838 2218 vindicare
1861 2171 1932 2218 recte

306 2229 342 2290 17
367 2233 588 2288 1166666661166
605 2233 697 2302 quinto
712 2233 814 2288 decimo
829 2233 988 2288 udedicturn
1013 2233 1072 2302 Pig-
1124 2233 1216 2302 possit.
1242 2233 1409 2288 Modestinus
1422 2233 1568 2302 respoudit,
1583 2233 1605 2286 61
1619 2247 1704 2302 neque
1736 2233 1857 2302 ignorata
1871 2239 1933 2286 sunt

270 2299 342 2356 66616
359 2301 507 2374 persecutio
524 2299 553 2354 in
569 2317 625 2356 rem
641 2299 713 2370 parit
730 2299 861 2356 actionem
878 2299 1010 2356 creditori.
1124 2303 1183 2370 1666
1199 2301 1332 2370 mancipia
1349 2317 1434 2370 66666
1452 2315 1485 2354 ex
1502 2299 1644 2368 6166666116
1662 2249 1735 2354 ancti

308 2365 344 2426 18
362 2369 480 2424 Pennus
495 2369 561 2424 libro
579 2385 651 2424 6666
669 2369 768 2424 decimo
788 2369 824 2424 ad
840 2369 954 2424 edictum
988 2367 1016 2422 Si
1040 2369 1073 2422 ab
1124 2371 1194 2424 nime
1212 2369 1386 2424 creditoribus
1403 2369 1520 2438 obligata
1538 2383 1602 2424 esse.

272 2455 310 2504 66,
330 2439 374 2506 661
390 2435 546 2492 Publiciana
563 2437 603 2490 uti
620 2437 706 2506 potuit
723 2437 785 2506 quia
803 2437 945 2492 dominium
959 2437 1073 2490 66616-
1158 2433 1197 2494 27
1216 2437 1393 2494 Menoeceos
1413 2437 1481 2492 libro
1505 2437 1597 2506 661616
1616 2437 1778 2508 clipeatorum
1814 2435 1931 2502 Servum,

270 2507 342 2572 1611,
365 2505 468 2574 pignori
490 2505 593 2572 accepi,
620 2505 658 2560 sic
680 2509 771 2558 tuetur
794 2521 835 2560 me
857 2521 905 2572 per
923 2503 1074 2558 Servianum
1125 2521 1202 2574 quem
1212 2505 1269 2574 6616
1279 2505 1382 2574 6166661
1397 2503 1515 2570 dederat,
1531 2521 1563 2568 ex
1577 2505 1708 2560 1661661666
1722 2503 1824 2558 offensa
1839 2503 1931 2570 616611,

271 2571 629 2698 1110111111111111
638 2573 873 2710 ..littttttt
881 2573 1074 2694 Pllfiiliidb
1124 2571 1931 2708 tr.ttdestititftstrdtttttitttllr

272 2707 322 2774 Qui
344 2707 447 2776 pignori
467 2707 556 2776 plures
578 2721 622 2760 res
645 2707 762 2776 accepit,
789 2723 843 2762 non
870 2707 972 2774 cogitur
994 2723 1072 2760 unam
1125 2701 1473 2764 161116666666611166616
1496 2707 1545 2774 sit,
1568 2707 1630 2776 6616
1648 2707 1741 2762 crediti
1757 2707 1841 2776 ipsius
1860 2709 1930 2766 actio

272 2775 381 2830 liberare
398 2773 450 2830 nisi
466 2779 576 2844 6666616
593 2773 714 2830 universo
734 2779 861 2844 quantum
878 2773 996 2830 debetur.
1124 2793 1178 2830 nou
1201 2775 1300 2830 sufficit
1323 2777 1356 2830 ad
1378 2775 1406 2830 id
1429 2775 1500 2846 6661
1524 2775 1597 2830 deest
1613 2775 1842 2846 persequendum?
1869 2777 1932 2844 qnid

305 2839 345 2902 21
363 2841 519 2898 1666611116
532 2845 701 2914 6666666166
717 2845 795 2898 tertio
810 2843 846 2898 ud
860 2843 975 2898 edictum
1009 2841 1074 2896 Cum
1125 2845 1148 2898 si
1163 2861 1222 2900 eum
1235 2843 1412 2900 interfecisset
1424 2849 1471 2898 aut
1486 2845 1649 2900 eluscasset?
1671 2845 1718 2898 ubi
1732 2845 1836 2914 quidem
1851 2845 1929 2900 inter-

272 2911 406 2978 convenit,
424 2911 507 2978 6116,
526 2913 571 2982 661
587 2913 623 2966 ad
638 2911 808 2966 refectionem
825 2911 938 2966 aedificii
956 2911 1074 2976 credidit,
1124 2913 1239 2978 fecisset,
1258 2913 1293 2968 61
1311 2911 1486 2968 exhibendum
1503 2917 1620 2968 tenetur:
1646 2913 1692 2968 ubi
1709 2917 1797 2968 autem
1815 2911 1930 2968 6166666-

272 2981 303 3034 16
327 2981 498 3050 pensionibus
521 2981 577 3034 iure
599 2981 714 3050 pignoris
736 2981 794 3050 1666
812 2979 939 3034 creditum
956 2979 1074 3048 recipiat,
1125 2987 1173 3046 set,
1193 2983 1269 3062 quasi
1287 2981 1376 3034 damni
1391 2981 1504 3034 iniuriae
1519 2981 1638 3034 dabimus
1652 2981 1782 3034 actionem
1798 2981 1831 3034 ad
1847 2997 1930 3050 6666-

272 3049 351 3102 etiarn
364 3049 481 3102 actiones
495 3049 573 3104 utiles
587 3049 712 3104 adversus
727 3049 868 3118 inquilinos
883 3047 997 3116 accipiet
1011 3063 1074 3100 cau·
1124 3055 1182 3102 tum
1204 3053 1329 3116 interest,
1353 3049 1425 3118 6661
1443 3048 1604 3102 debilitando
1623 3055 1670 3102 aut
1687 3049 1823 3104 vinciendo
1841 3065 1931 3118 perse·

271 3115 349 3172 tionis
368 3117 499 3186 exemplo,
518 3133 597 3186 quam
615 3117 717 3172 debitor
736 3117 858 3172 creditori
874 3115 978 3186 pignori
995 3115 1073 3170 dedit.
1126 3117 1258 3172 cntionem
1280 3117 1396 3186 pignoris
1419 3115 1583 3172 exinanierit.
1610 3117 1739 3186 tingamus
1756 3117 1856 3172 6611666
1874 3133 1930 3172 666-

305 3181 342 3240 21
362 3183 442 3238 1666
456 3185 523 3240 labro
540 3187 735 3256 septuoperimo
753 3187 830 3238 tertio
848 3187 885 3238 ad
902 3185 1014 3240 edictum
1047 3183 1075 3240 81
1125 3187 1172 3240 diti
1189 3187 1294 3240 nomine
1311 3187 1442 3240 actionem
1461 3201 1527 3252 6666,
1546 3185 1811 3256 661616616666669
1829 3187 1929 3240 cecide-

270 3259 339 3306 mter
362 3253 483 3306 colonum
507 3259 533 3306 61
555 3259 753 3322 procuratorem
770 3269 857 3306 meum
875 3253 1075 3308 666666661116
1124 3259 1179 3308 rat:
1205 3271 1259 3310 non
1283 3253 1401 3308 existimo
1425 3253 1560 3324 indignam
1582 3271 1637 3308 rem
1661 3253 1931 3310 6616616666166661

270 3323 377 3388 pignore
394 3321 435 3374 661
452 3325 536 3376 ratam
548 3323 663 3376 habente
677 3337 718 3376 me
733 3323 932 3376 couventionem
944 3321 986 3374 661
999 3337 1073 3374 mau-
1124 3321 1221 3376 auxilio
1245 3323 1384 3392 praetoris.
1424 3321 1571 3378 1166666666
1584 3325 1674 3376 notet:
1696 3323 1732 3388 si,
1755 3327 1785 3376 ut
1808 3323 1931 3376 creditori

271 3389 363 3452 dante,
388 3389 463 3456 quasi
485 3389 555 3444 iuter
577 3405 619 3442 me
637 3395 662 3442 et
680 3391 802 3444 colonum
818 3403 905 3444 meum
923 3389 1074 3444 convenisse
1124 3397 1239 3456 noceret,
1253 3391 1344 3456 vinxit,
1360 3391 1502 3454 tenebitur,
1518 3391 1540 3444 si
1554 3393 1705 3456 merentem,
1721 3407 1775 3446 non
1790 3391 1929 3444 tenebitur.

272 3461 283 3508 i
320 3457 473 3510 videamur.
503 3457 530 3512 Si
542 3457 645 3512 1611166
655 3473 767 3524 sermm,
781 3473 858 3526 quem
871 3473 887 3512 a
900 3473 955 3510 non
969 3457 1072 3510 domino
1158 3455 1197 3516 28
1217 3457 1333 3514 Peuces
1345 3459 1412 3514 libro
1422 3459 1500 3512 tertio
1510 3459 1696 3528 quaestionum
1731 3457 1759 3512 81
1772 3459 1852 3526 legati
1868 3475 1930 3512 con·

271 3525 341 3578 bona
365 3523 417 3578 tide
443 3531 541 3580 emerat
566 3531 593 3580 61
617 3525 776 3594 pigneravit,
803 3529 905 3592 teneat,
933 3523 1074 3580 Seruianae
1125 3527 1260 3582 dicionalis
1271 3529 1291 3560 ¹⁰
1307 3527 1394 3582 relicti
1410 3525 1464 3580 116
1487 3525 1601 3580 familias
1614 3533 1694 3596 pater
1712 3527 1749 3580 ab
1761 3527 1859 3580 herede
1876 3541 1932 3580 rem

270 3593 345 3648 16666
369 3597 410 3646 661
433 3597 472 3658 61,
499 3593 522 3646 61
545 3593 669 3648 adversus
697 3609 756 3648 eum
778 3599 840 3664 agat
866 3593 994 3658 creditor,
1020 3591 1074 3646 doli
1124 3595 1258 3664 propriam
1282 3595 1337 3650 eius
1359 3595 1463 3664 pignori
1487 3595 1589 3664 accepit
1612 3601 1638 3650 et
1661 3601 1764 3650 mortuo
1790 3601 1868 3664 patre
1891 3595 1931 3648 661

269 3659 441 3730 replicatione
464 3661 644 3730 exceptionem
668 3661 758 3716 elidet:
782 3667 809 3714 61
831 3661 870 3714 116
886 3661 1004 3714 Iulianus
1027 3661 1072 3726 ait,
1124 3663 1290 3732 emancipato
1307 3663 1360 3718 1116
1380 3663 1500 3718 condicio
1516 3663 1596 3732 166611
1612 3663 1749 3728 exstiterit,
1766 3663 1860 3732 incipit
1877 3663 1929 3716 1116

271 3733 285 3780 1
322 3733 347 3780 61
355 3727 435 3780 16161
443 3727 579 3782 rationem.
616 3729 747 3796 Quidquid
779 3727 1007 3798 ignoricommodi
1020 3727 1074 3782 6166
1123 3733 1237 3798 legatum
1262 3731 1350 3784 deberi
1373 3735 1400 3784 61
1421 3745 1508 3810 neque
1530 3735 1606 3800 66166
1628 3735 1716 3800 661661
1733 3733 1827 3812 pignus
1845 3731 1929 3786 viudi-

269 3795 427 3874 incommodi
440 3795 549 3850 fortuito
565 3797 686 3862 accessit,
702 3797 730 3850 id
744 3747 778 3850 ad
794 3797 936 3851 debitorem
949 3795 1070 3866 pertinet.
1124 3815 1187 3854 care
1211 3813 1296 3870 neque
1317 3799 1401 3864 1166,
1426 3815 1471 3920 (pn
1494 3815 1566 3854 nuuc
1581 3799 1680 3854 habere
1698 3805 1829 3868 coepisset
1847 3799 1929 3852 66116-

271 3867 285 3916 3
321 3861 348 3916 8ι
366 3879 407 3916 666
425 3865 561 3934 pignerata
578 3865 807 3932 nonrestituetur,
824 3865 857 3918 lis
871 3865 996 3918 61666666
1010 3879 1071 3934 pos·
1124 3883 1183 3922 nem
1210 3883 1259 3922 nec
1283 3881 1315 3920 er
1337 3881 1433 3936 praece
1453 3871 1512 3922 ente
1534 3871 1653 3936 tempore
1697 3871 1765 3922 otest
1791 3867 1931 3936 quicquam

270 3947 399 3986 sessorem
416 3933 465 3986 erit
482 3933 658 4000 aestimanda,
683 3933 729 3988 sed
746 3933 837 4002 utique
854 3933 931 3988 aliter
947 3933 1073 4000 adversus
1122 3935 1185 3990 16616
1203 3937 1302 3990 161666
1319 3935 1347 3988 16
1362 3935 1486 4004 6166666,
1511 3937 1583 3990 61661
1602 3937 1631 3990 16
1653 3883 1808 3990 fideiussore
1825 3935 1929 3990 dicitur.

269 4001 356 4068 ipsum
380 3999 536 4066 debitorem,
560 4003 636 4054 aliter
659 4003 784 4056 adversus
819 4001 918 4056 6666616
936 4017 1071 4070 possesso·
1157 4001 1197 4060 29
1223 4003 1302 4058 1666
1326 4003 1393 4058 libro
1419 4003 1512 4074 661616
1537 4021 1725 4074 responsorum
1765 4003 1929 4060 Ρ6616666-

271 4085 340 4122 rem:
356 4083 416 4122 nam
431 4069 556 4122 61666666
572 4069 716 4122 debitorem
731 4085 784 4124 nou
800 4019 881 4138 {durs
892 4085 971 4138 quam
981 4069 1073 4138 quanti
1123 4071 1231 4140 spondit
1253 4071 1401 4142 generalem
1418 4069 1524 4140 quidem
1541 4071 1740 4126 conventionem
1757 4071 1879 4126 sufficere
1897 4071 1931 4124 61

271 4135 355 4202 16161,
374 4137 435 4204 6616
453 4153 506 4190 666
523 4135 605 4206 616616
620 4137 735 4202 interest,
753 4137 879 4192 61666666
894 4143 996 4192 6616666
1010 4153 1071 4208 pos·
1123 4139 1311 4210 obligationem
1328 4139 1479 4210 pignorum:
1505 4139 1553 4194 sed
1575 4155 1620 4204 ea,
1645 4153 1713 4208 quae
1736 4157 1768 4194 ex
1790 4141 1867 4194 bonis
1885 4141 1929 4192 de-

271 4219 386 4258 66666666
404 4205 483 4282 etiam
500 4205 597 4274 pluris,
623 4207 666 4258 et³
683 4207 755 4282 quod
772 4207 883 4276 amplius
901 4207 990 4262 debito
1009 4221 1071 4260 con·
1123 4207 1209 4264 functi
1226 4223 1280 4262 non
1296 4207 1412 4272 inerunt,
1430 4207 1478 4262 sed
1492 4213 1586 4278 postea
1600 4207 1634 4262 ab
1649 4207 1746 4262 herede
1760 4207 1817 4264 eius
1831 4223 1864 4262 ex
1879 4207 1931 4264 6116

271 4279 377 4326 secutus
396 4273 510 4328 creditor
526 4273 619 4338 fuerit,
637 4277 774 4328 restituere
791 4273 870 4328 debet
887 4273 999 4328 debitori
1015 4273 1071 4342 pig·
1124 4291 1206 4330 causa
1224 4275 1355 4344 adquisita
1378 4279 1455 4340 sunt,
1479 4275 1608 4330 vindicari
1630 4291 1685 4330 non
1706 4291 1784 4344 posse
1807 4291 1823 4330 a
1846 4275 1929 4330 credi-

271 4341 399 4396 neraticia
416 4341 528 4396 actione.
561 4407 563 4412 .
1126 4349 1137 4396 1
1174 4349 1233 4396 1666
1256 4343 1399 4396 testatoris.
1436 4341 1464 4396 81
1486 4343 1621 4412 mancipia
1643 4345 1671 4396 in
1688 4357 1797 4398 causam
1814 4345 1929 4414 pignoris

304 4405 344 4464 22
368 4407 555 4462 Monnsrrnrs
575 4409 642 4462 libro
664 4409 775 4480 septimo
800 4407 1011 4478 deffercuttorum
1046 4411 1074 4462 81
1124 4411 1284 4476 ceciderunt,
1303 4425 1335 4466 66
1352 4425 1464 4480 666666,
1483 4427 1552 4480 6666
1570 4427 1603 4466 ex
1616 4411 1657 4464 his
1673 4417 1820 4476 natumst,
1838 4411 1930 4466 eodem

271 4477 349 4544 Titio,
385 4477 412 4530 ui
428 4493 484 4532 rem
502 4491 585 4530 meam
602 4477 739 4546 ignorante
756 4489 798 4528 me
815 4477 938 4530 creditori
953 4493 1001 4534 suo
1016 4477 1072 4546 pig·
1111 4479 1180 4534 ¹iure
1202 4477 1326 4534 habenda
1349 4483 1418 4534 sunt.
1447 4479 1518 4548 quod
1534 4483 1624 4534 tamen
1641 4477 1753 4534 diximus
1778 4479 1857 4534 etiam
1881 4479 1927 4532 ad-

269 4547 329 4600 6661
346 4547 379 4600 61
391 4545 506 4612 'garena
524 4547 607 4600 heres
619 4545 759 4610 exstitero,
777 4561 810 4600 ex
826 4543 960 4612 postfacto
979 4547 1072 4614 pignus
1123 4553 1204 4614 gnata
1227 4545 1325 4612 166661,
1349 4547 1404 4600 6166
1426 4547 1577 4626 specialiter
1599 4547 1632 4600 de
1648 4547 1690 4602 his
1708 4549 1858 4600 6666666611
1876 4549 1930 4600 6166

271 4615 369 4668 directo
388 4613 492 4682 quidem
509 4629 563 4668 non
580 4613 754 4678 convalescit,
778 4611 824 4666 sed
841 4611 912 4666 utilis
931 4613 1071 4682 pignerati-
1124 4631 1191 4678 non,
1215 4615 1253 4668 ita
1270 4615 1405 4684 procedit,
1430 4631 1454 4670 er
1471 4615 1614 4670 dominium
1632 4629 1722 4668 eorum
1740 4613 1774 4666 ad
1793 4631 1852 4668 eum
1870 4631 1929 4684 666-

272 4683 312 4736 616
330 4681 435 4734 dabitur
454 4681 583 4736 creditori.
1123 4681 1256 4750 66611661
1280 4681 1404 4750 obligavit
1427 4681 1467 4738 rel
1490 4681 1614 4736 heredem
1638 4681 1707 4736 eius:
1735 4685 1851 4736 ceterum
1877 4683 1929 4736 61Η

305 4747 343 4806 23
363 4749 440 4802 forn
455 4749 522 4804 11166
539 4749 617 4804 tertio
634 4747 788 4828 repulerunt
822 4745 942 4802 Creditor
965 4747 1073 4816 praedia
1124 4749 1195 4818 apud
1214 4749 1293 4804 chum
1311 4749 1445 4804 dominnm
1463 4751 1620 4820 pepererint,
1637 4765 1692 4804 non
1709 4753 1786 4804 erunt
1804 4751 1927 4818 obligata.

270 4819 320 4872 6111
344 4819 459 4886 obligata
481 4833 514 4870 ex
536 4833 619 4872 causa
641 4817 756 4896 pignoris
772 4815 861 4870 locare
878 4821 951 4878 recte
968 4817 1071 4884 poterit.
1118 4821 1137 4870 '2
1173 4819 1275 4874 Domus
1305 4817 1333 4888 pi
1368 4819 1408 4872 ori
1433 4819 1496 4872 data
1521 4823 1615 4872 exusta
1641 4823 1682 4872 661
1706 4833 1817 4888 eamque
1841 4833 1929 4872 aream

274 4893 283 4940 1
320 4885 440 4954 Ρ1666616
463 4885 587 4954 obligatio
613 4885 1073 4940 61666161666166616616661666
1124 4885 1186 4938 emit
1208 4885 1307 4938 Lucius
1358 4885 1419 4940 'tius
1444 4891 1470 4938 et
1492 4885 1634 4940 exstruxitr
1661 4885 1809 4954 quaesitum
1833 4891 1874 4940 est
1897 4885 1929 4938 de

272 4959 408 5008 contractu
426 4955 565 5022 obligatur.
1122 4953 1179 5008 iure
1202 4953 1327 5022 pignoris.
1363 4955 1463 5008 Paulus
1480 4953 1617 5022 respondit
1633 4953 1750 5022 pignoris
1766 4955 1928 5024 persecutio-

304 5019 345 5080 24
362 5023 441 5076 1666
455 5023 521 5076 libro
539 5023 632 5092 661616
648 5021 804 5092 regularum
837 5021 869 5074 In
885 5035 997 5088 quorum
1013 5019 1071 5072 fini-
1123 5037 1182 5074 nem
1196 5035 1368 5100 perseverare
1386 5027 1412 5074 et
1427 5023 1487 5074 ideo
1505 5023 1546 5076 ius
1565 5023 1615 5076 soli
1633 5021 1797 5088 superficiem
1811 5027 1929 5074 secutam

270 5091 321 5144 bus
339 5107 423 5146 emere
440 5089 498 5158 quis
516 5089 679 5158 prohibetur,
697 5089 790 5158 pignus
809 5087 928 5156 66616666
943 5103 995 5140 666
1010 5103 1071 5156 pro·
1122 5089 1213 5152 videm,
1230 5089 1258 5140 id
1273 5093 1314 5142 661
1329 5105 1389 5142 cnm
1402 5089 1460 5142 iure
1473 5089 1602 5158 pignoris:
1622 5089 1668 5142 sed
1685 5089 1757 5142 bona
1769 5087 1853 5140 11612
1868 5103 1928 5158 666-

272 5157 385 5212 1116166.
500 5219 501 5222 ,
1123 5171 1238 5212 sessores
1256 5173 1311 5210 non
1329 5155 1403 5210 aliter
1427 5157 1558 5224 cogendos
1583 5155 1758 5210 creditoribus
1782 5155 1929 5210 aedificium

305 5221 344 5282 25
362 5227 522 5280 [66611166
539 5229 633 5280 octono
650 5223 806 5296 regularum
840 5223 905 5278 Cum
923 5221 1072 5279 6111666661
1122 5225 1275 5290 restituere,
1294 5239 1374 5294 quam
1398 5229 1518 5292 sumptus
1541 5223 1570 5278 in
1593 5223 1773 5278 exstructione
1798 5229 1927 5292 erogatos‚

271 5293 396 5350 inutiliter
422 5299 574 5350 contractus
599 5293 714 5362 pignoris
740 5293 899 5358 intercedat,
932 5291 1072 5346 retentioni
1123 5299 1137 5348 3
1173 5297 1302 5362 quatenus
1325 5293 1467 5362 pretiosior
1483 5307 1526 5358 res
1543 5291 1616 5346 facta
1632 5297 1687 5356 est,
1710 5291 1866 5362 reciperent.
1901 5291 1929 5344 81

271 5359 346 5414 16666
362 5379 416 5416 666
434 5367 482 5428 661,
500 5377 549 5416 666
567 5361 590 5416 61
607 5363 678 5416 1666
695 5361 832 5416 creditoris
850 5359 995 5416 61166666
1012 5375 1071 5428 per·
1122 5359 1222 5416 sciente
1239 5365 1266 5414 61
1280 5361 1462 5418 consentiente
1476 5359 1580 5414 domino
1595 5375 1695 5426 servus,
1712 5365 1743 5414 ut
1757 5357 1845 5416 omnia
1859 5359 1929 5414 bone

271 5427 379 5482 tineent.
1123 5429 1221 5484 domini
1237 5429 1342 5498 pignori
1358 5427 1475 5498 obligata
1492 5431 1587 5494 666661,
1607 5427 1741 5494 66666611,
1758 5427 1842 5498 ipsum
1863 5443 1926 5498 666·

305 5491 345 5554 21
366 5495 519 5552 1661616166
529 5501 823 5570 quartorespoosorum
857 5497 1010 5552 Fideiussor
1023 5497 1070 5550 im·
1122 5513 1173 5566 pue
1189 5497 1234 5566 qui
1251 5497 1321 5550 cavit
1338 5497 1484 5566 obligatum
1502 5511 1559 5552 esse
1575 5495 1691 5566 pignoris
1707 5495 1771 5552 iure.

1714 2301 1764 2354 'lis
1781 2305 1860 2366 nata,
1884 2301 1931 2352 mi-

272 5671 422 5736 (1166616166.
519 5671 773 5732 11166611666616661Ἰ
859 5673 898 5736 tn'j
918 5669 1070 5722 videturscr.
1123 5673 1155 5734 (8)
1174 5669 1398 5722 accommodaverit
1407 5671 1432 5722 F
1434 5667 1446 5702 ²
1520 5669 1712 5732 (6166666661
1765 5671 1927 5734 (1616666166

272 5739 408 5802 (116611ι
459 5741 490 5804 (t)
509 5741 907 5806 consistit,quoniemobsensius.
961 5739 993 5804 (5)
1006 5737 1071 5788 11166
1124 5739 1238 5792 1661161
1308 5743 1348 5804 (11)
1368 5739 1392 5788 61
1401 5737 1481 5790 ornd'
1545 5737 1802 5802 (66116666116117ι

274 5809 417 5864 8616613666
498 5809 530 5870 tt)
548 5811 720 5862 metueredctr.
802 5811 834 5872 (t)
851 5807 1025 5874 perscripserit
1034 5805 1072 5858 F²
