4366 6258
1055 347 1117 418 idi
1808 351 1884 416 XVI
1907 359 1921 416 1

259 373 469 422 vnnhnmnnn

253 547 339 594 ratam
361 553 417 590 rem
438 543 466 590 te
483 535 637 590 habiturum
654 533 797 602 stipulatus
814 533 890 588 ferere
909 537 936 586 et
951 535 1022 586 torte
1038 537 1066 586 te
1117 535 1212 598 agente
1228 533 1329 598 pupillo
1348 533 1473 588 damnum
1491 551 1521 588 ec
1539 529 1646 586 nomine
1662 543 1758 608 passus
1775 533 1854 592 esset,
1874 535 1926 584 ιιι

253 613 340 662 ratum
357 619 410 658 non
427 603 544 658 habente
560 615 639 670 agere
656 617 690 654 ex
707 601 837 670 stipulatu
851 601 1001 664 instituero,
1019 613 1065 652 ex·
1115 597 1239 666 impediri
1256 613 1316 650 eum
1336 607 1443 652 senatus
1462 601 1594 664 consulto,
1613 611 1665 666 quo
1688 597 1928 674 minussmuliere

254 673 340 742 ceptio
358 675 467 724 senatus
486 669 615 732 consulti,
634 667 706 736 quod
723 667 757 720 de
773 667 1008 724 intercessionibus
1025 667 1065 720 fe·
1116 667 1131 716 2
1166 681 1223 718 rem
1240 667 1365 718 servaret.
1400 667 1431 718 In
1454 667 1591 736 proposita
1614 663 1702 734 specie
1724 667 1752 716 et
1773 661 1926 742 nlludtrac-

254 741 384 794 minarum
401 739 504 790 tactum
522 739 570 800 est,
588 751 643 788 non
659 733 780 802 proderit
791 735 907 788 mulieri:
926 731 1065 788 nonenim
1115 732 1227 786 tandum
1244 737 1299 796 est,
1317 747 1353 784 an
1368 731 1406 796 is,
1430 733 1476 798 qui
1493 733 1620 788 mandato
1639 731 1755 784 mulieris
1772 729 1881 794 ament,
1904 731 1927 784 si

253 889 330 928 neam
366 871 435 924 abito
455 871 600 936 obligatus,
624 873 651 922 et
666 869 726 936 ipsa
743 869 777 922 de
792 871 867 922 lucro
887 873 999 936 agatae
1016 883 1065 936 po·

254 943 305 994 tius
328 937 438 990 reddere
462 943 573 1006 cogatur
595 937 667 1006 quod
690 953 744 990 non
771 935 889 988 debitum
915 941 1064 1002 acceperat,

254 1021 333 1078 quam
368 1021 397 1058 ro
415 1005 467 1058 alic
485 1003 594 1058 solvere.

290 1069 327 1128 16
349 1023 432 1126 inne
455 1071 522 1126 libro
548 1075 645 1140 quarto
670 1069 708 1124 ud
728 1069 849 1124 Urseium
874 1069 1002 1148 ideroeem
1037 1069 1065 1122 Si

254 1139 346 1194 mulier
371 1145 466 1194 ιοιιιι
490 1147 599 1192 senatus
626 1137 778 1192 oonsrdtum
805 1135 989 1190 Velleranum¹
1015 1153 1063 1204 pro

254 1221 296 1262 me
316 1207 510 1260 intercessisset
533 1207 603 1258 Titio
627 1219 727 1274 egoque
752 1205 856 1258 midieri
878 1203 907 1258 id
929 1205 1065 1258 solvissent

255 1279 282 1330 et
298 1275 331 1328 ab
348 1289 379 1326 ea
394 1273 480 1326 Titius
495 1291 552 1328 eam
568 1273 708 1342 pecuniam
720 1279 831 1392 peteret,
850 1273 971 1342 exceptio
986 1273 1065 1326 huius

255 1347 362 1398 senatus
389 1341 503 1394 consulti
528 1357 582 1394 uon
608 1345 649 1396 est
671 1345 813 1408 proutura
835 1341 952 1394 mntem:
980 1355 1065 1410 neque

254 1407 324 1462 onim
342 1423 399 1462 earn
416 1409 575 1476 periclitari,
592 1425 626 1462 ne
644 1423 702 1462 eam
719 1409 859 1476 pecuniam
876 1407 986 1478 perdat,
1005 1423 1065 1462 cum

257 1483 267 1530 ι
304 1475 357 1528 iarn
375 1491 432 1528 eam
449 1477 556 1530 habeat.
592 1475 620 1528 Si
637 1477 671 1528 ab
690 1491 721 1528 es
739 1477 861 1542 muliere,
881 1491 950 1546 quac
968 1481 1063 1530 contra

255 1543 532 1600 senatusconsultum
553 1543 759 1610 intercessisset,
782 1543 1064 1598 fideiussoremaoce·

255 1611 359 1682 piceam,
375 1609 458 1666 Gaius
473 1611 581 1666 Cassius
595 1611 732 1680 respondit
746 1613 785 1666 ita
799 1612 904 1666 demum
915 1611 1065 1666 fideiussori

256 1679 438 1756 exceptionem
461 1679 588 1746 dandam,
612 1681 635 1734 si
658 1681 800 1734 amuliere
817 1687 926 1760 rogetus
943 1679 1063 1736 fuissene.

254 1747 372 1800 luhanus
395 1753 483 1802 autem
506 1753 578 1802 recte
621 1753 681 1802 utet
705 1747 856 1804 fideiussori
882 1751 1064 1816 exceptionem

255 1813 381 1878 dandam,
406 1815 508 1870 etiamsi
530 1831 592 1870 man
626 1817 648 1868 ti
671 1817 805 1870 actionem
828 1817 955 1870 adversus
972 1815 1064 1870 mulie-

254 1897 310 1936 rem
327 1883 487 1946 nonhabet,
506 1883 568 1950 quia
584 1887 668 1936 totam
685 1885 872 1952 obligationem
890 1887 999 1936 senatus
1016 1883 1064 1936 im·

254 1949 351 2018 probat
365 1955 390 2002 et
407 1965 423 2002 a
436 1957 559 2018 praetore
572 1951 721 2004 restituitur
734 1951 808 2022 prior
818 1951 921 2006 debitor
931 1951 1063 2004 creditori.

292 2013 329 2072 17
348 2017 697 2086 Arnrcnnusiihroquorto
712 2021 899 2088 quaestionum
926 2019 973 2074 Vir
987 2019 1065 2074 uxori

255 2084 405 2140 donationis
424 2101 506 2140 cansa
522 2101 579 2140 rem
594 2087 679 2140 viliori
695 2087 780 2156 pretio
800 2087 939 2140 addixerat
956 2093 983 2140 et
996 2087 1024 2140 in
1037 2087 1065 2140 id

254 2153 368 2230 pretium
392 2153 516 2208 creditori
539 2169 586 2206 suo
611 2153 784 2224 delegaverat.
811 2155 949 2234 respondit
974 2155 1065 2210 vendi-

255 2227 353 2274 tionem
370 2221 467 2274 uullius
484 2221 609 2276 momenti
626 2237 684 2276 esse
703 2227 736 2288 et,
755 2223 779 2278 si
796 2223 910 2276 creditor
923 2223 1065 2290 pecuniam

256 2305 272 2342 ι
289 2289 398 2344 muliere
414 2293 531 2358 peteret,
548 2289 731 2358 exceptionem
748 2291 838 2344 utilem
855 2289 927 2354 iore,
946 2291 1065 2358 quamvis

256 2357 1063 2412 creditorexistimaveritmulieremdebitricemmaritiiuisse:

255 2439 304 2480 uec
321 2425 349 2478 id
365 2425 527 2480 contrarium
544 2425 625 2478 videri
643 2425 739 2480 debere
757 2425 793 2490 ei,
818 2425 888 2494 quod
905 2425 1023 2494 placeat,
1043 2427 1065 2480 si

257 2493 361 2560 quando
378 2495 407 2546 in
423 2495 475 2548 hoc
497 2491 591 2548 mulier
613 2497 735 2548 mutuata
759 2497 813 2558 est,
836 2499 867 2546 ut
888 2495 983 2548 ιιιιιιο
1008 2509 1064 2548 ιιι-

256 2561 336 2626 deret,
354 2577 409 2614 non
426 2563 591 2614 obstaturam
609 2561 799 2628 exceptionem,
818 2561 840 2614 si
858 2561 974 2614 creditor
990 2561 1064 2630 igno-

255 2629 353 2682 raverit
368 2629 396 2682 in
413 2645 493 2698 quam
511 2643 618 2682 causam
635 2629 730 2682 mulier
746 2633 921 2692 mutuaretur,
941 2629 1065 2698 quoniam

255 2697 360 2766 quidem
377 2695 519 2764 plurimum
536 2697 653 2758 intersit,
676 2701 767 2750 utrum
790 2713 849 2750 oum
872 2697 983 2750 muliere
1007 2697 1064 2764 quis

255 2765 289 2818 ab
312 2763 386 2818 initio
411 2765 552 2818 contrahat
575 2779 609 2818 au
626 2764 739 2818 alienam
757 2765 945 2832 obligationem
961 2765 990 2818 in
1007 2779 1066 2818 eam

258 2837 268 2886 1
305 2831 463 2886 transierat:
479 2831 1001 2900 tuncenimdiligentioremessedebere.
1037 2831 1065 2884 Si

255 2899 350 2954 mulier
372 2899 483 2954 dixisset
505 2899 555 2954 sibi
577 2915 632 2952 rem
656 2899 725 2954 dotis
748 2899 854 2954 nornine
878 2899 1021 2968 obligatam
1039 2905 1065 2952 et

256 2967 370 3022 creditor
387 2975 509 3022 curasset
526 2967 549 3022 ei
565 2967 706 3036 pecuniam
724 2967 793 3022 dotis
812 2967 892 3034 solvi,
916 2967 979 3036 qui³
995 2967 1065 3022 idem

254 3037 350 3106 pignus
374 3037 522 3106 acciperet,
545 3037 648 3090 meteri
671 3035 750 3088 etiam
767 3035 882 3104 pecunia
900 3035 1002 3088 creditu
1019 3035 1064 3088 de-

255 3107 376 3160 beretur:
403 3105 426 3160 si
452 3119 590 3174 possessor
615 3103 747 3158 creditori
772 3103 897 3158 adversus
921 3119 980 3160 eam
1004 3103 1064 3156 Ser·

255 3173 333 3226 ιιιιι
347 3179 469 3242 agentem
484 3173 617 3238 exciperet
635 3171 666 3226 ‘si
678 3187 732 3226 non
746 3171 885 3226 voluntate
900 3171 956 3226 eius
970 3171 1065 3240 pignus

256 3241 356 3294 ‘datum
374 3241 460 3304 esset',
484 3241 683 3308 replicationem
701 3239 804 3292 mulieri
821 3245 930 3292 senatus
950 3239 1065 3292 consulti

256 3325 309 3364 uon
326 3307 501 3376 profuturam,
520 3307 571 3360 uisi
589 3307 702 3362 creditor
719 3307 813 3360 scisset
831 3307 910 3360 etiam
926 3307 1004 3358 aliam
1019 3321 1065 3376 pe-

256 3381 271 3430 2
308 3377 413 3430 cuniam
431 3377 455 3430 ei
472 3375 570 3430 deberi.
604 3375 702 3430 Mulier
719 3379 744 3426 ct
762 3375 862 3440 Ίιιιιιι,
887 3391 948 3428 curn
964 3373 993 3426 in
1010 3389 1065 3428 rem

256 3459 420 3500 communem
442 3449 640 3508 mutuarentur,
664 3441 780 3496 eiusdem
798 3443 927 3510 pecuniae
944 3443 983 3496 rei
1000 3441 1065 3496 facti

256 3519 330 3568 sunt:
349 3529 404 3566 uon
422 3511 570 3566 omnimodo
588 3511 724 3564 mulierem
739 3527 788 3580 pro
806 3517 883 3580 parte
901 3511 967 3566 socii
983 3511 1066 3564 videri

255 3581 436 3634 intercessisse
459 3579 571 3634 dicebat.
602 3595 665 3632 nam
689 3579 712 3632 si
734 3579 769 3632 ob
792 3593 849 3634 eam
874 3595 984 3634 cansam
1007 3593 1064 3632 mu-

256 3649 324 3702 tuati
340 3649 453 3712 fuerint,
478 3663 510 3702 ex
528 3663 594 3718 qua,
618 3647 641 3700 si
659 3647 773 3700 creditor
788 3647 930 3716 pecuniam
947 3661 1002 3700 non
1020 3647 1064 3700 de·

256 3718 350 3782 disset,
374 3715 460 3770 maius
477 3715 602 3770 damnum
618 3715 711 3768 mulier
728 3731 842 3784 passura
858 3715 960 3778 fueret,
986 3715 1065 3768 veluti

274 3783 327 3840 uod
346 3783 491 3838 communis
509 3783 595 3838 insula
611 3781 680 3836 fulta
697 3799 751 3838 non
769 3789 840 3838 esset
855 3783 897 3838 vel
914 3783 987 3850 quod
1003 3781 1064 3836 iun·

257 3801 306 3908 ius
322 3853 467 3906 communis
482 3853 510 3904 in
524 3853 659 3922 publicum
668 3851 883 3916 committeretur,
899 3851 988 3930 potius
998 3865 1064 3916 esse,

255 3927 286 3976 ut
302 3927 411 3976 senatus
429 3921 551 3976 consulto
569 3921 643 3974 locus
661 3935 714 3972 non
732 3919 774 3972 sit.
801 3925 830 3972 at
854 3919 877 3974 si
898 3937 927 3972 m
950 3919 1065 3988 aliquam

257 3989 414 4056 emptionem
429 3995 522 4042 mutua
536 3987 649 4056 pecunie
664 3989 699 4042 sit
713 3993 912 4056 acceptatunc
925 4003 974 4056 pro
990 3993 1065 4054 perte

255 4057 470 4110 intercessionem
492 4057 593 4110 tactem
608 4055 692 4110 videri
708 4061 735 4110 et
751 4057 810 4110 ideo
830 4055 987 4110 creditorem
1003 4071 1065 4124 par-

255 4129 309 4178 tem
326 4123 465 4178 dumtaxat
479 4125 607 4192 pecuniae
621 4141 639 4178 a
655 4123 764 4178 muliere
777 4129 867 4192 petere
882 4139 975 4192 posse:
994 4123 1065 4192 quod

256 4193 279 4246 si
295 4195 380 4246 totum
396 4193 515 4260 petierit,
540 4193 695 4262 exceptione
717 4209 765 4260 pro
784 4197 859 4260 parte
878 4197 1064 4246 summovetur.

293 4255 330 4316 18
347 4259 468 4314 Plutus
487 4261 554 4314 libro
578 4267 671 4316 octauo
696 4261 733 4314 ud
749 4261 888 4314 Plautium
921 4261 996 4314 idem
1020 4263 1065 4314 et5

256 4327 279 4382 si
301 4345 349 4396 pro
375 4327 494 4382 debitore
516 4345 574 4382 meo
593 4327 678 4382 Titius
704 4333 729 4382 et
746 4329 840 4384 mulier
857 4329 910 4384 duo
928 4329 966 4382 rei
983 4329 1064 4382 inter·

257 4395 391 4450 cesserim.

293 4459 330 4520 19
354 4465 522 4516 Aristolaus
545 4463 611 4518 libro
638 4469 735 4534 quarto
761 4465 946 4534 quaestionum
980 4465 1065 4518 Tutor

256 4531 350 4600 pupilli
367 4531 518 4584 decesserat
533 4531 630 4586 herede
647 4531 768 4588 instituto
787 4533 871 4588 Titio:
891 4549 952 4588 cum
969 4531 1003 4588 de
1017 4531 1064 4588 ad·

254 805 335 862 videri
348 811 437 922 potest
452 803 566 856 alienam
581 801 768 868 obligationem
781 817 914 866 recusare,
934 817 995 856 cum
1009 817 1064 854 me·
1116 799 1242 850 damnum
1265 799 1299 850 ob
1323 797 1351 850 id
1373 799 1505 876 patiatur,
1530 801 1602 868 quod
1625 799 1756 856 debitores
1773 797 1926 850 hereditarii

1115 865 1305 920 solvendonon
1318 865 1425 930 fuerint,
1441 871 1549 920 senatus
1567 869 1689 922 consulto
1703 869 1779 922 locus
1793 865 1835 928 sit,
1850 865 1926 934 quasi

1115 933 1309 1000 quodammodo
1334 947 1425 988 eorum
1448 931 1623 1000 obligationes
1647 937 1743 990 mulier
1768 931 1923 1000 susceperit.

1114 1001 1198 1070 magis
1217 1005 1306 1054 autem
1324 1005 1378 1066 est,
1395 1005 1426 1054 ut
1442 1015 1476 1054 ne
1495 999 1529 1054 ob
1547 1001 1617 1054 hanc
1635 1003 1740 1072 quidem
1757 1017 1867 1058 causam
1884 1015 1925 1054 se-

1115 1073 1194 1122 natus
1211 1069 1362 1124 consultum
1376 1070 1464 1124 locum
1477 1067 1584 1132 babeat,
1603 1071 1709 1138 quando
1722 1087 1776 1126 non
1793 1087 1824 1126 ea
1838 1075 1926 1124 mente

1114 1135 1208 1202 tuerit,
1231 1143 1263 1192 ut
1279 1153 1327 1206 pro
1345 1137 1386 1192 his
1403 1135 1591 1198 intercederet,
1615 1137 1663 1190 sed
1686 1141 1781 1194 tutoris
1799 1139 1925 1194 adversus

1115 1205 1415 1342 iupiimpiiaiiibi⁸
1432 1201 1925 1342 fiibiiiffiiimiiiiininiiib

1115 1341 1143 1394 in
1166 1341 1326 1394 emtionem
1349 1339 1503 1396 hereditatis
1527 1355 1557 1394 eo
1582 1289 1688 1394 nomine
1713 1341 1837 1398 damnum
1860 1343 1924 1412 pati,

1115 1407 1187 1478 quod
1205 1357 1338 1462 debitores
1359 1407 1512 1462 hereditarii
1535 1407 1660 1462 solvendo
1684 1423 1739 1460 non
1762 1411 1828 1478 sint,
1853 1411 1925 1464 nulla

1114 1481 1181 1546 puto
1200 1477 1330 1530 dubitatio
1349 1477 1412 1542 erit,
1430 1477 1494 1546 quin
1511 1481 1620 1530 senatus
1639 1475 1760 1530 consulto
1777 1477 1852 1534 locus
1870 1497 1924 1534 non

1115 1545 1163 1610 ιιι,
1190 1545 1294 1600 etiamsi
1310 1545 1422 1600 maxime
1440 1543 1615 1600 creditoribus
1634 1543 1796 1612 aliquantum
1813 1549 1924 1614 praesti-

1115 1617 1131 1666 4
1166 1613 1236 1666 terit.
1272 1613 1341 1680 Quid
1359 1631 1419 1682 ergo
1437 1615 1475 1678 ιι,
1499 1629 1559 1666 cum
1582 1617 1723 1682 propterea
1747 1611 1779 1666 de
1802 1613 1925 1670 adeunda

1115 1681 1262 1735 hereditate
1280 1681 1413 1736 dubitaret
1430 1681 1530 1746 Titius,
1554 1681 1625 1750 quod
1648 1695 1741 1750 parum
1764 1679 1860 1734 idonea
1877 1699 1924 1736 no-

1115 1748 1187 1802 mina
1205 1749 1353 1804 debitorum
1370 1749 1534 1814 viderentur,
1552 1749 1646 1802 mulier
1662 1747 1713 1802 hoc
1730 1747 1817 1816 ipsum
1833 1765 1924 1816 repro-

1115 1817 1194 1882 misit,
1213 1821 1251 1882 ut,
1270 1823 1369 1886 quanto
1388 1817 1473 1870 minus
1492 1831 1630 1884 equoque
1647 1831 1736 1870 eorum
1749 1815 1849 1868 servari
1863 1831 1924 1882 pos·

1115 1889 1170 1948 set,
1193 1885 1253 1954 ipsa
1295 1885 1443 1938 reestaret?
1467 1899 1551 1952 prope
1576 1889 1629 1948 est,
1653 1887 1683 1936 ut
1706 1883 1740 1936 sit
1760 1883 1924 1938 intercessio.

1115 1957 1130 2006 5
1167 1951 1232 2004 Cum
1250 1901 1362 2006 uiueres
1379 1951 1478 2006 Titium
1496 1951 1642 2004 debitorem
1661 1957 1686 2004 et
1703 1967 1752 2020 pro
1776 1965 1807 2004 eo
1833 1951 1926 2004 mulier

1114 2019 1279 2074 intercedere
1296 2021 1374 2074 vellet
1391 2035 1440 2074 nec
1457 2025 1487 2072 tn
1505 2017 1622 2072 ιιιιιιιιιι
1640 2035 1735 2074 nomen
1751 2023 1862 2086 propter
1884 2033 1924 2072 ιι-

1115 2093 1194 2140 natus
1214 2089 1364 2142 consultum
1381 2087 1542 2156 sequereris,
1565 2087 1632 2156 petit
1653 2103 1670 2140 a
1691 2101 1733 2140 me
1757 2087 1851 2140 mulier
1868 2101 1925 2140 mu-

1115 2161 1191 2208 tuam
1211 2155 1353 2236 pecuniam
1376 2155 1496 2210 solutura
1519 2155 1569 2208 tibi
1586 2161 1614 2208 et
1630 2153 1767 2224 stipulanti
1783 2153 1847 2206 mihi
1863 2169 1925 2222 pro·

1115 2223 1187 2278 misit
1208 2223 1354 2290 tgnoranti,
1376 2223 1405 2276 in
1427 2239 1507 2290 quam
1529 2239 1586 2276 rem
1608 2227 1784 2284 mutuaretur,
1797 2221 1926 2284 atqucita

1115 2305 1255 2344 numerare
1271 2305 1314 2344 me
1331 2291 1380 2344 tibi
1395 2289 1485 2352 iussit:
1505 2291 1599 2344 deinde
1616 2305 1671 2358 ego,
1691 2291 1753 2358 quia
1766 2289 1801 2344 ed
1815 2305 1923 2342 manum

1115 2373 1238 2412 nummos
1251 2375 1305 2412 non
1317 2359 1456 2422 habebam,
1475 2359 1615 2428 stipulanti
1634 2359 1683 2412 tibi
1703 2357 1824 2428 promisi:
1843 2371 1924 2426 quee-

1116 2425 1196 2480 situm
1214 2431 1262 2490 est,
1280 2425 1304 2480 ιι
1321 2441 1379 2478 eam
1396 2425 1537 2494 pecuniam
1554 2441 1570 2478 a
1588 2425 1697 2480 madere
1713 2431 1810 2494 petam,
1829 2441 1864 2478 au
1879 2439 1923 2478 ax·

1117 2495 1203 2562 ceptio
1231 2499 1339 2548 senatus
1366 2495 1479 2548 consulti
1502 2493 1528 2548 ei
1550 2493 1642 2560 prosit.
1675 2491 1812 2560 respondit
1835 2492 1924 2546 viden-

1117 2561 1193 2626 dunt,
1211 2577 1245 2614 ne
1262 2577 1317 2616 non
1334 2561 1390 2614 sine
1406 2561 1510 2614 radone
1528 2561 1632 2616 dicatur
1650 2561 1705 2614 eius
1723 2561 1796 2626 loco,
1815 2559 1860 2630 qui
1876 2575 1923 2628 pre

1115 2629 1225 2682 muliere
1242 2629 1408 2692 fideiusserit,
1426 2629 1520 2682 haberi
1537 2645 1579 2682 me
1596 2629 1705 2694 debere,
1731 2635 1776 2692 ut,
1799 2627 1924 2698 quemad-

1115 2695 1224 2752 modum
1238 2695 1287 2762 illi,
1300 2697 1417 2764 quamvis
1431 2695 1590 2764 ignoraverit
1604 2695 1739 2752 mulierem
1753 2695 1923 2760 intercedere,

1116 2763 1237 2832 exceptio
1256 2765 1382 2818 adversus
1400 2762 1557 2819 creditorem
1576 2765 1666 2830 detur,
1690 2779 1724 2818 ne
1745 2765 1773 2818 in
1790 2763 1925 2818 mulierem

1115 2833 1235 2886 mandati
1252 2833 1322 2886 actio
1342 2837 1481 2900 competat,
1500 2833 1539 2884 ita
1555 2833 1619 2884 mihi
1637 2847 1740 2912 quoque
1757 2833 1884 2886 adversus
1898 2837 1926 2884 te

1115 2899 1188 2954 utilis
1213 2899 1332 2968 exceptio
1357 2899 1434 2954 detur
1456 2899 1572 2968 mihique
1594 2901 1622 2952 in
1640 2901 1774 2954 muherem
1791 2899 1861 2954 actio
1880 2899 1924 2952 de·

1116 2973 1235 3036 negetur,
1253 2967 1359 3036 quando
1376 2969 1443 3022 haec
1460 2967 1549 3022 ιιιιι8
1565 2967 1683 3036 periculo
1701 2967 1816 3022 mulieris
1833 2967 1926 3022 intusa

1116 3035 1158 3088 sit.
1187 3037 1293 3090 ethaeo
1307 3035 1387 3104 paulo
1403 3035 1549 3102 expeditius
1565 3037 1685 3100 masada,
1704 3037 1727 3088 si
1743 3035 1827 3106 prius,
1844 3051 1925 3104 quam

1117 3119 1164 3170 ego
1181 3103 1231 3156 tibi
1247 3103 1388 3172 pecuniam
1405 3103 1540 3166 solverim,
1564 3103 1735 3172 compererim
1760 3119 1817 3156 eam
1842 3103 1923 3156 iuter-

1117 3171 1242 3226 cessisse:
1259 3175 1377 3224 ceterum
1391 3169 1414 3224 si
1423 3171 1623 3234 antesolverim,
1637 3169 1785 3236 videndum,
1801 3177 1925 3224 utrumne

1116 3239 1197 3292 nihilo
1221 3239 1308 3292 minus
1330 3237 1432 3292 mulieri
1457 3237 1562 3306 quidem
1586 3239 1705 3306 exceptio
1731 3239 1858 3292 adversus
1882 3255 1925 3294 me

1117 3307 1175 3360 dari
1199 3307 1295 3360 debeat
1319 3313 1344 3360 et
1368 3321 1414 3374 egc
1438 3307 1487 3358 tibi
1505 3305 1644 3360 condicere
1661 3307 1800 3376 pecuniam
1816 3307 1924 3376 possim,

1116 3389 1151 3428 an
1168 3389 1230 3428 vero
1247 3373 1356 3442 perinde
1373 3373 1525 3428 habendum
1543 3373 1591 3440 sit,
1615 3389 1647 3430 ac
1670 3375 1693 3428 si
1714 3375 1788 3428 initio
1811 3391 1860 3442 ege
1877 3391 1924 3444 pe·

1116 3441 1223 3498 cuniam
1239 3443 1342 3496 mulieri
1360 3441 1529 3496 credidissem
1547 3457 1579 3496 ac
1595 3457 1689 3496 rursus
1703 3447 1733 3496 tu
1746 3443 1811 3496 mihi
1823 3443 1852 3496 in
1868 3459 1923 3498 cre-

1117 3511 1201 3564 ditum
1218 3511 1293 3564 isses.
1320 3511 1514 3580 quodquidam
1531 3511 1614 3580 magis
1632 3511 1772 3564 dicendum
1790 3511 1923 3566 existime-

1115 3579 1167 3644 vit,
1190 3583 1222 3632 ut
1239 3579 1278 3634 ιιι
1295 3583 1402 3632 senatus
1421 3577 1542 3634 consulto
1559 3579 1635 3634 locus
1653 3595 1707 3632 non
1724 3579 1770 3634 sit:
1796 3579 1875 3634 sicuti
1898 3587 1925 3634 et

1116 3661 1178 3700 cum
1196 3647 1341 3702 debitorem
1359 3661 1435 3700 suum
1452 3647 1546 3700 mulier
1561 3647 1670 3716 deleget,
1687 3647 1871 3702 intercessioni
1883 3649 1923 3702 lc-

1117 3729 1164 3768 eus
1182 3731 1237 3768 uon
1255 3715 1297 3768 sit.
1326 3729 1395 3784 quae
1417 3721 1512 3784 postea
1535 3733 1590 3770 uon
1612 3721 1685 3770 recte
1708 3715 1856 3786 comparari
1879 3715 1923 3782 ait,

1116 3783 1223 3850 quando
1242 3783 1406 3854 delegatione
1424 3783 1549 3838 debitoris
1565 3783 1640 3838 iacta
1652 3783 1744 3838 mulier
1758 3801 1812 3838 non
1826 3785 1923 3854 oblige-

1115 3857 1168 3916 tur,
1187 3859 1215 3904 at
1231 3851 1259 3904 in
1270 3853 1407 3920 proposito
1422 3853 1535 3906 ιιιιιιιι
1550 3853 1735 3922 obligationem
1750 3853 1778 3906 in
1793 3867 1822 3908 ιι
1836 3857 1923 3908 hans·

1116 3919 1213 3986 tvderit,
1233 3919 1303 3988 quod
1322 3925 1392 3974 certe
1409 3925 1517 3974 senatus
1535 3919 1593 3974 fieri
1610 3919 1731 3976 noluerit.

1151 3985 1191 4046 20
1208 3987 1287 4042 Ioum
1300 3989 1367 4042 libro
1382 3993 1474 4044 octono
1488 3989 1674 4058 quaestionum
1704 3987 1732 4042 st
1745 4003 1794 4068 pro
1809 4005 1863 4044 uno
1878 4003 1923 4042 reo

1115 4055 1264 4178 intedqcessit
1278 4057 1380 4120 mulier,
1398 4057 1524 4110 adversus
1538 4063 1678 4126 utrumque
1692 4057 1839 4112 restituitur
1852 4057 1922 4112 actio

1118 4139 1162 4178 cre
1183 4125 1251 4180 'tori

1150 4189 1187 4248 21
1211 4191 1422 4248 Cattisraarus
1433 4191 1501 4246 libro
1517 4195 1594 4248 tertre
1608 4195 1803 4248 institutionum
1838 4191 1923 4262 Sipro

1116 4261 1204 4330 aliquo
1223 4261 1317 4316 mulier
1333 4261 1518 4326 intercesserit,
1537 4261 1629 4316 sedin
1646 4277 1701 4314 rem
1718 4261 1774 4316 eius
1792 4261 1864 4330 quod
1878 4277 1923 4316 ae-

1117 4335 1224 4398 ceptum
1242 4335 1282 4384 est
1299 4335 1463 4394 versaretur,
1487 4329 1608 4399 exceptio
1627 4333 1734 4384 senatus
1753 4327 1867 4384 consulti
1883 4329 1923 4384 lo-

1118 4401 1128 4450 1
1168 4413 1228 4450 curn
1246 4413 1300 4452 non
1317 4399 1410 4462 habet,
1435 4397 1497 4466 quia
1514 4413 1569 4452 non
1586 4397 1616 4450 fit
1633 4397 1782 4468 pauperior.
1817 4397 1884 4450 Item
1901 4395 1924 4450 si

1116 4465 1179 4534 quid
1196 4465 1341 4520 liberaliter
1358 4465 1458 4530 fecerit,
1475 4465 1557 4520 veluti
1573 4481 1607 4520 ne
1624 4465 1755 4520 iudicatus
1772 4467 1849 4534 pater
1866 4465 1922 4518 eius

1115 4539 1226 4602 propter
1243 4535 1400 4588 solutionem
1416 4537 1557 4600 vexetur⁹,
1581 4549 1635 4588 non
1661 4533 1710 4588 erit
1731 4537 1791 4584 tuta
1813 4537 1922 4586 senatus

257 4599 344 4654 cunda
361 4599 508 4652 hereditate
525 4597 672 4666 dubitaret,
698 4601 822 4670 quoniam
844 4601 913 4656 male
930 4607 1005 4672 gesta
1021 4605 1064 4654 tu·
1116 4603 1253 4658 consultor
1278 4603 1402 4658 oucmbus
1427 4603 1496 4656 enim
1520 4603 1642 4658 ιιιιιι’0
1658 4605 1766 4656 senatus
1784 4599 1921 4654 succmrit.

257 4669 310 4720 tela
327 4667 529 4732 existimaretur,
548 4667 723 4746 persuadente
741 4675 825 4724 matre
841 4669 950 4738 pupilli,
967 4675 999 4724 ut
1016 4687 1064 4726 suo
1149 4667 1189 4726 22
1208 4669 1327 4726 Parrus
1343 4671 1410 4736 libro
1427 4675 1505 4726 scuto
1523 4671 1679 4742 repeterem
1713 4667 1740 4720 Si
1757 4667 1860 4724 mulieri
1877 4669 1923 4722 de-

257 4735 372 4804 periculo
392 4735 489 4800 adiret,
515 4735 579 4790 adit
596 4737 789 4806 stipulatusque
807 4737 840 4792 de
857 4753 889 4792 ea
907 4743 948 4792 est
964 4739 1064 4792 tndem·
1115 4739 1197 4794 derint
1214 4741 1363 4806 pecuniam,
1382 4747 1413 4792 ut
1430 4753 1488 4794 eam
1505 4737 1630 4794 creditori
1646 4753 1704 4790 meo
1722 4735 1808 4790 solvat
1821 4737 1863 4792 vel
1877 4753 1922 4792 ex-

256 4819 317 4856 nem
340 4819 369 4858 se
393 4819 424 4858 eo
446 4805 553 4858 nomine
570 4807 710 4872 praestari.
737 4805 761 4858 si
779 4819 811 4858 ex
829 4821 860 4858 ee
878 4821 960 4860 causa
979 4807 1065 4862 Titius
1114 4807 1260 4876 promittat,
1279 4809 1302 4864 si
1320 4825 1351 4864 ea
1366 4807 1554 4876 expromiserit,
1572 4807 1660 4858 locum
1673 4819 1728 4858 non
1742 4819 1800 4858 esse
1814 4811 1922 4860 senatus

257 4871 355 4940 pupillo
374 4871 474 4940 aliquid
490 4873 667 4940 praestitisset
683 4873 759 4942 isque
776 4879 886 4926 matrem
904 4875 1063 4938 conveniret,
1115 4875 1236 4930 consulto
1262 4877 1423 4946 Pomponius
1450 4875 1554 4938 scribit,
1604 4873 1649 4924 uia
1673 4871 1792 4926 mandati
1817 4873 1922 4930 actione

257 4939 360 5008 negavit
369 4939 520 5008 exceptioni
529 4945 636 4994 senatus
645 4941 759 4996 consulti
774 4941 861 4996 locum
878 4955 942 5006 esse,
959 4941 1063 5010 quando
1114 4943 1168 4998 obli
1185 4949 1231 4996 eta
1248 4943 1276 4996 in
1293 4961 1349 4998 rem
1366 4959 1440 4998 sunm
1457 4941 1561 4996 videtur
1578 4957 1593 4994 ο
1613 4939 1696 5008 ligari.

257 5005 301 5062 vix
324 5006 374 5086 sit,
396 5011 440 5086 ιιιΙ
450 5009 546 5130 ιιιῇιιιΙ
561 5009 633 5086 apud
656 5009 769 5064 eundern
791 5025 839 5078 pro
852 5023 889 5086 'eo
907 5009 966 5076 ipsc
983 5009 1063 5062 inter-
1149 4957 1189 5068 ᾗ
1208 5011 1289 5064 Ioum
1301 5013 1368 5068 libro
1382 5011 1518 5080 simpuiori
1531 5007 1568 5086 qd
1580 5013 1689 5062 screatus
1698 5007 1846 5064 consultum
1862 5009 1920 5066 Vei·

260 5077 270 5128 1
309 5083 654 5146 cess1ssemteegrp0ss1t.
689 5077 747 5132 Nec
761 5077 912 5132 dissimilem
925 5077 988 5130 huic
1001 5093 1063 5146 pro·
1114 5079 1230 5134 ieiunum
1264 5079 1293 5134 st
1310 5079 1403 5134 mulier
1418 5079 1446 5132 iu
1461 5077 1520 5130 iure
1536 5079 1698 5146 nteuogatc
1713 5077 1879 5146 responderit
1892 5093 1921 5132 ιι

257 5143 382 5212 positioni
399 5159 432 5198 ex
448 5143 521 5200 iacto
540 5145 673 5212 agitatam.
701 5161 762 5200 cum
779 5145 885 5214 quidam
902 5143 941 5200 vir
957 5151 1063 5212 praeto-
1113 5147 1237 5200 heredem
1256 5163 1321 5212 esse,
1340 5147 1362 5200 si
1379 5147 1464 5200 sciens
1482 5161 1511 5198 se
1527 5143 1651 5198 heredem
1668 5161 1722 5200 non
1739 5161 1797 5200 esse
1811 5161 1920 5214 respon-

257 5211 311 5266 rius
339 5213 496 5266 decessisset
521 5213 623 5266 duobus
646 5213 707 5266 tiliis
730 5213 929 5282 superstitibus,
952 5227 1064 5280 quorum
1115 5215 1190 5280 derit,
1208 5215 1313 5268 minime
1329 5213 1509 5268 intercessisse
1526 5211 1615 5278 ιιιιιι,
1634 5215 1696 5282 qnia
1713 5215 1830 5282 decepit:
1849 5213 1920 5284 quod

257 5281 324 5334 alter
349 5281 470 5350 impubes
497 5287 566 5336 esset
592 5287 618 5334 ιι
644 5281 711 5334 alter
735 5281 864 5348 legitimus
890 5285 964 5334 tutor
986 5281 1064 5334 tratri
1114 5281 1137 5334 si
1160 5283 1319 5336 existimavit
1341 5295 1370 5334 se
1396 5279 1519 5332 heredem
1538 5285 1563 5332 ιι
1581 5295 1611 5334 eo
1629 5281 1734 5338 nomine
1752 5281 1815 5336 dece
1833 5287 1862 5334 ta
1879 5297 1919 5336 re

258 5351 345 5404 essctfl
370 5355 396 5402 ιι
422 5365 482 5404 eunt
504 5355 617 5418 paterne
641 5347 788 5403 hereditate
814 5349 948 5404 abstinere
977 5347 1062 5412 vehet,
1113 5349 1263 5418 sponderit,
1296 5349 1324 5402 in
1349 5363 1407 5402 eam
1432 5347 1563 5402 acdcnem
1589 5349 1698 5420 quidem:
1714 5349 1776 5404 dari
1801 5299 1920 5418 piatque

258 5417 385 5472 mandatu
401 5419 492 5473 uxoris
510 5417 642 5482 defuncti,
665 5433 733 5488 quac
756 5423 840 5470 mater
861 5417 962 5488 pupillo
986 5421 1062 5480 esset,
1114 5417 1341 5480 existimaverunt,
1364 5413 1410 5468 sed
1433 5417 1589 5486 exceptione
1610 5423 1719 5474 senatus
1742 5419 1856 5474 consulti
1873 5417 1920 5472 ad·

261 5485 384 5542 abstento
401 5485 501 5556 pupillo
519 5485 605 5540 solum
622 5487 668 5540 ιιι
685 5485 825 5538 hereditati
842 5485 993 5540 miscuisse:
1017 5483 1064 5538 ubi
1112 5485 1205 5538 iuvari.

259 5555 376 5610 similiter
392 5569 423 5612 se
438 5555 607 5626 respondisse
624 5553 742 5608 Iulianus
761 5553 811 5620 ait,
835 5553 858 5608 si
881 5569 915 5608 ex
932 5567 964 5606 ea
981 5567 1063 5608 causa
1146 5549 1187 5608 24
1204 5551 1284 5606 insu
1304 5549 1372 5606 libro
1394 5551 1530 5626 simpulum·
1544 5555 1578 5610 de
1594 5555 1826 5610 intercessionibus
1840 5555 1918 5624 semi·

259 5733 288 5800 (ι)
306 5733 498 5786 velalienumF
578 5733 609 5796 (ι)
628 5729 855 5780 fideiussissetdett.
948 5727 1060 5790 (atquin
1112 5747 1157 5778 scr.
1234 5725 1266 5786 (tl
1285 5719 1710 5792 abstentosapupillumsclumscr.
1788 5729 1821 5788 (sl
1840 5727 1916 5790 actio]

257 5821 304 5858 scr.
381 5807 412 5868 (a)
431 5803 572 5854 creditorF
645 5799 676 5862 (ι)
696 5797 782 5848 estF²
864 5797 897 5860 (n)
916 5797 989 5858 essct]
1000 5799 1024 5848 et
1034 5811 1059 5846 e
1112 5789 1284 5858 obligatioF²
1354 5795 1385 5856 (st
1404 5799 1533 5846 veneretur
1541 5795 1581 5848 ΡΞ
1649 5799 1693 5860 (tot
1712 5811 1795 5846 eorum
1805 5793 1845 5846 F'
