4366 6258
248 371 478 420 ιιιιιιιιιιιι
652 301 653 306 ¹
778 295 780 298 Ι
1043 351 1105 424 625
1417 295 1421 302 v
1556 347 1557 350 '
1743 351 1871 420 XXXX
1895 357 1914 418 t

249 545 324 604 esset,
346 537 492 604 imperator
512 541 604 590 noster
626 535 764 604 rescripsit
786 537 814 588 in
837 535 942 592 heredis
959 551 1053 604 perso·
1076 535 1079 592 l
1107 541 1138 588 tu
1173 551 1206 588 ex
1229 541 1389 592 testamento
1417 539 1521 592 heredis
1553 537 1675 604 accipere
1689 549 1790 602 posse.
1831 535 1915 588 Divus

249 623 306 666 narn
329 601 544 658 transferendum
574 603 720 656 decretum
739 617 823 670 eoque
849 605 909 658 looo
930 603 973 656 ius
996 601 1053 655 eius
1076 593 1079 682 ι
1105 603 1184 654 etiam
1214 603 1324 656 Marcus
1352 607 1491 674 rescripsit
1517 599 1754 658 fideicommissum
1778 601 1915 654 libertates

249 689 309 738 esse,
328 669 407 738 quasi
423 671 496 722 huuc
513 669 601 736 ipsum
618 685 652 722 ex
669 667 761 728 eadem
779 685 861 724 causa
878 671 974 724 abesse
990 685 1052 738 pro·
1076 683 1079 756 p
1104 685 1191 736 neque
1205 673 1294 724 aetate
1308 683 1394 736 neque
1409 673 1565 728 condicione
1579 685 1665 740 neque
1677 681 1753 720 mora
1766 683 1820 720 nou
1838 683 1917 736 prae·

251 751 259 798 ι
294 739 451 794 nuntiasset.
486 735 513 790 Si
535 735 625 790 inians
648 735 684 790 sit
709 735 777 790 inter
803 751 861 802 eos,
890 737 937 806 qui
959 751 1079 794 manu-1
1105 735 1233 790 stantium
1253 735 1389 790 tardiusve
1410 739 1576 792 reddentium
1601 735 1734 804 corrumpi
1754 739 1802 788 aut
1824 735 1853 788 in
1870 733 1916 790 de-

249 811 347 866 mittere
369 805 480 868 debent,
506 809 615 856 senatus
640 805 755 870 censuit,
784 821 846 856 cum
872 805 952 858 unius
979 809 1053 856 aetas
1107 807 1136 856 ιι
1172 803 1297 858 terionem
1319 807 1417 856 statum
1439 805 1557 872 perduci.
1592 805 1757 874 Quamquam
1781 801 1917 856 eximitis

249 871 403 944 impedierit,
423 877 453 924 ιι
469 871 547 924 liberi
563 871 717 938 liberaeque
734 873 787 926 sint
804 871 840 934 hi,
859 871 954 938 quibus
972 871 1052 922 liber·
1105 869 1234 924 codicillis
1252 871 1389 924 libertates
1412 885 1467 922 non
1484 871 1645 938 debeantur,
1664 877 1782 928 attamen
1799 869 1822 926 si
1838 871 1917 926 heres

249 953 262 1004 ι
294 945 362 994 tates
376 955 410 994 ex
419 953 501 992 causa
509 935 708 992 fideicommissi
721 937 854 1006 praestari
863 943 976 1004 oportet.
994 937 1053 990 Hoc
1104 937 1154 990 hos
1173 937 1310 992 codicillos
1327 943 1401 992 ratos
1418 937 1513 992 habuit
1534 947 1561 994 et
1578 955 1611 994 ex
1631 943 1674 996 his
1709 939 1821 994 uaedam
1838 953 1915 1006 prae-

248 1013 312 1070 ldem
333 1007 384 1060 erit
407 1005 548 1060 dicendum
571 1009 598 1058 ct
622 1005 645 1060 si
669 1007 742 1060 solus
766 1007 800 1060 sit
816 1005 894 1058 heres
915 1005 1053 1060 institutus
1104 1003 1173 1058 stitit
1196 1011 1223 1060 et
1245 1021 1335 1060 servos
1352 1003 1529 1072 praestandae
1552 1005 1770 1064 fideicommissae
1787 1005 1917 1060 libertatis

249 1087 261 1136 3
294 1073 412 1144 quitari
437 1089 491 1126 non
518 1077 615 1140 potest.
651 1073 679 1126 Si
701 1089 764 1126 vero
792 1071 910 1140 pupillus
938 1077 1054 1126 tutorem
1104 1073 1192 1140 gratia
1207 1073 1236 1126 in
1251 1073 1375 1128 libertate
1390 1071 1592 1138 morarivoluit,
1610 1075 1645 1128 ad
1658 1075 1918 1132 iustamlibertatem

248 1147 324 1204 babet
345 1141 423 1210 isque
445 1141 512 1194 nolit
535 1141 570 1194 ad
586 1141 737 1196 libertatem
753 1139 942 1210 praestandum
960 1145 1055 1192 auctor
1106 1155 1152 1196 cos
1169 1141 1320 1208 pervenisse
1336 1141 1496 1210 rescriptum
1504 1141 1524 1172 ¹⁰
1540 1141 1707 1210 imperatoris
1724 1143 1809 1200 nestri
1824 1149 1851 1198 ιι
1865 1141 1917 1198 divi

249 1227 314 1276 csse,
341 1209 408 1264 adeo
431 1223 486 1262 nou
509 1207 587 1264 debet
609 1207 795 1276 impedimento
819 1221 878 1260 esse
899 1223 986 1276 neque
1003 1223 1053 1328 pp-
1105 1209 1189 1278 patris
1208 1209 1266 1264 eius
1283 1207 1411 1264 declarat.

263 1281 315 1342 illo,
332 1283 364 1332 ut
380 1277 491 1332 libertos
508 1293 562 1332 non
580 1279 687 1344 habeat,
704 1291 791 1344 neque
807 1273 933 1336 libertati,
954 1281 985 1328 ιι
1022 1273 1055 1328 ἰι
1140 1273 1177 1336 31
1199 1275 1319 1330 Parrus
1334 1279 1403 1332 libro
1421 1277 1500 1330 tertio
1522 1275 1788 1344 fideicommissorum
1821 1279 1917 1334 Alieno

248 1301 339 1406 indes
362 1345 564 1414 ιιιιιιιιιιιιιι
594 1361 627 1398 ιι
650 1359 731 1398 causa
753 1341 951 1398 fideicommissi
973 1343 1053 1398 libcr-
1106 1361 1182 1400 servo
1211 1345 1271 1398 dari
1292 1349 1383 1414 potest
1406 1359 1456 1414 per
1487 1341 1719 1400 fideicommissum
1743 1349 1867 1414 libertas,
1895 1345 1918 1402 si

249 1423 324 1472 tatem
345 1413 478 1482 praestari
500 1411 597 1468 debere
620 1427 709 1476 seruo,
737 1411 847 1480 perinde
872 1417 953 1480 atque
976 1411 999 1466 si
1020 1411 1055 1466 ab
1105 1419 1197 1468 tamen
1223 1413 1281 1484 eius
1311 1413 1359 1478 sit,
1387 1429 1447 1468 cum
1474 1427 1526 1482 quo
1553 1413 1733 1468 testamenti¹¹
1757 1415 1840 1472 factio
1869 1419 1917 1472 est.

250 1495 261 1540 l
293 1483 351 1550 ipso
362 1481 465 1562 pupillo
474 1485 564 1536 tutore
572 1485 684 1534 auctore
697 1481 875 1534 manumissus
884 1483 964 1534 ιιιιι.
990 1479 1054 1548 uui·
1112 1489 1120 1536 ι
1158 1481 1224 1536 Cum
1248 1483 1376 1536 intestato
1400 1481 1542 1536 moriturus
1568 1479 1632 1534 fidei
1655 1479 1704 1534 tui
1722 1485 1917 1550 admississet

250 1565 356 1618 cumque
378 1549 459 1620 igrtur
482 1565 562 1604 casus
583 1549 719 1614 inciderit,
743 1565 796 1616 quo
819 1549 843 1604 is
865 1549 909 1618 qui
931 1549 984 1602 lari
1001 1565 1056 1602 non
1105 1555 1137 1606 ut
1154 1567 1258 1606 sermm
1275 1549 1487 1614 manumitteret,
1510 1555 1538 1604 et
1553 1551 1692 1620 postumus
1712 1549 1737 1604 ei
1754 1561 1835 1606 natus
1852 1551 1916 1606 iuis-

249 1623 331 1692 potest
347 1617 566 1672 fideicommissae
587 1617 705 1672 libertati
722 1617 858 1696 subiectus
876 1623 930 1684 est,
950 1633 1054 1674 accam·
1106 1625 1161 1688 set,
1184 1619 1239 1674 diri
1255 1617 1353 1674 fratres
1370 1617 1564 1740 rescripserunt
1585 1615 1771 1686 libertatemffl,
1796 1621 1858 1688 quia
1879 1621 1918 1674 di-

250 1687 408 1746 modabimus
426 1691 540 1740 mentem
558 1691 667 1740 renatus
686 1687 813 1754 consulti,
836 1701 906 1756 quae
923 1687 1003 1742 etiam
1021 1687 1055 1740 ad
1108 1693 1123 1742 2
1157 1687 1212 1744 ridi
1233 1703 1288 1742 non
1309 1693 1413 1756 potest,
1442 1701 1460 1740 a
1501 1691 1615 1756 utroque
1636 1687 1833 1754 praestandam.
1868 1687 1920 1756 Qui

249 1765 261 1810 ι
293 1753 416 1810 heredem
432 1753 562 1808 infantem
578 1755 665 1822 rogati
685 1753 816 1808 trahenda
833 1761 881 1810 est.
908 1755 1056 1810 Adeundus
1106 1755 1378 1810 fideicommissariam
1398 1755 1549 1810 libertatem
1575 1753 1665 1822 debet,
1696 1753 1777 1808 etiam
1800 1771 1832 1810 ec
1853 1761 1918 1810 tem·

249 1829 285 1880 est
306 1827 396 1876 antem
420 1823 500 1876 ctiam
523 1837 555 1876 ex
572 1823 624 1876 hac
647 1837 730 1876 causa
747 1827 869 1892 praetor,
898 1823 1056 1892 praesertim
1107 1839 1186 1894 pore,
1212 1839 1264 1894 quo
1283 1823 1401 1878 ahenare
1416 1823 1567 1892 prohibitus
1584 1821 1643 1888 erit,
1669 1825 1854 1876 manumittere
1871 1839 1919 1892 po-

250 1907 304 1948 cum
320 1891 450 1960 rescripto
469 1889 522 1944 diri
538 1891 580 1944 Pii
597 1889 719 1946 effectum
734 1897 782 1956 est,
800 1897 839 1956 ut,
857 1891 881 1946 si
898 1891 1006 1960 quidam
1024 1905 1056 1944 ex
1108 1897 1122 1946 3
1157 1891 1228 1946 terit.
1265 1891 1294 1946 Si
1316 1897 1446 1962 patronus
1472 1895 1566 1946 contra
1582 1891 1689 1944 tabulas
1706 1891 1839 1944 bonorum
1856 1907 1918 1958 pos·

249 1957 342 2082 litut
365 1961 688 2082 titutlttdmtt
712 1959 833 2098 tutu
854 1959 1056 2084 tttmlt
1107 1957 1920 2098 aeditumum,ttmuntuuttttuu

249 2065 353 2152 libertu's
372 2095 516 2160 efficiatur,
539 2095 586 2152 sed
603 2101 708 2150 tantum
729 2095 839 2150 infantis
857 2103 885 2150 ιι
901 2095 994 2152 esrum
1011 2095 1056 2164 qui
1109 2101 1124 2150 4
1160 2103 1218 2150 erat
1234 2111 1251 2150 a
1268 2095 1364 2152 liberto
1383 2111 1431 2152 suo
1453 2097 1648 2152 manumittere.
1683 2043 1752 2150 diqrs
1771 2095 1846 2150 cuius
1863 2111 1920 2150 ser-

251 2169 263 2218 6
295 2179 327 2216 ιι
344 2163 415 2218 iusta
433 2179 516 2218 causa
533 2167 630 2218 absunt
647 2165 690 2218 rel
707 2165 786 2218 etiam
803 2165 993 2232 praesentium.
1027 2163 1056 2218 Si
1108 2181 1156 2218 vus
1175 2169 1217 2218 est
1233 2165 1301 2220 nolit
1319 2179 1379 2218 eum
1390 2165 1511 2230 rendere,
1530 2169 1561 2218 ut
1572 2163 1812 2230 manumitteretur,
1830 2163 1920 2218 nuuac

249 2233 333 2302 plures
356 2231 468 2286 heredes
491 2239 553 2288 sunt
574 2231 691 2286 instituti
713 2239 739 2286 et
755 2233 826 2286 inter
850 2247 894 2286 eos
918 2233 981 2302 2ιιι
1005 2231 1056 2286 fari
1106 2233 1238 2302 praetoris
1262 2239 1353 2302 partes
1376 2237 1452 2288 suut:
1480 2233 1550 2288 idem
1575 2239 1617 2290 est
1643 2239 1671 2288 et
1696 2233 1720 2288 si
1740 2233 1825 2302 pluris
1848 2231 1920 2286 iusto

250 2315 298 2354 non
315 2305 418 2366 potest,
442 2299 490 2354 sed
506 2317 561 2356 non
577 2301 635 2368 ipse
658 2305 768 2368 rogatus
785 2301 822 2358 sit
838 2317 944 2356 servum
960 2317 1055 2356 manu·
1106 2301 1224 2356 rendere
1241 2301 1313 2356 ιιιιι.
1348 2301 1496 2356 sinautem
1514 2305 1587 2356 certo
1605 2301 1830 2370 quidempretio,
1849 2299 1919 2368 quod

249 2367 359 2434 mittere,
385 2385 439 2422 uon
457 2375 580 2438 oportere
597 2369 754 2424 intercidere
775 2371 927 2424 libertatem
944 2371 978 2424 ob
996 2371 1056 2434 hcc,
1106 2385 1161 2424 non
1178 2371 1266 2438 prima
1281 2369 1350 2424 facie
1367 2369 1473 2424 videtur
1490 2385 1548 2426 esse
1565 2369 1698 2440 iniquum,
1724 2369 1845 2424 dominus
1862 2383 1918 2422 ser·

250 2435 586 2558 pppdetcopepcpibusdspis
604 2437 717 2558 verpdere
734 2437 910 2560 suurltinfapst
922 2455 976 2518 non
993 2453 1055 2506 pos·
1106 2455 1169 2494 vum
1190 2437 1303 2560 reppdeere
1325 2443 1440 2560 paralippi
1461 2439 1560 2560 cumps
1582 2455 1657 2506 vero,
1673 2439 1727 2560 ppi
1747 2443 1863 2558 rogatust
1879 2441 1920 2516 est

250 2521 291 2626 {h
309 2577 339 2650 a
353 2521 438 2650 ιιι
458 2519 1056 2642 tutuditttttt⁸ttt,tuittu
1107 2521 1308 2630 midde-il
1321 2521 1542 2644 tumnultu,
1565 2521 1919 2650 titntuintttttt

251 2641 390 2720 exphcarr,
410 2645 441 2694 ut
457 2647 546 2710 partes
570 2657 719 2706 servorum,
743 2641 839 2710 quibus
854 2657 903 2710 per
920 2641 1055 2698 fideicom·
1106 2593 1212 2698 dommo
1231 2643 1293 2698 dato
1311 2641 1422 2698 libertas
1439 2643 1473 2696 ab
1490 2647 1608 2712 emptore
1620 2647 1781 2712 praestetur.
1809 2641 1919 2710 quodsi

251 2725 353 2762 mssum
373 2709 483 2764 hbertas
508 2709 570 2762 data
594 2713 649 2774 est,
679 2711 749 2764 iusto
773 2709 858 2776 pretio
882 2709 1056 2764 aestimentur
1106 2715 1135 2766 et
1152 2711 1275 2766 domiuus
1292 2711 1406 2766 rendere
1422 2715 1533 2778 paratus
1551 2711 1587 2766 sit
1604 2719 1630 2764 et
1643 2727 1736 2776 servus
1749 2709 1811 2764 velit
1824 2725 1917 2764 manu-

251 2783 324 2844 atque
347 2775 386 2830 ita
409 2779 518 2830 ιιιιιι3
541 2777 575 2832 ab
599 2777 640 2832 his
664 2777 710 2846 qui
732 2779 818 2846 rogati
836 2783 898 2832 suut
914 2777 1055 2830 manumit-
1105 2779 1183 2844 mitti,
1202 2777 1336 2860 cogendus
1354 2785 1395 2834 est
1411 2779 1488 2834 heres
1505 2779 1635 2852 redimere
1644 2779 1665 2812 ¹³
1682 2785 1710 2832 ιι
1724 2779 1917 2842 manumittere,

250 2849 325 2896 tatur.
361 2845 393 2922 hi¹
412 2849 513 2908 autem,
537 2845 584 2912 qui
601 2861 647 2900 eos
664 2847 886 2910 manumiserunt,
907 2845 990 2926 pretii
1007 2861 1055 2900 no·
1106 2845 1158 2900 nisi
1176 2845 1298 2900 dommus
1315 2845 1379 2900 uelit
1395 2863 1500 2902 serrum
1517 2847 1712 2912 manumittere,
1730 2845 1848 2900 utactio
1866 2845 1918 2900 sibi

250 2911 314 2966 mine
337 2911 447 2980 perinde
468 2911 597 2966 iratribus
621 2919 648 2968 et
674 2913 849 2968 coheredibus
873 2929 929 2968 su1s
947 2911 1056 2980 obhgati
1105 2911 1187 2982 pretii
1202 2913 1231 2968 in
1249 2913 1372 2968 heredem
1389 2915 1479 2968 detur:
1503 2915 1583 2982 idque
1601 2913 1754 2968 iaciendum
1772 2919 1812 2968 ιιι
1829 2913 1916 2980 etiam,

250 2985 337 3044 erunt,
362 2985 443 3048 atque
463 2981 486 3034 si
509 2983 544 3034 ob
566 2995 625 3034 eam
642 2995 698 3034 rem
716 2995 749 3034 er
769 2979 879 3034 iudicati
896 2995 979 3034 causa
996 2995 1056 3034 cum
1106 2981 1131 3036 si
1144 2979 1223 3034 heres
1237 2981 1337 3034 latitet:
1356 2981 1435 3034 etita
1448 2981 1593 3050 imperator
1605 2983 1757 3036 Antoninus
1770 2983 1916 3050 rescripsit.

251 3055 262 3100 l
295 3047 337 3100 his
365 3049 409 3114 agi
453 3049 526 3100 ossit.
562 3049 594 3100 In
621 3047 717 3102 brriosi
743 3063 860 3116 persona
890 3049 964 3102 dirus
991 3047 1056 3102 Pius
1142 3043 1182 3104 32
1204 3047 1382 3102 urrunnun
1403 3049 1470 3102 libro
1493 3051 1586 3118 quinto
1610 3049 1711 3104 decimo
1732 3049 1917 3118 fideicommis-

250 3115 382 3184 rescripsit
416 3065 646 3170 fideicommissum
677 3115 829 3170 libertatem
857 3131 911 3168 non
935 3115 1056 3184 impediri
1106 3131 1199 3170 sorum
1234 3115 1286 3170 Sed
1303 3115 1327 3170 si
1343 3115 1460 3170 alienare
1478 3115 1584 3184 quidem
1598 3115 1634 3170 sit
1647 3121 1767 3184 paratus,
1786 3133 1840 3170 uon
1854 3123 1917 3170 ante

251 3185 314 3240 ιιι4
339 3181 494 3238 condicione
525 3181 617 3250 scripti
647 3183 765 3248 heredis,
801 3197 879 3252 quem
907 3187 1056 3250 compotem
1106 3189 1197 3238 tamen
1213 3181 1242 3236 id
1258 3181 1321 3236 velit
1337 3181 1435 3250 iacere,
1454 3199 1533 3250 quam
1551 3183 1604 3238 sihi
1620 3183 1650 3236 in
1666 3183 1781 3250 pretium
1795 3183 1917 3250 ιιιιιιιιι,

251 3251 340 3306 mentis
362 3267 417 3304 non
440 3265 498 3304 esse
521 3251 686 3304 adfirmatur.
721 3251 802 3318 igitur
823 3251 847 3304 si
864 3249 1056 3304 constiteritei
1107 3267 1162 3306 non
1185 3251 1236 3304 erit
1258 3249 1444 3304 manumittere
1466 3251 1675 3318 compellendus,
1706 3265 1740 3304 ne
1763 3257 1790 3304 ιι
1814 3267 1916 3304 servum

251 3325 318 3374 recte
332 3319 421 3374 datam
438 3333 486 3388 per
498 3319 730 3372 fideicommissum
744 3319 902 3382 libertatem,
921 3317 1056 3370 decretum
1106 3319 1276 3372 manumittat
1292 3323 1320 3372 ιι
1336 3317 1470 3372 interdum
1487 3319 1554 3372 nihil
1568 3319 1716 3372 autminus
1729 3325 1916 3386 consequatur,

250 3389 453 3456 interponetur⁵,
472 3385 583 3454 quodid
595 3387 684 3454 ipsum
701 3385 900 3454 complectatur,
919 3385 954 3438 ad
968 3401 1055 3440 exem*
1107 3385 1130 3442 si
1153 3385 1224 3440 forte
1247 3385 1281 3454 is,
1307 3385 1352 3454 qui
1375 3391 1484 3454 rogatus
1506 3391 1547 3440 ιιι
1568 3387 1767 3452 manumittere,
1791 3387 1916 3442 solvendo

251 3461 264 3510 8
296 3457 370 3526 plum
387 3453 504 3508 infantis.
536 3455 607 3524 Ergo
625 3455 697 3508 etin
714 3459 787 3508 muto
806 3459 834 3508 et
849 3453 878 3508 in
895 3451 975 3508 surdo
994 3455 1056 3510 sub·
1110 3459 1120 3508 ι
1157 3471 1212 3508 non
1230 3455 1273 3508 sit.
1299 3455 1385 3510 Invito
1403 3461 1491 3508 tamen
1508 3469 1584 3508 seruo
1602 3469 1688 3524 neque
1705 3455 1751 3508 ciii
1767 3469 1852 3538 neque
1870 3457 1916 3510 do-

251 3529 264 3578 9
296 3525 424 3580 venietur.
460 3523 512 3576 Sed
534 3529 561 3576 et
585 3523 609 3578 si
638 3523 696 3590 quis
723 3523 780 3576 sine
807 3521 906 3576 herede
934 3523 977 3574 vel
1004 3523 1056 3576 alio
1107 3523 1179 3576 mino
1197 3537 1257 3576 eam
1274 3539 1329 3578 rem
1346 3523 1469 3602 persequi
1487 3523 1684 3576 concedendum
1701 3533 1757 3588 est,
1782 3537 1843 3592 qma
1865 3541 1917 3580 nou

251 3607 402 3646 successore
421 3589 564 3646 decesserit
591 3589 636 3670 qui
658 3589 891 3644 fideicommissam
905 3589 1057 3644 libertatem
1106 3591 1161 3644 tale
1178 3591 1282 3646 sithoc
1299 3587 1538 3668 fideicommissum,
1557 3607 1590 3644 ex
1601 3607 1656 3712 pun
1672 3591 1777 3646 domino
1793 3591 1857 3658 quid
1870 3591 1916 3646 ad-

251 3665 384 3730 praestare
407 3657 532 3724 debebat,
556 3657 629 3712 adrto
652 3663 777 3726 praetore
805 3657 956 3712 libertatern
979 3673 1056 3726 prae·
1108 3659 1243 3726 quiratur:
1262 3659 1380 3726 alioqum
1395 3657 1447 3728 ipsi
1464 3657 1557 3712 datum
1574 3659 1600 3712 vi
1619 3663 1716 3712 eretur.
1741 3659 1812 3726 quod
1829 3665 1918 3726 potest

249 3733 281 3784 ἰι
314 3727 438 3784 standum
460 3741 518 3780 esse
544 3725 649 3780 censuit
674 3729 791 3782 senatus.
827 3725 879 3778 Sed
902 3729 930 3778 et
953 3725 1057 3780 sisuus
1109 3727 1269 3792 contingere,
1281 3727 1304 3778 si
1315 3731 1429 3780 testator
1437 3725 1521 3806 pluris
1537 3741 1596 3778 enm
1609 3741 1721 3794 serrum,
1733 3743 1812 3794 quam
1825 3727 1916 3794 quanti

251 3795 326 3850 heres
342 3809 373 3850 se
389 3793 561 3858 abstinuerit,
578 3793 698 3848 libertati
714 3793 933 3848 fideicommissae
950 3809 998 3862 per
1015 3809 1056 3848 se·
1108 3799 1156 3860 est,
1175 3793 1269 3848 redimi
1287 3809 1319 3846 ac
1336 3793 1485 3848 manumrtti
1499 3793 1595 3848 voluit:
1615 3811 1675 3846 nam
1689 3799 1755 3848 tunc
1770 3799 1797 3848 ιι
1811 3795 1917 3850 domino

251 3871 325 3918 nutus
356 3863 506 3918 consultum
531 3863 689 3916 subventum
712 3863 778 3926 ιιιι,
806 3859 913 3916 tametsi
940 3877 995 3916 non
1016 3865 1058 3916 est
1109 3861 1159 3916 erit
1175 3861 1372 3916 fideicommissi
1394 3861 1557 3932 persecutio,
1582 3863 1656 3916 cuius
1679 3861 1791 3916 interest
1811 3869 1918 3932 practer

252 3933 305 3988 sinc
320 3931 428 3996 herede,
446 3931 491 3998 qui
508 3945 585 3984 suum
603 3931 726 3984 heredem
742 3931 825 3984 habet
842 3929 904 3984 licet
921 3931 1056 3984 abstincn·
1108 3945 1200 3986 rerum
1223 3931 1338 3998 pretium
1358 3929 1398 3994 id,
1427 3931 1497 3998 quod
1527 3931 1588 3998 plus
1616 3929 1640 3984 ei
1666 3929 1754 3986 iussus
1782 3937 1823 3984 est
1844 3931 1916 3996 dare,

254 4005 279 4054 ll
314 4004 368 4054 tem
394 4013 432 4054 se.
467 3999 540 4052 idem
565 3997 722 4052 ιιιιιιιιιιιἵ
749 4003 776 4052 ιι
805 3997 829 4052 ιι
853 3997 940 4052 minor
966 3997 1058 4066 uiginti
1109 3999 1236 4066 consequi
1246 3999 1273 4064 ιι,
1304 3999 1359 4052 ιι15
1388 3999 1467 4062 servi,
1490 4003 1520 4050 ut
1544 3997 1577 4050 ad
1600 3997 1750 4054 libertatem
1772 3999 1917 4066 perveniat.

268 4065 448 4134 uinqueaunis
467 4065 561 4120 adierit
578 4065 752 4121 hereditatem
769 4065 835 4130 eius,
854 4065 1059 4134 quilibertatem
1109 4071 1124 4120 2
1160 4065 1239 4134 Quod
1262 4065 1365 4120 eveniet
1389 4071 1416 4120 et
1439 4065 1462 4120 sl
1485 4081 1541 4120 rem
1566 4067 1679 4120 ahenam
1706 4073 1780 4120 certa
1804 4067 1919 4134 pecunia

252 4083 477 4190 ideicommissam
494 4133 615 4198 debebat,
633 4133 705 4188 etin
722 4135 853 4202 integrum
871 4135 906 4188 sit
917 4135 1057 4188 restitutus
1109 4135 1238 4188 redimere
1264 4139 1344 4200 atque
1370 4133 1414 4186 alii
1439 4139 1577 4204 praestare
1601 4135 1679 4188 heres
1709 4135 1749 4190 rel
1775 4135 1917 4204 legatarius

254 4207 282 4258 ιι
315 4201 465 4258 abstinendi
482 4217 572 4258 causa.
603 4201 790 4270 Quaerendum
807 4205 849 4256 ιιι
866 4207 963 4266 ιιιιιι,
982 4201 1056 4256 ouius
1107 4201 1325 4270 intellegerentur
1333 4203 1365 4252 ¹⁶:
1385 4217 1497 4270 namque
1513 4207 1578 4256 tunc
1595 4209 1623 4258 ιι
1641 4201 1746 4258 domino
1760 4203 1800 4256 ιιι
1814 4209 1842 4258 ιι
1856 4203 1880 4258 ei
1889 4205 1917 4270 ¹⁷,

253 4273 359 4326 libertus
375 4271 427 4324 iste
439 4269 483 4324 fit:
500 4285 534 4324 ex
552 4269 740 4325 constitutione
752 4271 822 4324 enim
839 4285 915 4324 servo
929 4269 1058 4324 ιιιιιιιιι8
1109 4269 1153 4324 oui
1181 4269 1273 4324 eadem
1295 4275 1433 4338 praestare
1455 4269 1579 4334 deberet,
1604 4273 1818 4350 persecutionem
1844 4285 1916 4326 esses

253 4339 359 4406 perinde
376 4337 514 4404 competit,
539 4343 618 4416 atque
635 4337 660 4392 si
677 4353 709 4392 ex
731 4343 891 4392 testamento
908 4339 1058 4392 libertatem
1109 4337 1248 4406 utriusque
1266 4339 1335 4392 enim
1352 4339 1480 4394 interesse
1497 4343 1524 4392 et
1541 4339 1653 4402 dommi,
1676 4343 1707 4390 ut
1728 4345 1836 4408 praeter
1855 4353 1917 4406 pre·

255 4409 411 4462 consecutus
437 4411 515 4462 esset.
551 4411 601 4462 ιιιι
621 4405 702 4474 igitur
725 4405 837 4462 libertus
859 4405 980 4474 orciuus,
1004 4421 1058 4460 non
1109 4405 1175 4460 tium
1193 4405 1321 4474 accipiat,
1343 4421 1395 4474 quo
1413 4405 1497 4474 pluris
1514 4421 1575 4462 eum
1592 4413 1705 4462 testator
1722 4405 1815 4462 redimi
1832 4405 1917 4470 iussit,

257 4479 283 4528 13
317 4475 374 4528 eius
392 4475 438 4542 qui
454 4471 684 4530 fideicommissum
705 4475 855 4530 libertatem
872 4475 994 4530 debebat.
1030 4473 1059 4528 Si
1109 4473 1211 4530 eteius
1229 4475 1446 4540 cuirelictaest,
1464 4475 1504 4528 uti
1522 4477 1702 4530 eamhabeat.
1912 4489 1913 4492 ¹

254 4543 318 4598 alter
335 4543 392 4598 siue
411 4559 565 4598 successore
582 4543 734 4608 decesserit,
752 4543 820 4598 alter
837 4559 871 4598 ex
887 4543 959 4598 iusta
976 4557 1058 4598 causa
1143 4539 1182 4600 33
1202 4543 1320 4600 Parrus
1335 4543 1403 4600 libro
1421 4545 1497 4600 tertio
1513 4543 1778 4612 fideicommissorum
1804 4543 1832 4596 Si
1845 4541 1915 4596 filius

254 4609 327 4678 absit,
347 4611 586 4680 extatrescriptum
605 4611 723 4666 divorum
731 4611 818 4666 Marci
835 4613 933 4666 etVeri
949 4611 1059 4680 perinde
1109 4611 1230 4666 defuncti
1250 4617 1359 4680 rogatus
1382 4611 1463 4666 fuerit
1484 4627 1589 4666 servum
1611 4613 1653 4666 sui
1673 4613 1758 4682 patris
1775 4609 1914 4662 manumit-
1946 4641 1947 4644 =

255 4677 395 4732 dicentium
416 4693 476 4754 eum
498 4677 534 4732 ad
550 4679 701 4732 libertatem
717 4685 916 4750 perventurum,
935 4695 966 4734 ac
984 4681 1007 4734 si
1023 4679 1058 4732 ab
1109 4685 1179 4746 tere,
1209 4681 1350 4736 dicendum
1370 4685 1412 4736 est
1433 4697 1512 4762 posse
1538 4697 1598 4736 eum
1619 4681 1697 4736 etiam
1718 4683 1813 4756 contra
1836 4677 1914 4732 tabu·

255 4761 283 4800 co
301 4747 345 4816 qui
362 4747 420 4802 sine
437 4761 591 4802 successore
608 4747 720 4804 decessit
737 4753 764 4802 ct
776 4749 810 4804 ab
826 4765 856 4802 eo
875 4747 921 4816 qui
937 4765 971 4804 ex
988 4747 1059 4802 iusta
1109 4749 1149 4804 les
1167 4747 1266 4802 habere
1283 4753 1310 4804 et
1326 4765 1422 4818 operas
1438 4765 1587 4818 imponere:
1610 4751 1661 4804 hoc
1683 4763 1751 4800 ennn
1773 4745 1913 4814 potuisset,

257 4829 333 4870 causa
359 4815 466 4870 abesset
486 4813 522 4870 ad
542 4813 693 4870 libertatem
719 4820 750 4870 ut
772 4817 891 4886 oportuit
912 4817 1059 4884 perductus
1109 4817 1213 4872 etiamsi
1230 4815 1357 4870 directam
1374 4817 1521 4872 libertatem
1539 4817 1695 4886 accepisset,
1716 4813 1793 4882 quasi
1808 4813 1914 4882 patroni

257 4887 285 4934 14
319 4889 397 4938 esset.
432 4883 576 4952 Eleganter
593 4883 685 4950 quaeri
701 4889 801 4952 potest,
830 4901 890 4938 cum
906 4885 983 4940 heres
1002 4883 1059 4938 sinc
1112 4889 1122 4936 l
1160 4885 1239 4940 filius.
1279 4885 1341 4940 Ειιι
1365 4885 1503 4942 Rubriano
1536 4891 1645 4942 senatus
1677 4881 1798 4936 consulto
1829 4883 1913 4948 locus,

256 4963 408 5008 successore
429 4951 544 5016 decedit,
569 4955 660 5004 utrum
682 4953 832 5020 exspectari
854 4953 948 5016 debet,
974 4951 1059 5006 donec
1110 4951 1213 5008 etiamsi
1235 4953 1284 5008 sub
1308 4953 1464 5010 condicione
1486 4955 1596 5008 libertas
1624 4951 1686 5004 data
1715 4951 1761 5018 sit,
1785 4951 1808 5006 si
1835 4953 1911 5008 modo

257 5023 354 5072 certum
380 5019 416 5074 ιιι
440 5017 564 5074 heredem
584 5017 626 5074 rel
648 5019 779 5074 bonorum
801 5035 983 5088 possessorem
1005 5035 1059 5074 non
1109 5037 1158 5090 per
1179 5023 1266 5090 ipsum
1289 5037 1393 5078 serrum
1416 5039 1470 5076 non
1489 5023 1549 5086 fiet,
1579 5033 1629 5086 quo
1655 5019 1741 5074 miuus
1766 5019 1914 5074 condicioni

256 5089 419 5152 extaturum,
445 5101 480 5140 ιι
502 5101 564 5142 vcro
588 5085 748 5140 etiamdum
772 5085 903 5140 incertum
921 5093 963 5140 est
980 5087 1059 5150 (forte
1109 5095 1217 5158 parcat:
1245 5105 1295 5146 uec
1316 5091 1398 5146 refert
1419 5089 1554 5144 iudendo
1579 5103 1613 5140 an
1636 5087 1662 5138 in
1685 5087 1806 5140 faciendo
1829 5103 1863 5142 an
1886 5089 1913 5140 in

257 5149 415 5210 deliberante
431 5153 528 5208 herede
545 5155 655 5224 scripto)
677 5155 763 5224 possit
779 5155 815 5208 ad
831 5155 982 5208 libertatem
998 5171 1058 5224 per·
1109 5157 1199 5226 aliquo
1217 5173 1281 5214 casu
1300 5159 1420 5212 condicio
1439 5157 1576 5212 ιιιιιιιιι,
1610 5155 1694 5210 immo·
1714 5155 1793 5210 etiam
1816 5155 1914 5210 amittit

257 5221 353 5276 uenire:
389 5227 417 5278 et
440 5221 534 5278 melius
560 5229 603 5278 est
629 5221 779 5292 exspectari
804 5227 939 5290 oportere,
971 5223 1059 5290 quoad
1109 5227 1234 5282 libertum
1250 5227 1340 5292 heres,
1362 5227 1387 5282 si
1407 5223 1554 5280 condicioni
1577 5223 1790 5292 impedimentum
1811 5225 1911 5290 iecerit,

257 5293 354 5344 certum
380 5305 438 5346 esse
466 5293 583 5360 coeperit
608 5305 789 5346 successorem
815 5305 870 5344 non
897 5295 1058 5346 extatrmum.
1109 5293 1161 5350 etsi
1178 5295 1247 5350 lilius
1265 5293 1384 5350 defuncti
1401 5293 1443 5356 sit,
1464 5291 1613 5360 quamvis¹⁸
1630 5293 1681 5348 alio
1700 5293 1756 5348 iure
1773 5293 1912 5350 habiturus

260 5357 286 5406 15
320 5357 468 5428 imperator
488 5365 580 5414 noster
602 5359 753 5416 Antoninus
773 5357 912 5428 rescripsit
932 5375 993 5414 eum
1017 5361 1060 5416 cui
1109 5365 1146 5418 sit
1166 5363 1297 5418 libertum.
1332 5359 1485 5416 nonnullam
1505 5359 1576 5414 enim
1597 5367 1623 5416 et
1644 5361 1688 5416 hic
1709 5377 1821 5432 poenam
1842 5361 1911 5430 pati·

257 5419 458 5482 fideicommissa
472 5425 582 5482 libertas
599 5427 723 5494 debetur,
747 5427 804 5482 siue
820 5425 944 5482 libertate
961 5429 1060 5498 uliquid
1109 5437 1166 5486 tur:
1190 5447 1251 5486 nam
1274 5431 1331 5482 ιιιι
1352 5427 1424 5484 siin
1446 5429 1599 5484 servitutem
1621 5431 1726 5500 petierit
1748 5437 1794 5486 aut
1817 5431 1911 5500 capitis

257 5593 285 5650 (ll
302 5597 519 5664 recuperamur
612 5601 645 5662 (u)
663 5599 684 5648 is
699 5601 743 5652 ins.
760 5599 798 5650 F²
896 5597 1022 5662 (biterris
1035 5601 1060 5650 F
1106 5605 1191 5650 mento
1205 5603 1232 5650 F
1317 5599 1363 5662 (tu)
1379 5595 1572 5656 libertatemcm,
1587 5607 1611 5656 F
1701 5609 1743 5668 (13)
1762 5605 1916 5656 dirimcrcF

257 5661 288 5726 (4)
305 5665 351 5716 sub
365 5665 413 5716 del.
497 5667 528 5726 (tl
547 5665 857 5730 interponetpraetorccr.
947 5667 981 5728 (ι)
999 5669 1061 5716 etF
1108 5671 1152 5732 (ιι)
1170 5665 1330 5728 consequitur
1343 5665 1384 5716 Ιιη
1515 5677 1559 5738 (ιι)
1577 5689 1659 5736 ιιιιο,
1677 5689 1733 5722 cum
1751 5673 1849 5724 intersit
1867 5675 1911 5722 inc.

258 5731 288 5790 ιι)
307 5735 342 5782 ιιι
356 5735 401 5782 ins.
416 5733 456 5782 1²²
545 5735 579 5796 (8)
596 5749 666 5784 servo
677 5733 786 5798 libertas]
802 5735 872 5784 favor
884 5731 1005 5782 libertatis
1019 5735 1058 5784 [θ’
1109 5737 1153 5798 ιιι)
1170 5735 1317 5784 iuberentur
1326 5753 1373 5786 scr.
1459 5743 1503 5804 (rt)
1521 5741 1581 5790 etei
1594 5743 1685 5792 oraru
1772 5747 1815 5800 ιιι)
1833 5739 1903 5792 isias

259 5801 290 5866 ιι)
307 5797 492 5852 fideicommissa
506 5803 531 5854 F
620 5807 664 5868 ltu)
683 5803 801 5868 rescripto
814 5803 840 5852 F
926 5807 967 5868 lul
987 5805 1057 5852 testu·
1109 5809 1154 5866 (tul
1172 5801 1256 5854 etdcl.

1676 5893 1708 5944 ιθ
