4366 6258
266 275 458 344 xvllssa
517 319 518 322 =

265 467 392 524 bitatores
409 465 530 520 habitare
547 451 785 536 non'pctuissent,
809 467 937 520 rationem
961 465 1023 520 duci
1046 471 1072 520 et
1095 475 1098 490 ¹

265 537 335 592 tanti
351 537 424 590 litem
446 533 594 588 aestimari:
618 535 659 590 sin
678 539 766 588 autem
783 551 837 590 non
854 535 948 590 fuisset
963 549 1072 590 necesse

267 603 393 666 demoliri,
411 601 458 656 sed
475 603 536 670 quia
551 601 643 658 melius
659 601 800 658 aedificare
813 603 898 672 vellet,
915 603 943 658 id
956 601 1071 670 fecisset,

267 671 359 742 quanti
377 669 546 724 conductoris
563 671 702 726 interesset
711 673 728 736 ¹,
746 671 909 728 habitatores
926 687 960 726 ne
976 671 1071 740 migra-

269 747 280 794 1
317 743 384 804 rent,
397 737 466 792 tanti
482 739 651 794 condemnari
666 745 797 808 oportere.
830 739 930 796 Aedilis
944 739 972 794 iu
986 739 1071 792 muni-

268 807 335 876 cipio
353 805 463 862 balneas
482 807 654 874 conduxerat,
672 811 702 862 ut
719 823 750 864 eo
767 825 837 864 anno
853 809 998 878 municipes
1012 823 1071 876 gra-

267 877 301 928 tis
319 877 483 930 lavarentur:
508 881 570 946 post
591 881 645 930 tres
666 891 769 930 menses
791 877 912 934 incendio
935 877 1008 932 facto
1031 893 1072 930 re-

269 943 376 1012 spondit
392 959 471 1012 posse
494 943 537 1012 agi
560 959 619 998 cum
641 943 796 1000 balneatore
819 961 852 1000 ex
875 945 1020 1010 conducto,
1044 951 1074 998 ut

267 1027 315 1080 pro
334 1013 455 1080 portione
471 1013 611 1082 temporis,
635 1029 687 1082 quo
704 1015 863 1070 lavationem
885 1029 939 1068 non
961 1013 1073 1082 praesti-

269 1085 284 1132 2
318 1081 408 1146 tisset,
426 1081 557 1150 pecuniae
575 1081 735 1136 contributio
752 1081 836 1136 fieret.
871 1081 921 1150 aui
937 1081 1022 1136 mulas
1040 1081 1074 1134 ad

269 1153 369 1202 certum
395 1147 500 1216 pondus
522 1147 609 1204 oneris
632 1149 765 1216 locaret2,
791 1165 849 1204 cum
872 1149 971 1202 maiore
993 1165 1074 1204 onere

269 1215 417 1270 conductor
440 1231 486 1270 eas
503 1215 633 1284 rupisset,
658 1219 815 1272 consulebat
838 1213 870 1270 de
893 1215 1003 1270 audone.
1031 1231 1073 1270 re-

269 1283 375 1352 spoudit
387 1285 427 1338 vel
440 1285 498 1364 lege
506 1285 613 1352 Aquilia
627 1285 669 1340 vel
683 1301 716 1340 ex
729 1287 816 1340 locato
831 1289 903 1338 recte
918 1301 976 1338 eum
986 1297 1072 1352 agere,

268 1351 315 1404 sed
333 1351 390 1420 lege
407 1351 513 1420 Aqrulia
530 1357 633 1406 tanturn
652 1369 712 1408 cum
730 1369 760 1408 eo
776 1351 817 1422 agi
831 1367 918 1420 posse,
936 1351 1000 1420 ιιι3
1016 1357 1074 1404 tum

269 1421 353 1474 mulas
371 1419 504 1490 agitasset,
522 1435 555 1476 ex
572 1419 659 1476 locato
678 1421 757 1476 etiam
774 1421 798 1474 si
814 1421 880 1474 alius
893 1435 938 1474 eas
950 1419 1073 1490 rupisset,

269 1493 282 1542 3
319 1505 379 1542 cum
397 1489 558 1544 conductore
573 1495 646 1544 recte
663 1489 714 1558 agi.
749 1489 801 1554 Qui
818 1487 909 1556 aedem
925 1489 1073 1542 faciendam

268 1555 408 1624 locaverat,
425 1557 453 1612 in
463 1557 520 1626 lege
531 1559 646 1612 ιιιιιιιι
666 1555 762 1624 ‘quoad
773 1555 802 1608 in
816 1571 882 1636 opus
896 1555 990 1624 lapidis
1007 1573 1074 1624 opus

268 1623 340 1690 erit,
381 1641 411 1680 ro
435 1625 522 1694 lapide
545 1631 572 1680 et
593 1623 759 1692 manupretio
778 1623 898 1678 dommus
914 1623 1074 1694 redemptori

269 1691 303 1744 ‘in
329 1643 409 1762 pedes
434 1693 552 1762 singulos
578 1693 695 1762 septeml
722 1691 817 1746 dabit':
851 1693 998 1760 quaesitum
1025 1697 1073 1758 est,

268 1765 355 1814 uuum
368 1759 469 1816 iactum
484 1777 551 1830 opus
565 1777 600 1814 au
614 1759 692 1814 etiam
706 1759 882 1828 inperfectum
894 1759 981 1814 metiri
995 1777 1073 1828 opor·

267 1833 282 1882 4
317 1833 392 1884 ιιιιι.
419 1829 557 1900 respondit
573 1829 652 1882 etiam
669 1825 861 1896 imperfectum.
896 1825 1012 1884 Colchus
1027 1829 1073 1882 vil-

267 1897 320 1952 lam
329 1897 445 1966 haclege
461 1903 609 1966 acceperat,
624 1901 654 1950 ut
667 1895 848 1966 inconuptam
863 1895 984 1952 redderet
996 1913 1073 1966 prae-

250 2023 251 2026 ,
268 1971 309 2018 ter
326 1965 378 2020 rim
395 1969 423 2020 et
437 1971 610 2020 uetustatem:
635 1963 723 2020 coloni
745 1979 836 2020 seruus
853 1963 941 2020 villam
957 1965 1075 2020 incendit

268 2051 321 2088 non
344 2033 454 2088 fortuito
479 2049 552 2088 casu.
584 2047 638 2088 non
660 2031 743 2086 videri
764 2047 822 2086 eam
845 2033 897 2086 vim
920 2035 1074 2104 ιιιιιιιιι5

269 2101 403 2172 respondit
419 2119 469 2158 nec
485 2101 513 2156 id
530 2107 639 2170 pactum
657 2115 722 2168 esse,
740 2107 779 2168 ut,
798 2101 820 2156 si
838 2101 932 2223 alianis
950 2103 1074 2158 domesti-

268 2187 315 2226 cus
335 2187 392 2226 eam
407 2171 581 2236 incendisset,
605 2185 639 2224 ne
656 2175 819 2240 praestaret,
845 2185 873 2226 se
899 2173 910 2206 θ
933 2173 1074 2228 extrariam

267 2241 317 2296 vim
335 2241 480 2310 ιιιιιιιι7
498 2239 621 2308 excipere
636 2239 758 2294 voluisse.

301 2305 338 2366 31
358 2309 438 2362 Ιιιι
457 2309 524 2372 libro
549 2309 642 2376 quitto
666 2309 828 2408 digestorum
852 2325 870 2362 n
886 2307 974 2364 Porcio
992 2309 1074 2380 epito-

269 2381 399 2430 matorum
434 2377 465 2428 In
478 2389 573 2428 navem
587 2373 687 2430 Saufeii
719 2393 779 2430 cum
795 2391 854 2432 com
872 2377 944 2432 lares
956 2377 1074 2430 frumen-

266 2451 323 2498 tum
341 2443 524 2510 coniuderaut,
542 2443 665 2500 Saufeius
679 2443 725 2498 uni
740 2461 772 2498 ex
785 2443 827 2500 his
853 2449 1002 2500 rumentum
1015 2443 1074 2500 red·

267 2513 371 2568 diderat
388 2513 420 2566 de
438 2511 570 2566 communi
587 2517 615 2566 et
629 2513 702 2566 navis
717 2513 843 2582 perierat:
863 2513 1011 2584 quaesitum
1027 2515 1074 2578 est,

266 2597 301 2636 au
320 2581 401 2636 ceteri
417 2595 465 2650 pro
490 2595 539 2636 sua
562 2585 639 2650 parte
660 2581 786 2636 frumenti
809 2597 869 2636 curn
890 2587 974 2636 nauta
996 2595 1074 2650 agere

267 2653 379 2718 possunt
396 2647 483 2704 ιιιιιι
502 2649 587 2704 aversi
604 2649 715 2704 ardone.
743 2649 879 2718 respondit
896 2665 985 2704 rerum
1001 2649 1074 2704 loca·

267 2725 354 2772 tarum
371 2717 423 2772 duo
440 2733 538 2786 genera
555 2733 627 2784 esse,
651 2723 682 2772 ut
704 2723 753 2772 aut
768 2719 838 2772 idem
856 2717 1011 2774 redderetur
1030 2719 1074 2782 (si-

268 2785 322 2841 cuti
345 2801 405 2840 cum
428 2785 584 2840 vestimenta
600 2785 695 2842 fulloni
713 2785 831 2840 curanda
848 2787 1008 2852 locarentur)
1028 2791 1075 2840 aut

267 2853 385 2908 eiusdem
419 2855 503 2910 emeris
520 2853 673 2910 redderetur
692 2855 781 2920 (veluti
799 2871 859 2908 cum
873 2859 1011 2926 argentum
1025 2869 1074 2924 pu-

267 2923 382 2980 sulatum
398 2871 475 2978 labro
494 2923 616 2990 daretur,
640 2929 671 2978 ιι
687 2939 752 2978 vasa
767 2923 876 2990 fierent,
900 2929 947 2978 aut
971 2939 1074 2992 aurum,

266 2999 296 3046 ut
313 2991 408 3058 anulii:
428 3007 460 3046 ex
477 2991 614 3062 superiore
632 3007 713 3048 causa
727 3009 782 3048 rem
797 2993 894 3048 domini
908 3007 1024 3058 manere,
1043 3009 1076 3048 ex

266 3061 411 3130 posteriore
433 3061 462 3114 in
484 3061 612 3114 creditum
636 3061 677 3114 iri.
704 3061 774 3116 idem
790 3061 855 3116 iuris
873 3077 931 3116 csse
947 3061 975 3114 in
992 3061 1074 3128 depo-

266 3129 330 3184 sito:
350 3145 411 3184 nam
428 3129 452 3184 si
468 3127 526 3198 quis
543 3129 685 3200 pecuniam
701 3135 867 3184 numeratam
882 3129 921 3184 ita
938 3129 1074 3198 deposuis-

266 3203 315 3264 set,
333 3203 363 3252 ut
380 3211 465 3268 neque
482 3197 582 3252 clusam
600 3213 687 3268 neque
704 3199 761 3254 obsi
798 3203 869 3252 atam
884 3197 1010 3270 traderet,
1029 3199 1076 3254 sed

266 3266 460 3332 adnumeraret,
478 3265 546 3322 nibil
563 3265 634 3322 aliud
651 3283 712 3322 eum
730 3267 762 3322 de
783 3283 826 3322 ere
843 3267 915 3336 apud
933 3283 1010 3336 quern
1030 3265 1075 3322 de·

266 3335 353 3404 posita
371 3339 441 3388 esset
463 3335 516 3388 nisi
538 3335 694 3388 tantundem
711 3337 842 3404 pecuniae
862 3337 978 3406 solveret
987 3337 1005 3388 ⁹.
1034 3351 1074 3390 sa-

267 3403 382 3456 cundum
406 3417 474 3472 quae
491 3403 573 3464 videri
590 3403 707 3458 triticum
723 3403 825 3458 tactum
843 3403 943 3458 Saufeii
960 3407 987 3458 et
1004 3409 1076 3460 recte

267 3471 365 3526 datum.
399 3471 471 3540 quod
488 3471 510 3526 si
527 3471 672 3542 separatim
689 3471 786 3526 tabulis
805 3477 851 3526 ιιι
866 3471 1010 3526 heresibus
1029 3477 1076 3526 aut

265 3541 293 3592 in
317 3539 369 3592 alia
387 3553 457 3608 cupa
474 3539 577 3594 clusum
600 3539 810 3610 uniuscuiusque
831 3539 948 3596 triticum
971 3539 1074 3608 fuisset,

266 3609 303 3660 ita
320 3613 350 3662 ut
366 3607 510 3662 internosci
526 3613 618 3676 posset
635 3607 699 3676 quid
716 3607 844 3676 cuiusque
862 3613 939 3672 esset,
957 3625 1012 3662 non
1026 3625 1074 3676 po·

266 3675 348 3730 tuisse
371 3677 452 3728 ιιι10
473 3675 696 3742 permutationem
718 3673 822 3740 facere,
847 3675 894 3730 sed
916 3681 973 3728 tum
995 3691 1080 3744 posse

267 3759 327 3796 eum
350 3743 424 3796 ouius
443 3741 537 3798 fuisset
554 3743 672 3798 triticum
689 3743 760 3814 quod
777 3749 861 3796 nauta
878 3743 999 3798 solvisset
1017 3743 1073 3798 vin-

266 3811 363 3866 dicare.
391 3815 417 3864 et
433 3811 492 3866 ideo
511 3827 539 3866 ιι
556 3811 705 3882 improbare
722 3811 840 3868 ιιιιιιιι
864 3811 950 3868 cneus
975 3811 1073 3868 aversi:

267 3881 330 3948 quia
347 3879 401 3934 sive
427 3879 483 3934 eius
506 3883 608 3950 generis
632 3885 720 3934 essent
745 3895 860 3946 merces,
884 3895 953 3950 quae
975 3887 1075 3936 nautae

265 3949 448 4012 traderentur,
471 3955 502 4000 ut
525 3949 651 4004 contnuo
671 3949 728 4004 eius
745 3949 839 4004 fierent
857 3955 882 4004 et
899 3951 1075 4004 mercatoria

266 4015 395 4070 creditum
402 4015 460 4080 iret,
474 4033 528 4070 non
537 4017 669 4072 videretur
678 4031 747 4072 onus
760 4033 818 4072 esse
833 4033 961 4084 aversum,
978 4019 1075 4088 quippe

266 4085 338 4154 quod
354 4087 453 4138 nautae
470 4083 578 4140 fuisset:
604 4085 658 4140 sive
676 4084 768 4139 eadem
785 4099 842 4150 res,
861 4101 930 4154 quae
945 4085 1074 4140 tradita²¹

266 4159 343 4218 esset,
361 4151 438 4206 reddi
455 4153 599 4220 deberatffl,
617 4153 683 4208 furti
701 4167 758 4206 esse
776 4153 907 4208 actionem
921 4153 1034 4208 locatori
1050 4159 1076 4208 ιι

265 4221 324 4276 ideo
349 4237 543 4290 supervacuum
566 4237 625 4276 esse
646 4221 774 4276 iudicium
797 4221 884 4274 oneris
908 4221 1001 4276 aversi.
1028 4221 1075 4276 sed

266 4291 288 4344 si
305 4291 344 4342 ita
361 4289 453 4342 datum
470 4295 553 4356 esset,
578 4295 609 4344 ut
624 4291 652 4342 in
670 4289 749 4342 simili
764 4303 795 4342 re
812 4289 877 4344 solvi
893 4291 992 4358 possit,
1012 4305 1074 4342 con-

266 4357 404 4412 ductorem
422 4357 527 4426 culpam
545 4357 684 4414 dumtaxat
701 4357 798 4410 debere
817 4361 888 4414 (nam
905 4357 933 4408 in
949 4373 987 4422 re,
1006 4373 1074 4426 quae

266 4427 405 4496 utriusque
421 4441 503 4480 causa
518 4427 728 4490 contraheretur,
748 4423 854 4492 culpam
872 4423 971 4490 deberi)
989 4441 1076 4494 neque

266 4493 414 4550 omnimodo
433 4495 537 4564 culpam
555 4511 625 4560 esse,
644 4493 715 4564 quod
732 4491 778 4546 uui
795 4491 951 4546 reddidisset
970 4509 1002 4546 ex
1019 4493 1074 4546 iru-

265 4567 367 4626 mento,
394 4563 518 4630 quoniam
535 4563 615 4618 alicui
631 4563 745 4632 primum
761 4559 872 4638 reddere
890 4575 950 4616 eum
966 4577 1076 4616 necesse

265 4631 373 4696 luisset,
401 4629 508 4684 tametsi
530 4631 664 4686 meliorem
688 4629 744 4684 eius
769 4627 951 4682 condicionem
974 4627 1077 4684 iaceret

266 4713 345 4768 quam
362 4703 519 4752 ceterorum.

299 4763 339 4822 32
356 4765 501 4820 Iuctatus
521 4765 588 4818 libro
612 4767 711 4834 puncto
734 4781 771 4818 cm
793 4763 905 4818 dlirucio
942 4763 993 4830 Qui
1014 4765 1074 4818 fnu-

266 4833 327 4888 dum
345 4833 485 4888 colendum
501 4833 530 4886 in
546 4831 635 4900 plures
653 4847 738 4888 annos
755 4833 899 4896 locaverat,
919 4831 1033 4886 decessit
1050 4837 1077 4886 et

265 4917 325 4956 eum
341 4901 453 4954 fundum
470 4901 574 4970 legarit.
611 4899 718 4954 cassius
736 4899 841 4970 negavit
856 4915 937 4968 posse
955 4901 1013 4968 cogi
1031 4915 1074 4954 co-

264 4971 369 5034 lonum,
392 4975 423 5024 ut
448 4985 507 5022 eom
523 4967 636 5022 fundum
659 4969 772 5032 coleret,
797 4967 860 5036 quia
884 4967 948 5020 nihil
971 4967 1075 5022 heredis

264 5037 412 5092 interesset.
440 5035 511 5104 quod
533 5037 556 5090 si
579 5035 688 5090 colonus
711 5037 791 5092 vellet
813 5035 903 5090 colere
928 5039 954 5088 et
977 5035 1011 5088 ab
1036 5051 1074 5102 eo,

266 5107 309 5158 cui
330 5107 433 5174 legatus
452 5109 521 5158 esset
537 5103 651 5170 fundus,
669 5105 872 5172 prohiberetur,
896 5119 957 5158 cum
978 5103 1076 5158 herede

266 5173 396 5226 actionem
419 5173 543 5228 colonum
566 5171 677 5226 habere:
701 5177 729 5226 et
750 5173 803 5226 boc
833 5173 1017 5226 detrimentum
1043 5173 1077 5226 ad

265 5239 417 5294 heredem¹³
432 5239 577 5362 geminare:
596 5237 675 5294 sicuti
692 5239 715 5296 si
734 5239 792 5308 quis
809 5257 875 5306 rem,
893 5257 972 5310 quam
986 5239 1076 5296 vendi·

266 5305 348 5360 disset
365 5323 414 5362 uec
450 5325 495 5362 um
512 5307 678 5374 tradidisset,
701 5309 747 5362 alii
770 5309 900 5380 legasset,
924 5309 1001 5362 heres
1019 5309 1075 5364 eius

266 5389 307 5428 em
329 5373 382 5426 tori
399 5379 425 5428 et
441 5377 567 5444 legatario
586 5381 655 5430 esset
672 5377 818 5446 obligatus.

321 5437 339 5498 3
358 5441 527 5498 Αιιιιιιιι
541 5443 609 5500 libro
627 5449 721 5500 octavo
740 5447 927 5514 quaestionum
962 5443 990 5498 st
1013 5443 1074 5500 ιιι-

267 5615 297 5676 (1l
312 5611 468 5662 interesset*
517 5613 726 5680 (rljlocaratcdd.
779 5617 814 5682 (ι)
832 5617 929 5684 quinF
976 5619 1076 5684 (tisap-

266 5683 326 5742 tem]
336 5679 463 5730 sestertios
472 5683 588 5744 septenos
596 5701 643 5734 scr.

267 5749 299 5812 (t)
319 5747 396 5800 sexF
465 5745 498 5812 (t)
515 5749 603 5812 utique
613 5767 659 5802 scr.
729 5755 764 5818 (ιι
787 5755 900 5806 auleiiF
974 5757 1007 5820 (a)
1027 5755 1074 5806 sol-

1061 271 1121 346 att

781 5683 818 5748 (ι)
837 5685 1081 5752 rimrixeeptamF
1128 5687 1204 5736 ιιιιῖι
1268 5687 1311 5752 (ιι)
1332 5685 1455 5738 debereF
1528 5685 1572 5752 (tt)
1590 5685 1715 5740 heredeF

1802 291 1923 340 LOGATI

1122 465 1172 520 dus
1196 481 1272 534 quem
1293 463 1358 516 mihi
1380 463 1508 520 locaveris
1531 463 1682 534 publicatus
1710 463 1758 528 sit,
1785 459 1872 516 teneri
1898 467 1924 518 te

1124 533 1230 588 achone
1247 547 1280 586 ex
1298 531 1446 598 conducto,
1469 539 1501 586 ut
1523 533 1587 586 mihi
1612 531 1666 586 frui
1688 531 1782 598 liceat,
1806 533 1925 600 quamvis

1122 619 1171 670 per
1189 605 1216 656 te
1235 619 1292 658 non
1316 605 1382 666 stet,
1407 617 1459 670 quo
1483 603 1569 658 minus
1592 601 1619 654 id
1642 607 1775 670 praestes:
1800 601 1924 670 quemad·

1123 669 1244 736 modum,
1262 671 1359 740 inquit,
1384 671 1407 724 si
1424 669 1539 726 insulam
1557 669 1747 724 aedificandam
1764 669 1882 724 locasses
1900 673 1926 724 et

1123 739 1209 794 solum
1226 739 1383 802 corruisset,
1401 739 1483 794 nihilo
1502 741 1587 794 nunus
1605 739 1744 794 teneberis.
1772 753 1833 792 nam
1856 743 1882 790 et
1904 739 1927 794 si

1123 807 1270 862 venfflderis
1287 807 1351 862 mihi
1367 805 1480 862 fundum
1496 807 1572 878 isque
1589 809 1743 878 priusquam
1759 823 1857 862 vacuus
1871 811 1926 860 tra-

1124 875 1231 930 deretur
1247 877 1398 946 publicatus
1415 875 1509 940 luerit,
1534 877 1648 930 tenearis
1675 893 1707 930 ex
1727 881 1827 944 empto:
1856 877 1927 944 quod

1124 945 1254 998 hacteuus
1272 961 1362 1000 verum
1380 945 1443 1010 erit,
1467 949 1499 998 ut
1520 943 1635 1012 pretium
1652 943 1793 1010 restituas,
1818 959 1874 998 non
1897 949 1928 998 ut

1125 1013 1206 1066 etiam
1227 1011 1256 1066 id
1277 1019 1410 1082 praestes,
1436 1013 1458 1066 si
1482 1013 1545 1082 quid
1563 1013 1648 1082 pluris
1666 1029 1726 1066 mea
1742 1013 1848 1066 intersit
1866 1027 1926 1066 eum

1122 1097 1237 1134 ¹vacuum
1254 1081 1318 1134 mihi
1335 1081 1412 1134 tradi.
1446 1081 1566 1136 similiter
1582 1081 1662 1150 igitur
1679 1087 1705 1136 et
1723 1079 1794 1134 circa
1811 1081 1927 1134 conduc-

1124 1149 1224 1202 tionem
1241 1149 1398 1204 serrandum
1414 1153 1490 1216 puto,
1508 1153 1539 1202 ut
1556 1149 1703 1202 mercedem
1721 1165 1799 1218 quam
1816 1147 1927 1216 praesti-

1124 1217 1202 1272 terim
1218 1219 1357 1282 restituas,
1382 1219 1439 1270 eius
1463 1217 1566 1270 sedicet
1587 1217 1730 1284 temporis,
1753 1233 1806 1286 quo
1829 1215 1927 1271 fruitus

1125 1301 1179 1338 nou
1196 1285 1298 1350 fuerim,
1317 1301 1365 1338 nec
1383 1285 1454 1338 ultra
1472 1285 1577 1338 actione
1595 1301 1627 1338 ex
1643 1285 1776 1340 conducto
1791 1289 1929 1354 praestare

1126 1353 1237 1420 cogeris.
1265 1369 1327 1406 nam
1346 1359 1372 1408 et
1389 1353 1412 1408 si
1430 1351 1542 1408 colonus
1558 1357 1620 1408 tuus
1638 1351 1720 1408 tundo
1739 1351 1792 1406 frui
1809 1369 1825 1406 ι
1842 1357 1869 1404 ιι
1881 1357 1929 1406 ιιι

1125 1423 1159 1476 ab
1178 1435 1209 1474 eo
1221 1421 1241 1452 ¹⁴
1258 1421 1427 1490 prohibetur,
1452 1435 1531 1490 quem
1548 1427 1578 1474 tu
1594 1421 1736 1490 prohibere
1752 1437 1786 1474 ne
1802 1421 1830 1476 id
1847 1419 1929 1474 faciat

1124 1489 1228 1610 Fossis,
1246 1493 1352 1542 tantum
1370 1489 1395 1542 ei
1410 1489 1575 1610 praestabis,
1594 1489 1688 1558 quanti
1706 1489 1761 1544 eius
1778 1489 1929 1544 interfuerit

1136 1573 1185 1620 rur,
1202 1573 1230 1610 m
1248 1573 1299 1624 quo
1318 1557 1397 1610 etiarn
1424 1573 1518 1612 uorum
1532 1557 1589 1610 eius
1603 1557 1794 1612 continebitur:
1814 1557 1854 1612 sin
1867 1573 1929 1612 vero

1125 1625 1159 1678 ab
1178 1639 1209 1678 eo
1226 1623 1446 1692 interpellabitur,
1464 1639 1542 1694 quem
1555 1631 1586 1678 ιι
1599 1625 1740 1692 prohibere
1754 1641 1803 1694 pro
1823 1631 1864 1680 ter
1877 1625 1929 1680 vim

1125 1693 1250 1746 maiorem
1268 1697 1316 1746 aut
1332 1693 1479 1762 potentiam
1497 1693 1554 1746 eius
1572 1707 1626 1746 non
1643 1693 1759 1762 poteris,
1784 1711 1812 1746 ιι
1831 1693 1851 1748 il
1874 1709 1929 1748 arn-

1124 1759 1195 1828 plius
1210 1759 1233 1812 ei
1247 1775 1326 1828 quam
1338 1761 1488 1816 mercedem
1498 1761 1630 1816 remittere
1639 1765 1686 1814 ιιι
1694 1759 1806 1816 reddere
1814 1761 1930 1828 debebis,

1160 1825 1200 1886 34
1229 1825 1320 1882 carus
1344 1829 1411 1882 libro
1437 1827 1539 1882 decimo
1565 1827 1602 1882 ud
1627 1829 1741 1882 edictum
1761 1831 1932 1900 provinciola

1124 1895 1233 1966 perinde
1251 1911 1284 1950 ac
1301 1897 1434 1950 latronum
1450 1897 1560 1952 incursu
1576 1897 1605 1952 id
1621 1897 1755 1952 acciderit.

1160 1961 1199 2022 35
1217 1967 1386 2020 Αιιιιιιιι
1400 1965 1468 2020 libro
1487 1971 1578 2020 octauo
1594 1967 1779 2034 quaestionum
1813 1965 1850 2018 Et
1863 1965 1931 2020 haec

1125 2033 1261 2086 distinctio
1280 2031 1403 2086 convenit
1425 2033 1476 2098 illi,
1502 2047 1569 2102 quae
1593 2047 1610 2086 a
1628 2031 1716 2088 Servio
1735 2033 1887 2086 introducta
1905 2039 1932 2086 et

1126 2101 1160 2156 ab
1178 2101 1300 2156 omnibus
1317 2101 1374 2156 lere
1391 2101 1506 2170 probata
1523 2105 1578 2168 est,
1596 2105 1639 2166 ut,
1664 2101 1687 2156 si
1703 2101 1840 2156 aversione
1857 2099 1930 2156 iusu-

1124 2169 1179 2224 lam
1203 2171 1320 2224 locatam
1343 2169 1464 2224 dominus
1487 2167 1647 2236 reficiendo,
1671 2185 1706 2224 ιι
1730 2185 1761 2224 ιι
1785 2169 1932 2224 conductor

1124 2239 1179 2292 frui
1193 2239 1286 2308 possit,
1302 2239 1425 2306 effecerit,
1442 2239 1674 2304 animadvertatur,
1688 2237 1838 2294 necessario
1847 2255 1932 2294 necue

1124 2307 1153 2362 id
1177 2323 1245 2376 opus
1270 2305 1408 2362 demolitus
1434 2311 1488 2362 est:
1517 2305 1580 2376 quid
1603 2307 1672 2362 enim
1695 2305 1819 2372 interest,
1844 2311 1932 2360 utrum

1125 2377 1229 2430 locator
1245 2377 1349 2430 insulae
1365 2381 1477 2444 propter
1494 2379 1654 2430 vetustatem
1673 2379 1784 2442 cogatur
1808 2389 1866 2428 eam
1889 2391 1931 2430 re-

1125 2443 1207 2500 ficere
1224 2459 1259 2498 au
1276 2445 1380 2500 locator
1397 2443 1474 2500 fundi
1492 2449 1603 2514 cogatur
1626 2443 1696 2498 ferre
1718 2443 1843 2498 iniuriam
1867 2443 1931 2508 eius,

1127 2529 1206 2582 quem
1215 2513 1356 2582 prohibere
1370 2529 1424 2566 non
1438 2513 1544 2582 possit?
1567 2511 1773 2580 intellegendum
1788 2515 1829 2566 est
1844 2517 1932 2566 autem

1126 2597 1176 2636 uos
1193 2581 1246 2634 hae
1264 2581 1433 2636 distinctione
1451 2581 1492 2634 uti
1509 2581 1542 2636 de
1560 2597 1606 2648 eo,
1634 2581 1679 2650 qui
1702 2585 1728 2634 et
1754 2595 1831 2634 suum
1854 2595 1932 2650 prae-

1126 2649 1200 2704 dium
1216 2647 1357 2704 fruendum
1374 2649 1501 2704 locaverit
1518 2653 1545 2704 et
1562 2651 1634 2704 bona
1651 2649 1703 2704 fide
1720 2649 1854 2716 negotium
1869 2665 1931 2704 con-

1125 2717 1251 2784 traxerit,
1270 2731 1325 2770 non
1341 2717 1374 2772 de
1392 2733 1431 2782 ee,
1449 2717 1495 2796 qui
1511 2719 1626 2770 alienum
1643 2717 1780 2788 praedium
1795 2733 1842 2786 per
1857 2717 1931 2770 frau-

1126 2785 1186 2840 dem
1204 2785 1333 2840 locaverit
1349 2803 1398 2840 nec
1415 2789 1539 2840 resrstare
1557 2785 1662 2842 domiuo
1679 2785 1773 2854 possit,
1792 2785 1932 2854 quominus

1128 2857 1140 2908 1
1176 2855 1200 2908 ιι
1211 2855 1230 2888 ¹⁵
1249 2853 1372 2908 colonum
1388 2853 1443 2908 frui
1458 2853 1608 2920 prohibeat.
1644 2853 1710 2908 Cum
1732 2853 1844 2908 fundum
1863 2869 1932 2908 com-

1126 2939 1233 2978 munem
1249 2923 1390 2978 habuimus
1409 2929 1436 2980 et
1451 2923 1521 2976 inter
1538 2939 1587 2978 nos
1611 2923 1747 2988 convenit,
1770 2927 1802 2976 ut
1824 2923 1932 2978 alternis

1126 2991 1203 3046 ιιιιι
1223 2995 1295 3046 certo
1319 2993 1404 3060 pretio
1430 3007 1490 3046 eum
1514 2993 1673 3046 conductum
1697 2991 1869 3058 haberemus,
1894 2999 1932 3058 tu,

1127 3077 1188 3114 cum
1204 3063 1266 3114 tuus
1284 3075 1369 3114 anuos
1388 3061 1507 3114 exiturus
1526 3065 1605 3126 esset,
1624 3061 1745 3114 consulto
1760 3059 1878 3114 fructum
1892 3061 1932 3114 in-

1127 3127 1261 3196 sequentis
1279 3129 1343 3182 anni
1360 3129 1509 3198 ccmupisti.
1535 3145 1611 3196 agam
1630 3133 1716 3184 tecum
1731 3127 1834 3184 duabus
1850 3129 1932 3184 actic-

1126 3199 1219 3262 nibus‚
1246 3213 1300 3250 una
1328 3213 1360 3252 ex
1387 3199 1533 3262 conducto,
1560 3197 1644 3250 altera
1667 3213 1699 3252 ex
1722 3197 1824 3252 locato:
1853 3199 1933 3252 locati

1124 3265 1197 3320 'enim
1214 3263 1311 3322 iudicio
1330 3283 1389 3320 mea
1404 3283 1467 3334 pars
1485 3267 1609 3336 propria,
1636 3265 1761 3320 conducti
1779 3271 1869 3320 autem
1887 3281 1931 3320 ac-

1126 3335 1229 3388 tione¹6
1251 3341 1300 3388 tua
1325 3335 1464 3388 dumtaxat
1490 3335 1598 3404 propria
1621 3335 1649 3388 iu
1670 3333 1798 3388 iodicium
1820 3333 1932 3388 venient.

1127 3403 1222 3456 deiude
1238 3403 1278 3456 ita
1294 3409 1383 3458 notat:
1401 3419 1490 3456 nonne
1525 3403 1579 3456 uod
1596 3403 1632 3456 ad
1647 3417 1733 3454 meam
1750 3407 1855 3472 partem
1872 3403 1932 3456 atti-

1125 3471 1214 3536 nebit,
1241 3471 1374 3526 communi
1399 3419 1541 3526 dudundo
1568 3469 1748 3540 praestabitur
1773 3487 1791 3526 a
1816 3475 1844 3526 te
1869 3471 1932 3526 mihi

1126 3539 1271 3594 damnum?
1294 3545 1366 3594 recte
1382 3539 1486 3610 quidem
1501 3545 1585 3606 notat,
1604 3539 1651 3594 sed
1664 3545 1754 3592 tamen
1768 3539 1847 3594 etiam
1862 3539 1934 3592 Servi

1126 3607 1284 3662 seutentiam
1298 3625 1389 3662 veram
1402 3623 1460 3664 esse
1473 3615 1548 3676 puto,
1568 3625 1628 3662 cum
1643 3623 1674 3664 eo
1692 3607 1800 3672 scilicet,
1817 3613 1856 3674 ut,
1874 3623 1933 3660 cum

1126 3677 1255 3730 alterutra
1273 3677 1379 3730 actione
1395 3691 1451 3730 rem
1469 3675 1640 3740 servaverim,
1664 3675 1749 3730 altera
1772 3681 1932 3744 perematur.

1127 3743 1226 3812 quodi
1245 3759 1303 3796 sum
1322 3743 1467 3814 simplicius
1485 3743 1523 3796 ita
1541 3757 1711 3812 quaeremus,
1730 3745 1754 3798 si
1769 3749 1935 3814 proponatur

1125 3811 1196 3866 inter
1221 3761 1302 3890 duos,
1327 3811 1371 3880 qui
1395 3811 1512 3880 singulos
1535 3813 1657 3880 proprios
1681 3811 1778 3868 fundos
1796 3813 1933 3878 haberent,

1127 3895 1289 3946 convenisse,
1307 3887 1338 3934 ut
1355 3883 1420 3934 alter
1438 3881 1546 3934 alterius
1563 3883 1602 3936 ita
1619 3881 1780 3936 conductum
1796 3881 1933 3946 haberent,

1126 3955 1158 4002 ut
1174 3947 1278 4002 fructus
1295 3949 1424 4004 mercedis
1442 3949 1548 4002 nomine
1565 3955 1730 4018 pensaretur.

1161 4011 1201 4074 36
1217 4015 1422 4072 Froauumuus
1436 4015 1505 4072 libro
1521 4019 1632 4088 septimo
1643 4017 1837 4072 institutionum
1862 4015 1934 4084 Opus

1127 4085 1200 4206 guod
1217 4085 1354 4138 aversione
1370 4087 1488 4140 locatum
1505 4091 1547 4138 est
1565 4085 1648 4140 donec
1666 4085 1844 4156 adprobetur,
1871 4099 1932 4138 con-

1145 4153 1245 4208 uctoris
1262 4153 1439 4222 ιιιιιιιιιι17
1458 4159 1512 4208 est:
1538 4153 1608 4222 quod
1631 4169 1694 4208 vero
1716 4153 1755 4206 ita
1774 4153 1935 4208 conductum

1126 4223 1169 4286 sit,
1187 4227 1218 4276 ut
1235 4221 1263 4274 in
1280 4221 1361 4290 pedes
1378 4237 1549 4276 mensurasse
1565 4227 1724 4290 praestetur,
1745 4225 1853 4276 eatenus
1871 4237 1934 4274 con-

1127 4289 1245 4342 ductoris
1262 4289 1382 4356 periculo
1401 4293 1454 4354 est,
1480 4295 1610 4356 quatenus
1636 4291 1791 4344 admensum
1815 4305 1869 4344 ιιι
1887 4289 1933 4342 sit:

1127 4357 1199 4410 etin
1217 4361 1329 4426 utraque
1347 4371 1429 4410 causa
1447 4357 1597 4410 nociturum
1614 4357 1741 4422 locatori,
1766 4357 1789 4410 si
1811 4371 1857 4426 per
1876 4373 1934 4410 eum

1127 4425 1242 4490 steterit,
1268 4441 1319 4494 quo
1338 4425 1424 4480 minus
1443 4441 1511 4494 opus
1529 4425 1691 4494 adprobatur
1707 4425 1749 4480 vel
1766 4425 1933 4480 admetiatur.

1127 4493 1150 4546 si
1167 4499 1257 4546 tamen
1274 4495 1299 4548 vi
1316 4493 1417 4546 maiore
1435 4503 1502 4562 opus
1519 4495 1592 4564 prius
1610 4493 1774 4548 interciderit
1792 4509 1871 4564 quam
1888 4491 1934 4546 ad·

1126 4561 1294 4630 probaretur,
1312 4561 1437 4616 locatoris
1454 4561 1572 4630 periculo
1591 4569 1638 4624 est,
1656 4561 1707 4616 nisi
1722 4561 1745 4616 si
1759 4561 1832 4616 aliud
1846 4565 1935 4616 actum

1127 4629 1176 4682 ιιιε
1200 4645 1256 4684 ιιι
1280 4629 1349 4684 enim
1372 4629 1484 4698 amplius
1507 4629 1640 4698 praestari
1664 4629 1777 4684 locatori
1804 4633 1934 4696 oporteat,

1127 4711 1208 4766 quam
1229 4697 1301 4766 quod
1325 4711 1376 4750 ιιι
1399 4711 1464 4750 cura
1481 4703 1562 4766 atque
1579 4711 1662 4766 opera
1680 4701 1839 4750 consecutus
1857 4699 1934 4752 esset.

1162 4759 1201 4820 37
1220 4765 1389 4818 Iavornnus
1403 4765 1471 4820 libro
1490 4769 1582 4820 octauo
1601 4781 1638 4818 coc
1658 4765 1747 4820 Cassio
1782 4765 1824 4830 Si,
1849 4765 1934 4834 prius-

1127 4847 1207 4902 quam
1223 4831 1337 4886 locatori
1354 4849 1421 4900 opus
1439 4833 1612 4900 probaretur,
1636 4831 1662 4886 vi
1686 4832 1776 4900 aliqua
1794 4849 1934 4900 consump-
1959 4873 1960 4876 ,

1126 4905 1185 4954 tum
1208 4905 1262 4966 est,
1286 4899 1473 4954 detrimentum
1490 4901 1525 4954 ad
1541 4901 1688 4954 locatorem
1704 4901 1743 4954 ιιι
1760 4901 1887 4968 pertinet,
1913 4897 1935 4954 si

1126 4969 1181 5022 tale
1198 4983 1214 5020 o
1234 4985 1266 5022 us
1283 4967 1343 5032 init,
1360 4973 1392 5022 ut
1406 4969 1515 5038 probari
1533 4969 1649 5022 deberet.

1162 5031 1201 5092 38
1244 5049 1339 5090 actus
1355 5035 1422 5090 libro
1436 5037 1573 5106 simpuluri
1582 5035 1740 5104 regularum
1774 5035 1825 5102 Qui
1841 5049 1935 5104 operas

1127 5119 1190 5158 suas
1208 5103 1319 5168 locavit,
1343 5103 1425 5158 totius
1442 5105 1569 5172 temporis
1586 5101 1733 5158 mercedem
1751 5103 1873 5172 accipere
1890 5103 1935 5158 de·

1127 5173 1186 5238 bet,
1205 5173 1293 5242 siper
1311 5187 1371 5224 eum
1388 5187 1443 5224 non
1462 5173 1549 5238 stetit,
1568 5187 1621 5240 quo
1639 5173 1727 5226 minus
1745 5187 1840 5240 operas
1859 5187 1934 5242 prae-

1129 5245 1140 5294 1
1178 5245 1238 5294 stet.
1264 5239 1397 5294 Advocati
1406 5255 1518 5308 quoque,
1534 5239 1557 5294 si
1570 5255 1618 5308 per
1634 5255 1680 5294 eos
1696 5239 1868 5306 consisterit,
1884 5255 1935 5308 quo

1127 5307 1215 5362 minus
1233 5323 1343 5362 causam
1394 5313 1449 5374 ant,
1466 5307 1612 5364 honoraria
1629 5307 1741 5364 reddere
1758 5325 1813 5364 non
1830 5309 1934 5362 debent.

1162 5371 1202 5434 39
1226 5377 1371 5432 [iteramus
1393 5377 1450 5432 idro
1464 5375 1582 5432 secundo
1598 5377 1635 5430 od
1649 5377 1764 5432 edictum
1795 5377 1857 5434 Non
1871 5377 1937 5432 solet

1125 5443 1225 5500 locatio
1243 5443 1386 5500 dominium
1403 5449 1516 5500 mutare.

1127 5633 1239 5668 vererer.
1319 5619 1364 5684 (tt)
1383 5619 1438 5680 uos]
1448 5619 1553 5668 nautam
1561 5615 1618 5680 Ant.
1628 5617 1710 5670 Faber
1801 5623 1842 5686 (tt)
1859 5619 1936 5672 uati-

1126 5753 1242 5806 habeoF
1295 5757 1338 5824 (15)
1357 5757 1425 5808 iisF
1477 5755 1521 5820 (tc)
1541 5755 1643 5806 actioF
1696 5755 1740 5822 (ιι)
1758 5689 1936 5824 peliduldtdclll
