4366 6258
252 391 309 438 vsu
330 387 470 436 ernanus
490 389 631 434 bnassus
1038 361 1101 440 479
1710 345 1872 412 XXXHH
1895 355 1909 414 1

252 583 305 622 cum
322 563 354 618 de
369 561 458 620 muris
474 559 670 640 fideicommissi
686 561 837 640 quaeritur,
860 577 915 616 non
937 561 970 616 de
986 561 996 617 ι
1015 561 1052 616 sis
1103 559 1119 636 ι
1153 555 1295 612 εενιεειιεε
1310 557 1371 614 hrit.
1407 557 1520 626 Quidam
1536 549 1638 636 uberds
1651 547 1711 632 ‘suis
1730 551 1761 602 ut
1778 547 1912 628 admonit,

252 631 507 690 t‘rideicommissrs.
531 631 671 684 ιιιιεεειιε
688 629 738 682 νει
753 631 819 684 boui
836 631 967 686 ubiuaru
980 579 1053 684 tiliae
1102 629 1142 678 rte
1171 637 1267 694 aquam
1313 641 1401 694 noque
1429 643 1478 696 per
1501 625 1731 700 fidereemmrssum
1752 619 1912 700 rehqueratr

251 701 341 760 ιειοιιε
359 701 392 754 ab
409 697 507 754 herede
524 697 579 754 filiu
596 713 644 766 pro
662 697 741 752 modo
756 697 861 768 legatae
875 699 953 766 dotis,
971 715 1052 768 quam
1103 691 1279 772 consulebaffl
1295 641 1336 746 (le
1359 695 1572 752 fideicommissa
1613 707 1673 748 eum
1695 703 1723 744 ¹¹²
1749 703 1781 742 0²
1805 701 1914 772 Γθιῑθῦἓ

251 773 326 828 solam
352 773 429 836 pater
452 765 627 822 ενιεοειειεε
650 765 721 820 filiae
742 769 855 822 nubenti
878 769 936 822 dari
959 767 1050 832 voluit,
1103 761 1212 816 Ahroae
1228 761 1268 816 νει
1283 759 1353 814 forte
1370 763 1485 832 Aegypti
1506 781 1550 820 res
1568 763 1611 834 egi
1628 757 1842 832 proponebatur,
1865 759 1913 816 ubl

251 847 322 908 sque
339 853 390 956 (Ero
413 835 583 888 incrementis
606 835 702 888 aetatis
723 849 783 890 eam
800 835 976 890 exhibendam
994 851 1052 890 esse
1103 845 1175 910 aqua
1189 829 1296 910 vendis,
1308 835 1362 910 esi,⁸
1378 829 1498 886 dicebam
1514 833 1614 902 igitur
1630 847 1689 888 esse
1706 829 1912 910 emolumenturn

251 923 288 964 τε(
305 921 338 958 pn
358 905 373 970 '‚
391 917 445 956 non
461 917 510 970 pro
528 901 810 958 viribusrhereditatis,
1103 895 1312 964 fidelcommrssl,
1342 913 1396 952 slve
1424 901 1483 964 quis
1511 899 1613 956 habens
1639 901 1767 958 cisternas
1795 897 1824 952 iil
1850 897 1913 952 reli-

283 923 314 1030 ll
334 971 451 1024 Portus
466 969 534 1024 libro
551 969 654 1024 deamo
671 973 859 1040 quaestionum
891 969 927 1036 Is,
946 969 990 1024 cui
1003 985 1051 1024 an·
1103 967 1191 1036 querit
1207 967 1261 1046 sire
1277 981 1340 1032 non,
1358 971 1389 1020 ut
1406 965 1440 1018 sit
1457 967 1485 1020 in
1501 967 1710 1036 fideicommissa,
1735 971 1835 1040 quanto
1854 967 1913 1038 quis

252 1059 298 1102 oua
318 1039 441 1094 admenta
457 1039 551 1092 relicta
567 1037 687 1104 fuerant,
711 1039 740 1094 in
756 1039 892 1092 metallum
910 1039 1052 1092 damnatus
1103 1051 1200 1106 aquam
1223 1035 1274 1090 srbi
1296 1039 1367 1090 esset
1390 1041 1602 1102 comparaturus.
1642 1055 1692 1096 nee
1715 1039 1799 1096 videri
1819 1037 1914 1092 inutile

252 1109 402 1176 indulgentia
418 1107 548 1174 principis
566 1107 705 1162 restitutus
723 1113 771 1162 est.
803 1105 930 1174 respondi
947 1121 1008 1160 eum
1026 1111 1053 1162 ει
1104 1119 1163 1158 εεεε
1176 1103 1408 1160 fideicommissum
1422 1103 1499 1172 quasi
1517 1105 1642 1162 servitute
1658 1109 1761 1178 praedii
1777 1123 1833 1164 nen
1850 1123 1913 1178 pus·

252 1175 455 1256 praecedentium
484 1191 614 1256 ausurum
639 1181 714 1230 recte
742 1175 845 1244 cepisse
873 1173 1000 1228 alimenta
1025 1181 1053 1230 et
1104 1171 1202 1228 sessori
1223 1171 1326 1228 νιοιεεε
1343 1171 1518 1294 possessionis
1535 1173 1641 1228 relicta:
1666 1193 1728 1232 nam
1751 1185 1779 1234 et
1800 1179 1914 1260 haustus

252 1251 413 1372 seqqenffi
422 1243 601 1384 lillgrquclrio
614 1311 716 1366 decimo
728 1325 920 1390 responsorum
950 1309 1053 1366 Lucius
1103 1247 1416 1390 {ilsaiualttlllrcelsmeha
1429 1243 1769 1382 qulqlicnilnuasdlllllrlulstoi,t
1783 1253 1914 1372 ilresltv'rlllllesr'

253 1387 327 1440 Titius
343 1381 446 1436 libertis
464 1381 519 1436 suis
537 1381 637 1434 cibaria
658 1385 684 1434 et
701 1379 827 1434 restiarra
851 1393 941 1434 annua
964 1385 1051 1434 certo·
1103 1379 1273 1450 relinquitur:
1303 1395 1332 1432 ru
1358 1379 1450 1434 eadem
1473 1393 1556 1432 eausa
1580 1385 1658 1432 erunt
1676 1385 1799 1450 gestandi
1821 1387 1864 1440 rol
1886 1387 1913 1440 in

253 1471 302 1510 rum
323 1465 488 1504 nummorum
511 1449 618 1516 reliquit
640 1453 667 1504 et
689 1447 838 1516 posteriore
863 1453 941 1516 parte
968 1453 1051 1504 testa-
1103 1453 1150 1504 tuo
1175 1463 1240 1502 uvas
1262 1447 1399 1516 premendi
1421 1447 1463 1500 νει
1485 1463 1564 1502 areae
1586 1453 1650 1500 tuae
1667 1449 1702 1502 ad
1718 1449 1853 1506 frumenta
1870 1469 1913 1508 ce-

252 1517 377 1576 uendite
395 1517 479 1572 eavit:
503 1517 641 1584 ‘obligatos
661 1515 717 1570 eis¹
735 1515 770 1570 ob
788 1531 899 1570 causam
914 1513 1051 1570 fideicom-
1103 1521 1213 1587 turaque
1224 1515 1357 1586 legumina
1369 1515 1540 1584 exprimenda
1551 1513 1651 1570 utendi.
1680 1515 1748 1570 haec
1763 1519 1831 1574 enim
1843 1537 1914 1590 aqua

254 1585 325 1642 ‘nissi
338 1585 435 1640 mades
450 1603 524 1642 meus
538 1585 611 1640 illum
626 1591 653 1640 ει
665 1585 748 1650 illurn,
766 1589 798 1638 ut
811 1599 845 1640 ex
857 1583 946 1640 reditu
959 1601 1053 1640 eurum
1103 1599 1234 1654 personae
1250 1585 1417 1654 relinquitur.

254 1657 375 1712 ‘aduena
398 1669 480 1724 supra
503 1653 602 1722 scripta
624 1653 792 1724 percipiant.
829 1655 978 1724 quaesitum
1002 1659 1052 1720 est,
1140 1651 1179 1712 15
1196 1653 1350 1710 Ssoaroeo
1367 1653 1435 1708 libro
1450 1653 1562 1724 septimo
1577 1651 1678 1708 decimo
1694 1651 1858 1734 dipestorum
1889 1659 1915 1712 A

254 1741 294 1790 an,
317 1723 339 1778 si
360 1721 485 1792 quando²
509 1723 624 1776 minores
647 1721 749 1778 reditus
766 1723 947 1802 pervenerint,
971 1739 1053 1792 quam
1104 1721 1157 1778 filio
1175 1723 1272 1778 herede
1290 1721 1418 1776 codicillis
1435 1721 1511 1776 Seiae
1528 1721 1620 1774 decem
1637 1721 1743 1790 reliquit
1760 1725 1788 1776 ει
1805 1723 1913 1780 nunno

254 1799 288 1846 est
302 1791 442 1858 queuntes,
452 1791 612 1846 cibariorum
629 1795 656 1846 et
671 1789 867 1858 restituerem,
887 1791 999 1846 heredes
1016 1791 1053 1846 ad
1103 1789 1144 1846 his
1161 1791 1261 1846 rats:
1280 1789 1393 1846 *Μεεειο
1411 1789 1508 1844 infanti
1525 1789 1632 1844 murano
1646 1803 1705 1842 meo
1721 1789 1916 1858 quadringenta

253 1859 415 1930 supplendam
439 1875 497 1912 eam
521 1859 626 1914 οεεεεοι
648 1873 703 1912 nou
726 1857 855 1924 debeant,
878 1859 934 1924 νει,
958 1859 981 1914 si
999 1859 1051 1914 alio
1105 1857 1171 1912 ‘duri
1187 1859 1255 1924 volo,
1280 1873 1349 1928 quae
1366 1863 1428 1928 peto
1446 1873 1464 1912 a
1480 1855 1602 1924 te,saa,
1625 1857 1755 1924 suscipias
1774 1861 1800 1912 et
1817 1873 1914 1914 usuras

253 1943 313 1984 annu
331 1927 499 1992 excesserint,
518 1943 553 1982 an
570 1927 747 1996 supplendum
764 1927 808 1994 sit,
827 1929 898 1998 quod
915 1927 1053 1996 superiore
1104 1927 1138 1980 ‘ei
1161 1927 1323 1996 quincunces
1352 1927 1381 1982 in
1409 1943 1508 1980 annum
1532 1941 1618 1996 usque
1643 1927 1795 1980 vicesimum
1817 1927 1914 1980 aetatis

253 2011 312 2050 anuo
329 1995 415 2050 miuus
431 2011 513 2066 perce
533 1995 606 2050 mint.
633 1997 735 2050 Paulus
752 1995 890 2064 respoudit
906 1995 1008 2050 cibaria
1026 2001 1053 2050 ει
1104 1999 1232 2064 ‘praestes
1258 2011 1371 2066 eumque
1397 1995 1527 2064 suscipias
1553 1999 1581 2048 et
1604 1995 1722 2048 meanis.
1765 1993 1914 2062 quaesitum

253 2063 365 2120 vestiaria
386 2065 489 2118 libertis
512 2011 632 2118 lehrncti
654 2065 757 2134 integre
780 2063 884 2130 deberi,
910 2079 996 2132 neque
1019 2079 1053 2118 ex
1105 2067 1158 2128 est,
1182 2077 1218 2116 an
1235 2061 1309 2128 Seia,
1333 2069 1475 2134 postquam
1491 2065 1608 2132 legatum
1625 2079 1702 2118 suum
1720 2077 1785 2116 acce
1805 2063 1868 2140 erit,
1892 2064 1916 2116 si

253 2149 292 2198 eo,
313 2131 382 2200 quod
404 2137 501 2200 postea
522 2131 632 2200 praedia
654 2133 695 2186 his
719 2131 837 2200 pignoris
859 2131 918 2186 iure
938 2137 1052 2186 testator
1104 2131 1171 2186 nolit
1207 2131 1328 2186 ecuniam
1346 2133 1453 2186 alumno
1471 2131 1590 2186 relictam
1607 2131 1773 2200 susciperer
1811 2147 1839 2182 ru
1854 2143 1914 2184 sus-

253 2199 356 2266 obligare
371 2199 470 2266 voluit,
494 2205 525 2254 ut
547 2215 581 2254 ex
602 2201 692 2254 reditu
715 2215 807 2254 eorum
824 2199 949 2254 alimenta
966 2201 1051 2268 perci·
1105 2149 1226 2266 cipienla
1254 2213 1286 2254 ea
1315 2201 1471 2264 cessaverit,
1501 2215 1569 2254 onus
1597 2199 1782 2254 alimentorum
1811 2213 1843 2250 ex
1873 2197 1915 2250 die

252 2271 348 2388 pegeni,
370 2267 498 2324 minuisse
515 2283 575 2322 eum
591 2269 633 2322 vel
650 2267 757 2322 auxisse
774 2281 807 2320 εε
823 2283 892 2338 quae
908 2267 1053 2338 reliquerat
1105 2267 1198 2388 morgiiz
1223 2269 1360 2388 testatione
1385 2267 1566 2338 compellenda
1581 2267 1623 2322 sit
1646 2265 1816 2386 adqnoscere.
1833 2281 1914 2388 elfes-

254 2351 485 2460 wleiillS'ararors
500 2403 569 2458 libro
583 2409 681 2486 quarto
695 2419 887 2484 responsorum
911 2403 979 2458 (ιειε
991 2405 1052 2460 Seio
1103 2349 1166 2482 lille
1182 2349 1411 2472 millienselmcluila
1424 2351 1731 2484 isleaiecolrlrrrllisoslrllmelin¹
1745 2347 1915 2484 ιῗιᾞεεὲῐει-

253 2477 375 2526 nocentes
392 2487 487 2528 aureos
505 2473 616 2540 legant,
640 2479 671 2528 ut
694 2487 729 2526 ex
751 2487 841 2526 usurrs
859 2489 915 2526 erus
933 2487 1053 2528 summae
1104 2475 1157 2536 sut,
1176 2487 1210 2524 an
1226 2473 1304 2524 ireres
1339 2487 1429 2538 usque
1442 2471 1519 2526 Serae
1534 2487 1563 2526 111
1580 2485 1664 2526 anuos
1751 2471 1915 2524 usamenta

253 2539 342 2592 libertis
356 2539 457 2594 cibaria
471 2545 499 2594 et
512 2539 805 2608 restariapraestaret,
823 2555 892 2608 quae
905 2545 1051 2596 statuerat:
1105 2545 1118 2594 1
1154 2539 1335 2620 praestaretis
1355 2545 1407 2592 eat.
1431 2539 1684 2608 responditdebere.
1738 2545 1914 2596 astatorcon-

254 2605 369 2662 codicillis
395 2611 485 2662 autem
511 2609 621 2662 eandem
644 2623 774 2662 summam
797 2609 881 2662 vetuit
903 2609 961 2662 dari
985 2607 1052 2664 Gaio
1104 2605 1218 2662 eubrnae
1234 2605 1367 2676 mancipia
1383 2607 1485 2662 rustica
1502 2623 1611 2662 numero
1629 2611 1690 2662 οοιε
1712 2605 1810 2674 legavit
1829 2611 1857 2662 et
1873 2605 1915 2660 bis

254 2675 312 2740 Seio,
329 2673 375 2728 sed
386 2675 445 2728 dari
456 2675 552 2730 Publio
565 2677 668 2730 Maeuio
680 2673 777 2730 voluit:
795 2691 903 2744 quaero,
921 2691 956 2730 an
972 2677 1052 2730 liber-
1104 2675 1205 2730 cibaria
1221 2677 1353 2746 praestari
1369 2675 1448 2730 iussit
1469 2675 1497 2728 in
1514 2677 1581 2730 haec
1598 2675 1692 2728 verba:
1718 2677 1816 2746 ‘eisque
1838 2689 1914 2728 man·

252 2743 281 2796 tiu
301 2743 530 2798 fideicommissum
553 2743 649 2798 debeat
668 2743 798 2798 Maevius.
833 2743 959 2814 respondi
976 2743 1053 2798 Mae·
1105 2743 1203 2812 ιοἰειιε,
1226 2757 1296 2812 quae
1317 2759 1401 2812 snpra
1423 2743 1522 2812 legavi,
1547 2743 1638 2800 cibarii
1660 2743 1767 2798 nomine
1784 2743 1819 2796 ab
1836 2743 1914 2798 here-

252 2811 325 2876 sium,
347 2811 399 2864 nisi
416 2809 504 2876 alind,
530 2811 563 2866 de
580 2825 631 2880 quo
649 2827 704 2866 nou
721 2811 913 2866 deliberaretur
920 2813 939 2878 ι,
957 2813 1053 2866 doceat
1104 2811 1191 2866 ‘dibus
1206 2809 1270 2866 meis
1285 2811 1416 2878 praestari
1430 2813 1498 2876 volo,
1517 2827 1586 2880 quae
1601 2827 1643 2866 me
1655 2811 1713 2866 νινε
1727 2811 1913 2882 accipiebant.

253 2879 296 2932 sibi
317 2895 333 2932 a
354 2883 483 2932 testatore
504 2877 666 2944 iniunctum,
690 2879 774 2934 rideri
797 2879 942 2934 secundum
959 2881 1051 2934 volun-
1104 2879 1253 2948 quaesitum
1277 2885 1331 2944 est,
1355 2895 1416 2934 eum
1439 2881 1496 2932 viro
1516 2885 1644 2934 testatore
1661 2893 1716 2932 sem
1736 2895 1764 2934 er
1781 2879 1914 2958 mancipia

253 2951 324 2998 tatem
346 2945 482 2998 testatoris
504 2947 637 3016 recepisse
654 2961 687 3000 ea
704 2961 801 3012 onera,
825 2961 894 3016 quae
917 2947 1053 3018 adscripta
1103 2947 1204 3000 rustica
1220 2951 1338 3016 tempore
1355 2947 1479 3000 messium
1497 2951 1524 3000 ει
1541 2961 1662 3002 arearum
1679 2895 1802 3026 deligata
1814 2945 1914 3000 ineunt

254 3013 363 3066 orantei
386 3025 519 3076 summae,
542 3027 612 3082 quae
634 3015 663 3066 in
683 3029 744 3068 eum
762 3013 890 3068 codicillis
908 3013 1052 3070 transfere·
1104 3017 1132 3068 et
1154 3029 1185 3068 eo
1208 3019 1326 3082 tempore
1349 3013 1452 3068 abana
1475 3029 1508 3066 ex
1529 3015 1634 3068 rabone
1655 3015 1755 3068 domim
1777 3015 1819 3068 sui
1836 3031 1914 3068 nunr-

255 3085 264 3134 l
294 3081 379 3134 batur,
419 3079 477 3134 *Im
497 3087 589 3136 erator
605 3081 755 3136 Αειοοιοεε
773 3081 838 3136 Ριεε
860 3079 963 3136 libertis
987 3081 1052 3136 Serr-
1103 3097 1184 3150 quam
1206 3081 1358 3150 acceperint
1381 3085 1493 3148 exceptu
1512 3081 1622 3136 cussie
1637 3079 1754 3150 praedii,
1778 3095 1813 3134 an
1836 3081 1913 3136 heres

253 3149 297 3202 tiae
312 3147 433 3202 Basffise.
470 3097 602 3214 ‘Rauenna
618 3149 701 3204 rerba
717 3149 871 3202 testamenti
890 3149 931 3202 ita
953 3165 983 3204 se
1003 3149 1052 3204 lra-
1104 3149 1162 3204 eius
1178 3163 1284 3218 queque
1301 3149 1436 3216 temporis,
1454 3147 1482 3202 id
1499 3155 1539 3204 est
1555 3149 1647 3202 messis
1665 3155 1692 3202 et
1708 3163 1839 3214 arearum,
1859 3151 1913 3202 et1·

253 3217 345 3282 ἰεεοι,
362 3221 407 3280 ut,
429 3215 519 3284 quoad
536 3231 596 3270 cum
614 3215 724 3270 Claudio
743 3217 819 3272 Iusto
835 3217 932 3270 morati
949 3217 1052 3284 essetis,
1104 3217 1206 3270 cibaria
1229 3217 1395 3270 concubinae
1415 3233 1466 3286 pro
1488 3217 1626 3286 mancipiis
1648 3217 1755 3270 rusticis
1775 3223 1912 3286 praestaro

253 3283 394 3338 ‘alimentai
422 3287 450 3336 et
477 3283 630 3338 vestiarium
658 3283 747 3352 legata
773 3283 841 3350 siut,
869 3289 960 3338 tamen
981 3283 1053 3340 haue
1104 3281 1251 3338 deberet¹¹.
1285 3283 1423 3352 respondit
1441 3301 1515 3350 euru,
1532 3283 1608 3338 οειοε
1625 3285 1698 3338 notio
1717 3289 1771 3350 est,
1790 3285 1909 3340 aestima·

254 3351 334 3406 ‘fuisse
350 3349 492 3406 defunctae
511 3351 698 3418 cogitationem
712 3353 882 3422 interpretor,
899 3357 930 3404 ut
947 3355 1053 3420 etpost
1103 3355 1202 3406 turum.
1232 3349 1388 3406 Ceronius:
1404 3351 1512 3406 merito:
1530 3365 1593 3406 nam
1610 3351 1634 3406 si
1649 3351 1740 3406 eodem
1754 3353 1841 3418 modo,
1860 3369 1913 3420 quo

253 3423 362 3474 ‘munem
378 3417 447 3472 Iusti
470 3417 564 3472 eadem
586 3419 660 3472 uobis
683 3419 817 3488 praestari
832 3419 962 3472 valuerit'.
996 3435 1052 3474 res-
1104 3417 1177 3486 apud
1193 3421 1350 3472 testatorem
1365 3417 1484 3482 fuerunt,
1502 3423 1529 3472 et
1545 3417 1618 3488 apud
1632 3419 1809 3474 concubinam
1822 3419 1914 3472 futura

253 3487 337 3556 pendit
353 3487 481 3542 eiusmodi
498 3487 657 3556 scripturam
674 3487 713 3540 ita
731 3485 832 3556 accipi,
854 3491 885 3538 ut
907 3487 1053 3542 εεοεεειιεε
1103 3485 1209 3554 legavit,
1219 3501 1274 3540 non
1289 3485 1455 3540 debebantur
1463 3487 1483 3518 ¹²
1499 3487 1555 3540 eius
1568 3493 1623 3540 tarn
1658 3487 1704 3552 ris,
1716 3487 1750 3540 de
1764 3503 1815 3556 quo
1831 3503 1913 3556 quae·

253 3561 266 3608 ι
296 3555 421 3610 admuntis
435 3553 604 3622 praestandis
617 3559 748 3624 perpetuu
763 3561 879 3610 maneat.
906 3555 974 3608 Item
989 3571 1052 3608 con·
1104 3553 1184 3608 situm
1208 3559 1261 3618 est,
1291 3553 1406 3608 cibaria:
1436 3569 1526 3608 verum
1550 3552 1611 3608 siv
1637 3555 1716 3608 utin
1739 3553 1914 3610 ministerium

253 3625 328 3678 sultus
345 3621 378 3678 de
394 3621 444 3676 tali
460 3623 594 3692 scriptura
616 3627 759 3676 ‘attacum
776 3621 831 3676 sint
848 3637 952 3692 semper
968 3621 1052 3676 rolo’:
1105 3625 1119 3674 2
1153 3619 1286 3676 urbanum
1303 3621 1337 3676 ab
1355 3621 1396 3676 his
1413 3619 1616 3688 nansimentur,
1635 3621 1809 3676 debebuubrr.
1842 3621 1914 3678 Titia

266 3707 354 3756 uuae,
378 3707 440 3746 cum
462 3691 617 3744 manumissi
640 3691 675 3744 ab
698 3691 797 3744 herede
820 3705 879 3744 cum
902 3705 933 3744 eo
956 3691 1053 3742 morati
1105 3687 1236 3744 decedens
1248 3693 1407 3744 ιεειειεεειο
1421 3689 1461 3742 ita
1473 3691 1556 3744 caut:
1576 3689 1706 3744 ‘omnibus
1718 3689 1820 3746 libertis
1832 3691 1921 3748 liber

253 3709 291 3814 liu
306 3761 370 3824 sint,
395 3757 441 3814 sed
464 3759 499 3814 ob
516 3757 663 3826 grarimem
681 3759 834 3814 scrutatam
851 3759 885 3812 ab
904 3773 935 3812 eo
953 3757 1053 3812 disues-
1105 3757 1244 3826 ‘rebusque
1260 3757 1326 3810 meis
1343 3757 1445 3810 cibaria
1462 3761 1488 3810 et
1504 3757 1628 3812 vestiaria
1637 3757 1665 3822 ¹³,
1684 3773 1753 3826 quae
1766 3757 1824 3812 νινε
1835 3775 1913 3826 prae-

254 3829 339 3892 seriut,
365 3843 401 3880 an
423 3825 549 3880 ειιιεεειε
571 3827 613 3880 his
637 3825 800 3892 debeantur,
830 3841 898 3894 quae
921 3831 1002 3892 negat
1025 3841 1053 3878 se
1105 3825 1226 3890 stabam,
1243 3823 1302 3878 dari
1318 3823 1503 3892 praestarique
1518 3825 1602 3880 solo':
1620 3825 1768 3892 quaesitum
1785 3831 1833 3892 est,
1852 3841 1912 3880 cum

253 3901 393 3962 praestare,
415 3893 468 3946 nisi
488 3893 545 3948 νιοε
563 3893 694 3946 sanuses
711 3893 735 3948 is
752 3899 881 3948 uteretur.
915 3891 1054 3962 respondit
1104 3891 1190 3944 tribus
1207 3891 1270 3946 solis
1288 3907 1319 3946 eo
1337 3897 1470 3960 ternpore,
1495 3907 1598 3958 quoea
1613 3893 1692 3958 risit,
1715 3893 1786 3946 ειοει
1802 3893 1913 3948 radoni·

254 3963 388 4018 secundnm
406 3977 438 4016 ea
455 3975 525 4032 quae
540 3967 754 4030 proponerentur
770 3961 869 4016 deberi.
1103 3959 1155 4012 bus
1172 3957 1366 4024 cunbnebatbr,
1388 3959 1489 4012 cibaria
1506 3963 1533 4012 et
1549 3959 1673 4016 νεειιεοιε
1688 3961 1859 4028 praestiterit,
1877 3977 1912 4014 an

266 4075 267 4078 ,
283 4029 318 4088 14
335 4029 479 4086 Uarrones
487 4027 556 4084 libro
569 4027 686 4084 scando
695 4027 960 4098 fideicommissorum
980 4027 1053 4082 Mela
1104 4027 1182 4080 heres
1205 4027 1262 4082 eius
1281 4041 1299 4080 a
1316 4027 1410 4082 aeteus
1429 4041 1534 4108 quoque
1550 4027 1650 4082 libertis
1668 4027 1803 4084 convemri
1819 4031 1914 4098 possit,

254 4099 297 4164 ait,
319 4099 341 4154 si
356 4113 441 4168 puero
458 4095 501 4150 vel
517 4097 622 4166 puellae
638 4095 765 4150 alimenta
785 4097 983 4166 relinquantur,
1006 4111 1052 4150 us·
1104 4109 1140 4148 an
1162 4109 1224 4150 reru
1247 4093 1334 4150 tribus
1353 4099 1459 4150 tantum
1475 4099 1510 4150 srt
1526 4095 1673 4162 obnoxius,
1696 4095 1743 4164 qui
1764 4097 1912 4152 redonibus

254 4183 297 4234 qne
313 4165 346 4220 ad
362 4167 532 4234 pubertatem
550 4163 647 4218 deberi.
683 4165 729 4218 sed
748 4165 800 4218 hoo
816 4175 910 4220 verum
925 4179 980 4218 non
997 4167 1052 4218 est:
1103 4163 1188 4230 ipsius
1202 4163 1302 4216 cibaria
1316 4165 1344 4216 ει
1357 4163 1482 4216 vestiaria
1495 4165 1632 4234 accepisse
1643 4163 1831 4232 reperiuntur?
1856 4181 1912 4218 res-

253 4235 343 4288 tandiu
360 4235 431 4288 enim
448 4231 595 4296 debebitur,
612 4230 698 4288 donec
715 4237 829 4286 testator
845 4231 936 4298 νοιειι,
956 4235 1012 4296 εει,
1030 4231 1053 4284 si
1103 4229 1199 4298 pandit
1215 4231 1249 4284 ab
1267 4231 1399 4284 omnibus.

254 4319 300 4356 uon
315 4307 390 4370 paret
407 4299 471 4370 quid
488 4301 600 4366 sentiat,
623 4315 672 4370 per
695 4305 781 4354 tutum
799 4303 904 4368 tempus
919 4299 990 4354 ritae
1007 4297 1052 4352 de·
1140 4293 1179 4354 16
1192 4297 1274 4352 Ionos
1285 4299 1353 4354 libro
1368 4303 1462 4354 octono
1477 4297 1578 4354 docimo
1590 4297 1755 4368 clipeatorum
1779 4297 1913 4354 Alimenta

255 4375 264 4422 1
295 4369 434 4424 bebantur.
461 4367 539 4422 Certe
557 4369 579 4422 si
596 4383 679 4436 usque
696 4369 732 4422 ad
746 4369 915 4438 pubertatem
927 4367 1053 4420 alimenta
1105 4369 1131 4420 a
1153 4365 1277 4420 νεειιεειε
1298 4365 1401 4420 libertis
1424 4365 1480 4420 suis
1503 4365 1590 4420 dedite
1619 4365 1767 4436 quaesitura
1790 4371 1844 4432 est,
1868 4381 1911 4430 an,

254 4437 441 4506 relinquantur,
464 4435 487 4492 si
511 4437 570 4506 quis
593 4435 742 4504 exemplum
762 4435 960 4502 alimentorum,
985 4449 1054 4504 quae
1104 4435 1166 4514 quia
1187 4433 1344 4490 nominmim
1367 4435 1539 4490 aModerato
1563 4451 1617 4490 uno
1640 4449 1675 4490 ex
1693 4435 1836 4490 heredibus
1854 4433 1913 4514 dari

254 4505 344 4560 dudum
359 4505 449 4576 pueris
467 4509 494 4560 et
510 4505 606 4574 puellis
624 4505 770 4570 dabantur,
793 4503 856 4560 uelit
873 4505 961 4574 sequi,
986 4505 1054 4558 sciat
1103 4503 1182 4558 russit
1203 4507 1329 4568 testatur,
1353 4501 1427 4558 solus
1444 4501 1599 4566 Moderatus
1622 4501 1733 4570 debeat,
1755 4519 1809 4558 non
1832 4505 1912 4554 etrum

254 4573 408 4644 Hadrianum
425 4571 609 4638 constituisse,
628 4579 660 4624 ut
675 4573 753 4642 pueri
769 4589 801 4628 us
820 4589 853 4628 ne
871 4573 906 4628 ad
923 4573 1053 4628 decimum
1103 4575 1297 4642 postmortem
1320 4571 1454 4626 Moderati
1480 4571 1591 4628 heredes
1622 4571 1686 4626 eius.
1725 4567 1864 4650 respondit
1886 4575 1913 4624 et

254 4645 373 4708 οειενεοε,
391 4641 496 4710 predae
512 4657 597 4710 usque
614 4639 650 4694 ad
667 4647 792 4710 quartum
803 4589 939 4696 lucinum
954 4655 1053 4696 annum
1088 4645 1118 4712 ι
1153 4639 1265 4696 heredes
1281 4639 1374 4696 teneri.
1408 4639 1524 4696 Libertis
1541 4639 1747 4708 libertabusque,
1763 4643 1827 4716 rteru
1845 4651 1911 4706 quos

254 4709 363 4774 ειεηιεο,
386 4713 412 4762 ει
429 4709 500 4764 ιεεο
516 4709 629 4764 formam
646 4709 681 4762 ab
698 4709 836 4764 Hadriano
854 4709 944 4762 datam
962 4711 1053 4764 obser·
1104 4721 1223 4776 quasque
1233 4713 1392 4764 testamento
1406 4705 1566 4762 οοᾱιοιιιιενε
1576 4705 1773 4768 manumiserat,
1785 4705 1913 4758 ahmeuta

254 4777 357 4828 rendam
382 4791 440 4832 esse
464 4777 609 4846 imperator
632 4781 724 4830 noster
746 4777 890 4846 rescripsit.
930 4775 980 4832 sed
1004 4777 1053 4830 etsi
1104 4775 1279 4840 commoda¹⁴,
1297 4775 1610 4898 quaevivazraestabat,
1628 4771 1685 4828 dari
1700 4771 1828 4852 iusserat:
1849 4771 1912 4828 item

253 4845 399 4908 generaliter
415 4844 545 4912 pubertas
562 4859 617 4898 non
634 4843 673 4898 sie
691 4843 823 4910 delinitur,
841 4849 931 4898 taurea
944 4843 1053 4914 pietatis
1104 4843 1226 4898 omnibus
1239 4843 1342 4900 libertis
1356 4843 1453 4900 liberta
1471 4857 1556 4912 usque
1568 4841 1680 4896 fuudcsr
1697 4843 1848 4910 quaesrtum
1861 4847 1911 4908 est,

254 4909 342 4966 iutuitu
354 4913 383 4968 iu
398 4913 457 4966 sola
471 4913 561 4982 specie
575 4911 759 4966 ειιειεειοοοεε
772 4911 825 4966 hoc
838 4917 892 4966 tem
910 4927 942 4966 us
956 4913 1053 4968 aetatis
1104 4927 1140 4966 an
1157 4911 1191 4966 ad
1208 4927 1240 4966 ea
1256 4913 1345 4984 legata
1362 4913 1545 4966 admitteretur
1564 4909 1653 4964 liberti
1668 4907 1774 4978 paterni
1789 4909 1911 4978 libertus,

254 4979 267 5028 2
297 4993 353 5034 esse
375 4981 570 5036 observandum
593 4995 648 5034 non
670 4983 711 5032 est
732 4977 845 5034 iuoirile.
902 4979 936 5034 ed
958 4981 982 5036 si
1004 4981 1053 5038 ali-
1105 4981 1149 5036 cui
1165 4981 1282 5038 scribere
1298 4981 1467 5038 solebatitas
1487 4973 1540 5032 ἀπὸ
1556 4975 1686 5046 Ῥουφίνηο
1702 4975 1821 5052 ἡμετέρῳ
1841 4969 1909 5032 olus-

254 5051 346 5114 nrenta‚
370 5063 439 5116 quae
454 5047 528 5104 vivus
545 5048 714 5120 praestabat,
731 5047 881 5116 reliquerit,
899 5063 932 5102 ea
949 5047 1053 5104 demum
1104 5047 1224 5124 lmdepqs
1234 5051 1267 5104 ¹⁵:
1291 5049 1406 5120 epistula
1429 5047 1508 5104 etiam
1529 5045 1626 5100 emissa
1647 5045 1682 5098 ad
1705 5045 1824 5104 ordinem
1847 5047 1910 5104 uiri·

254 5119 459 5182 praestabuutur,
478 5131 547 5186 quae
563 5117 655 5172 mortis
672 5121 792 5184 tempora
806 5121 944 5184 praestare
958 5117 1053 5172 solitus
1103 5119 1182 5184 tatis,
1199 5119 1270 5174 unde
1286 5117 1400 5174 odanda
1417 5119 1488 5182 εεει,
1505 5115 1631 5184 petierat,
1647 5113 1689 5168 uti
1704 5115 1812 5186 publice
1829 5115 1911 5188 (quod

255 5185 318 5236 aut:
346 5199 428 5262 quare
450 5183 474 5240 si
495 5183 567 5240 forte
588 5185 661 5240 uarie
683 5183 859 5254 praestiterit,
885 5185 942 5240 eius
963 5191 1053 5242 nmen
1103 5185 1221 5244 medicus
1238 5191 1305 5254 ενει)
1323 5185 1422 5242 salaria
1439 5183 1463 5238 ει
1478 5187 1690 5254 praestarentur,
1713 5185 1910 5242 manifestando

254 5249 370 5330 leupone
384 5251 529 5374 ffiaestatio
546 5251 717 5322 spectabitur,
736 5251 808 5322 quod
821 5251 970 5320 proximum
982 5269 1053 5310 uror·
1103 5255 1197 5308 ιιιιεοιε
1214 5253 1269 5310 suis
1287 5269 1348 5308 eum
1365 5269 1443 5306 suum
1460 5265 1517 5306 esse
1532 5251 1665 5308 liberbrm.
1688 5269 1732 5308 res
1751 5253 1827 5310 ondit
1841 5269 1910 5320 eum,

253 5317 301 5368 tsi
317 5333 372 5374 erus
419 5319 449 5374 ἰ.
484 5319 549 5388 quid
566 5335 642 5390 ergo,
660 5321 696 5386 si,
715 5335 777 5374 cum
792 5325 948 5386 ιεειενειιιν,
965 5323 1054 5378 minus
1105 5323 1181 5378 cuius
1197 5321 1270 5376 uodo
1289 5323 1338 5386 est,
1359 5319 1569 5390 destinaturum,
1584 5327 1624 5388 ut,
1640 5323 1665 5378 si
1681 5271 1787 5392 qulam
1801 5323 1862 5378 νινε
1877 5335 1911 5376 ea

253 5389 411 5462 praestabat,
428 5387 489 5458 plus
506 5389 600 5444 mortis
616 5395 749 5458 tempora,
768 5387 811 5444 νει
827 5389 939 5444 conus?
964 5389 1054 5446 adhuc
1105 5401 1133 5446 et
1149 5390 1173 5446 ei
1189 5389 1351 5460 praestabat,
1368 5387 1450 5444 nihilo
1466 5389 1553 5446 minus
1569 5389 1604 5446 ad
1617 5389 1848 5446 ιιειοοειοιιεεετο
1860 5389 1910 5446 ει-

254 5455 300 5504 eut
321 5455 460 5510 dicendum
482 5471 542 5512 eam
564 5457 771 5528 praestationem
787 5457 961 5528 sequendam,
985 5473 1054 5530 quae
1105 5463 1120 5514 2
1154 5455 1910 5526 mauear,s1iterverouon..13asiricelibsrtsadooem

235 5623 281 5686 ,(1)
297 5625 466 5680 esserolor'os.
536 5631 568 5692 (ι)
587 5631 715 5694 quantoF
780 5635 813 5698 (3)
831 5629 986 5682 dubitaretur
995 5633 1052 5682 dett.
1103 5629 1170 5680 utus
1182 5627 1298 5694 pascendi
1312 5629 1336 5680 ei
1349 5631 1395 5696 qui
1409 5633 1506 5684 neum
1516 5635 1674 5686 nonoetsor.
1761 5633 1807 5696 (10)
1824 5631 1909 5682 eldad

255 5693 346 5756 quidem
435 5697 467 5760 (4)
489 5697 646 5762 oausam
737 5701 771 5764 (5)
788 5695 1052 5752 subsisterant
1103 5699 1144 5758 (ιι)
1163 5695 1314 5746 deberentF
1388 5701 1432 5764 (ιι)
1451 5701 1635 5754 debebantur-3
1711 5705 1754 5760 tte)
1772 5697 1913 5750 vestariaF

254 5761 284 5824 (ι)
300 5761 435 5814 murtiedd.
514 5765 547 5828 (ι)
565 5765 748 5818 εοεεειειετΓ
815 5769 847 5832 (8)
866 5765 995 5830 outigltur
1004 5767 1051 5818 del.
1104 5767 1147 5824 (ιι)
1165 5779 1214 5828 que
1227 5767 1270 5814 ios.
1287 5765 1406 5828 (similiter
1422 5771 1545 5838 Geburor)
1649 5769 1693 5832 (tt)
1712 5769 1740 5818 id
1752 5779 1800 5816 ose:
1817 5763 1908 5814 liberio

256 5839 294 5882 nur
312 5845 367 5880 euru
468 5833 503 5894 (9)
521 5833 703 5898 ntpeeorisad
718 5849 807 5900 aquam
821 5833 939 5902 adpulsus
958 5837 983 5884 et
1001 5849 1052 5884 ser·
1102 5831 1310 5884 nostroaliufina
1807 5845 1810 5860 ⁵
