4366 6258
243 393 285 442 ns
306 389 517 438 nxcurrroun
539 391 595 436 nnr
616 391 798 438 1111111111
1037 367 1100 438 itt
1622 363 1814 430 XXXXIIH
1840 373 1866 430 1.
1886 373 1905 430 2

244 577 289 634 pro
303 557 404 610 minore
417 555 509 622 viginti
522 555 638 622 quinque
650 553 726 608 1111111
742 551 957 622 circumscripto:
976 551 1047 620 quod
1133 547 1172 606 ia
1196 553 1371 608 Marcianus
1392 553 1461 608 titre
1483 549 1560 604 tertio
1584 545 1685 600 decimo
1709 545 1905 626 institutionum

243 631 264 686 si
281 627 405 692 deceptus
424 625 459 676 sit
475 623 504 676 in
521 637 557 688 re,
575 629 641 674 tunc
657 637 707 674 nec
723 621 782 690 ipse
798 627 862 676 ante
874 625 957 676 habet
971 619 1046 674 auxi·
1098 617 1195 670 Omnes
1214 621 1395 688 exceptiones,
1418 633 1488 688 quae
1505 631 1550 670 reo
1569 617 1733 682 competunt,
1756 613 1905 668 fideiussori

243 699 315 756 lium,
341 707 420 760 quam
440 691 581 744 restitutus
603 687 700 754 fuerit,
722 705 773 744 nec
792 685 942 744 fideiussori
959 685 1048 742 danda
1097 701 1150 754 quo
1170 687 1300 742 ucetiam
1316 687 1397 742 insito
1415 701 1461 742 reo
1480 685 1642 754 competunt.
1728 749 1734 760 Ι

243 769 281 820 ep
297 759 427 828 exceptio.
1132 701 1172 810 23
1192 751 1310 808 Pennus
1325 755 1393 832 libro
1410 753 1546 826 simpulum
1562 751 1596 808 dc
1612 751 1783 830 conceptione
1799 747 1905 830 forinu-

275 825 392 888 sinen
410 825 478 880 libro
497 829 594 892 quarto
613 823 713 880 decimo
735 823 774 878 ud
788 821 926 878 Plautium
961 821 1047 876 Nemo
1098 821 1185 874 lurum
1219 819 1398 888 Exceptrones
1416 827 1587 892 opponuntur
1608 823 1656 874 aut
1672 833 1735 888 qma
1752 817 1852 872 factum
1869 823 1906 872 srt

243 895 396 970 prohibetur
412 891 534 964 pluribus
549 893 750 960 exceptionibus
764 891 812 956 nti,
830 889 948 960 quamvis
962 889 1048 944 direr—
1097 885 1678 958 ((1οά111111111111111111111111111111111
1709 885 1764 942 uod
1778 883 1836 940 fleri
1850 901 1906 940 uon

244 981 285 1024 sae
302 965 390 1018 sunt¹.
1097 955 1229 1026 oportuit,
1253 961 1302 1010 aut
1323 957 1385 1024 quia
1402 957 1504 1012 iactum
1520 973 1575 1012 non
1592 957 1627 1012 sit
1643 905 1790 1028 1111111111
1807 953 1905 1010 debuc-

274 1027 679 1090 eminentissimorum
704 1027 869 1098 dr'pestorum
908 1025 971 1080 Non
994 1025 1046 1078 uti·
1097 1031 1148 1080 rat.
1184 1025 1247 1096 quia
1263 1023 1365 1078 iactum
1383 1031 1431 1092 est,
1450 1027 1522 1094 quod
1538 1027 1598 1082 lieri
1615 1025 1745 1096 oportuit,
1763 1025 1842 1080 datur
1860 1039 1905 1078 ex-

244 1117 290 1172 que
308 1099 474 1178 existimatur
492 1097 613 1178 copfiteri
632 1099 669 1180 de·
679 1095 827 1174 intentione
845 1093 1047 1150 1111111111112
1098 1093 1186 1164 ceptio
1203 1093 1244 1148 rei
1260 1093 1381 1148 venditae
1400 1095 1818 1176 1111111111111111111111111
1844 1095 1905 1176 quia

244 1169 1047 1300 11111111111111111211111·1111111
1097 1161 1906 1304 111111111111111111111111111111

244 1303 406 1360 Modestinus
424 1303 574 1370 respondit:
598 1317 642 1356 res
664 1301 735 1354 inter
758 1297 824 1354 alios
847 1299 965 1354 iudicata
988 1301 1046 1356 aliis
1097 1301 1227 1356 bonorum
1244 1299 1421 1370 possessionis
1442 1315 1496 1354 non
1514 1301 1599 1356 datae.
1814 1319 1815 1322 ¹

244 1369 596 1436 consistermus,
621 1369 1047 1438 contraqucmindicatumest,
1132 1365 1170 1426 21
1196 1369 1350 1426 Nanassos
1375 1369 1443 1424 libro
1490 1375 1569 1426 uario
1595 1373 1811 1428 membranarum
1855 1371 1906 1428 Rei

244 1445 316 1496 heres
335 1439 464 1492 exstiterit
482 1437 519 1502 ei,
544 1441 737 1504 contraquam
758 1435 825 1490 nibil
847 1437 1047 1506 pronuntiatum
1097 1439 1206 1494 maioris
1222 1437 1352 1508 pecuniae
1368 1437 1462 1506 praeiu
1482 1435 1559 1492 'cium
1577 1437 1635 1494 ficri
1657 1439 1773 1506 ridetur,
1796 1457 1857 1498 cum
1874 1459 1906 1496 ea

244 1513 293 1574 est,
316 1507 504 1560 hereditariam
527 1505 550 1558 ei
569 1507 642 1560 litem
657 1505 783 1560 inferenti
800 1507 948 1574 praescribi
965 1523 998 1562 ex
1016 1523 1048 1562 ea
1099 1509 1220 1576 quaestio
1236 1507 1265 1562 in
1281 1507 1409 1562 iudicium
1426 1505 1577 1576 deducitur,
1595 1525 1663 1578 quae
1680 1511 1722 1564 sel
1739 1515 1797 1566 tota
1813 1511 1855 1566 rel
1872 1525 1905 1564 ex

243 1577 370 1630 sententia
392 1591 485 1642 posse,
515 1591 594 1642 quam
621 1573 729 1642 proprio
757 1575 864 1630 nomine
887 1577 1046 1646 disceptans,
1098 1577 1188 1644 aliqua
1227 1581 1285 1630 arte
1308 1575 1455 1632 communis
1477 1579 1518 1630 est
1541 1577 1690 1644 quaestioni
1706 1579 1740 1634 de
1756 1595 1785 1634 re
1802 1579 1904 1636 maiori.

244 1651 381 1710 antequam
398 1645 475 1696 heres
494 1643 633 1708 exstiterit,
652 1643 764 1712 excepit.
1133 1643 1173 1702 22
1220 1659 1314 1700 nunus
1337 1645 1404 1700 libro
1428 1643 1566 1714 111191111νί
1589 1645 1623 1700 dc
1643 1647 1727 1702 uart'r's
1750 1649 1906 1702 lectionibus

276 1709 310 1766 11
338 1711 417 1764 iarn
440 1711 450 1766 1
456 1711 507 1766 'tro
534 1711 612 1766 tertio
639 1711 739 1766 demuto
764 1729 955 1786 responsorum
996 1713 1047 1782 Qui
1097 1715 1229 1784 Exceptio
1247 1719 1289 1768 est
1306 1713 1435 1778 condicio,
1454 1727 1522 1780 quae
1538 1711 1617 1768 modo
1636 1715 1726 1768 eximit
1740 1731 1816 1770 reum
1831 1717 1904 1770 dam-

244 1777 352 1858 adqnitis
371 1777 565 1844 instrumentis,
590 1779 666 1848 quasi
682 1795 745 1834 vera
764 1787 866 1846 essent,
890 1781 968 1836 solvit
985 1787 1047 1852 post
1100 1789 1110 1838 i
1148 1783 1269 1848 natione,
1298 1783 1376 1836 modo
1400 1781 1494 1836 minuit
1517 1781 1719 1838 damnationem.
1755 1783 1905 1854 Replicatio

243 1853 397 1904 scrrtentram
414 1849 519 1912 iudicis,
538 1863 645 1918 quaero,
663 1849 687 1904 si
699 1855 794 1918 postea
809 1851 915 1920 cognita
927 1851 965 1904 rei
977 1849 1045 1906 veri·
1095 1855 1139 1906 est
1157 1849 1292 1906 contraria
1309 1849 1438 1920 exceptio,
1457 1849 1541 1918 quasi
1551 1849 1714 1918 exceptionis
1733 1853 1861 1922 exceptio.

243 1919 295 1968 tate
318 1921 345 1970 et
366 1915 477 1984 repertis
497 1915 574 1972 falsis
595 1917 777 1972 instrumentis
795 1933 923 1974 accusare
939 1919 1002 1972 velit
1020 1923 1047 1972 et
1132 1917 1172 1978 23
1190 1921 1290 1974 Lerne
1306 1921 1374 1976 libro
1391 1921 1470 1976 sexto
1482 1917 1620 1990 pitbuuoa
1638 1935 1655 1972 o
1673 1917 1759 1974 Paulo
1777 1921 1905 1990 epitomu-

243 1983 353 2052 probare
371 1983 440 2038 falsa
458 2001 516 2038 esse
532 1985 720 2052 instrumenta,
742 2003 775 2042 ex
793 1989 890 2056 quibus
908 1987 1045 2042 convenie-
1098 1993 1186 2044 teroem
1220 1987 1334 2044 Paulus:
1353 1987 1445 2056 siquis
1457 1987 1764 2058 statuaminmunicipic
1776 1993 1905 2044 semente

244 2055 332 2128 batur,
356 2069 416 2106 curn
440 2053 621 2108 instrumentis
639 2055 836 2124 subscripserat
854 2071 886 2108 ex
902 2059 1046 2122 praecepto
1097 2057 1201 2124 posuit,
1229 2063 1260 2112 ut
1280 2071 1313 2110 ea
1333 2055 1470 2126 municipii
1491 2059 1572 2120 esset,
1597 2059 1624 2110 et
1646 2071 1704 2110 eam
1727 2059 1818 2124 petere
1841 2057 1905 2122 vult,

244 2135 294 2172 arse
306 2119 513 2196 'interlocutione
529 2119 637 2186 iudicis,
660 2137 696 2176 an
712 2123 888 2190 praescriptio
907 2123 932 2176 ei
949 2121 1047 2190 opponi
1097 2123 1204 2178 excludi
1226 2139 1286 2178 cunr
1310 2129 1415 2192 oportet
1436 2123 1646 2194 praescriptione
1665 2123 1695 2176 in
1713 2121 1815 2176 iactum
1833 2125 1905 2176 data.

244 2189 343 2254 possit?
371 2203 432 2242 cum
450 2193 476 2242 ct
492 2187 684 2258 principatibus
706 2189 941 2244 constitutionibus
962 2191 1047 2244 mani·
1132 2189 1172 2248 24
1190 2191 1446 2248 nuenarianam
1463 2191 1530 2246 libro
1547 2195 1626 2246 scuto
1643 2191 1710 2244 iuris
1727 2191 1905 2260 epicureorum

244 2255 441 2332 iesteravetur,
459 2257 508 2312 etsi
525 2273 568 2310 res
585 2257 702 2310 iudicata
720 2263 791 2312 esset
809 2273 841 2312 ex
858 2257 933 2312 falsis
947 2257 1047 2312 instru·
1097 2259 1182 2314 Filius
1199 2259 1311 2314 familias
1326 2259 1510 2330 exceptionem
1523 2257 1694 2314 iurisiurandi
1707 2257 1779 2328 patri
1794 2257 1906 2326 quaerit

243 2327 341 2386 mentis,
360 2323 384 2380 si
401 2329 495 2394 postea
512 2323 582 2378 falsa
597 2325 774 2392 inveniantur,
792 2341 842 2380 nec
859 2325 898 2380 rei
912 2325 1047 2380 iudicatae
1097 2327 1120 2380 si
1138 2343 1198 2382 eum
1216 2329 1279 2382 dare
1296 2343 1350 2382 nou
1367 2335 1491 2396 oportere
1508 2327 1642 2382 iuraverit.

244 2391 474 2460 praescriptionem
486 2393 594 2462 opponi.
611 2391 779 2448 Modestinus
791 2393 929 2464 respondit
941 2393 975 2448 ob
987 2395 1047 2460 hoo,

244 2459 311 2528 quod
326 2477 373 2530 per
387 2477 503 2516 errorem
517 2461 615 2516 solutio
628 2461 699 2514 facta
712 2461 771 2516 est⁴
788 2461 830 2514 vel
844 2461 932 2516 cautio
946 2459 979 2516 de
993 2461 1047 2516 sol·

245 2527 324 2584 sendo
329 2529 494 2652 fiulterpdpsita
505 2529 663 2598 proponitur
674 2545 708 2584 ex
719 2529 761 2584 his
773 2529 964 2650 ilrrstrumentis,
979 2545 1047 2598 quae
1468 2535 1498 2596 Π
1506 2535 1536 2596 ¹⁰,

244 2611 311 2652 nuuc
341 2613 398 2650 asa
431 2599 542 2662 'cuntur
578 2599 678 2652 raescri
697 2599 764 2652 tioni
787 2615 864 2652 ocum
878 2615 932 2652 non
947 2613 1013 2654 esse.
1637 2629 1638 2632 ¹

278 2661 315 2718 12
338 2665 483 2720 uterinus
504 2615 577 2720 le'brrlaJ
591 2615 745 2734 tripenlrlimo
764 2669 858 2720 octauo
880 2665 917 2718 ud
933 2665 1047 2720 edictum
1217 2635 1263 2686 DE
1280 2633 1503 2686 ΕΧΟΕΡΤῙΟΝΕ
1520 2635 1580 2684 REI
1596 2631 1791 2684 IUDIGATAE'

244 2733 405 2788 Generaliter
427 2731 456 2786 in
473 2731 642 2800 praeiudiciis
659 2733 681 2786 is
700 2731 800 2788 actoris
817 2737 907 2800 partes
926 2733 1047 2798 sustinet,
1135 2731 1149 2788 1
1175 2731 1320 2788 Uarianos
1340 2733 1408 2788 libro
1431 2733 1548 2788 secundo
1573 2731 1611 2786 ud
1627 2731 1741 2786 edictum
1777 2731 1843 2784 Cum
1864 2747 1908 2786 res

244 2801 286 2870 qui
308 2801 390 2854 babet
409 2801 585 2854 intentionem
607 2799 752 2854 secundnm
773 2799 801 2854 id
819 2799 891 2868 quod
906 2799 1021 2854 intendit
1029 2803 1047 2854 ⁵.
1098 2799 1169 2854 inter
1183 2801 1249 2856 alios
1263 2801 1398 2856 iudicatae
1409 2801 1512 2854 nullum
1524 2799 1582 2854 aliis
1614 2797 1787 2854 raeiudioium
1799 2797 1908 2864 faciant,

278 2863 314 2924 13
343 2869 359 2922 I
364 2883 487 2922 UtInNUs'
515 2869 584 2924 libro
614 2869 855 2938 quinquepeuse'mo
885 2869 1048 2938 clipeatorum
1100 2881 1133 2920 ex
1150 2881 1182 2920 eo
1199 2873 1371 2932 testamento,
1395 2869 1442 2920 ubi
1457 2869 1566 2922 libertas
1604 2871 1649 2920 ata
1665 2869 1735 2920 est¹¹
1759 2865 1801 2920 sel
1821 2867 1909 2932 legato

244 2935 270 2992 Si
287 2941 348 3006 post
364 2935 438 2990 litem
457 2935 489 2990 de
506 2935 654 2990 hereditate
671 2941 849 2990 contestatam
870 2951 912 2990 res
930 2935 1049 3004 singulae
1100 2935 1143 3002 agi
1164 2939 1265 3004 potest,
1288 2935 1351 2990 licet
1367 2941 1477 3004 ruptum
1493 2935 1535 2990 vel
1550 2935 1655 2988 irritum
1673 2937 1719 2988 aut
1738 2947 1792 2986 non
1809 2933 1909 2986 iustum

244 3011 372 3074 petantur,
410 3005 480 3058 lacet
493 3019 546 3058 non
560 3005 666 3070 obstare
680 3004 864 3072 exceptionem
878 3003 959 3072 ‘quod
971 3019 1048 3074 prae·
1100 3003 1206 3056 dicatur
1225 3007 1425 3058 testamentum:
1451 3019 1500 3056 nec
1523 3001 1546 3058 si
1569 3007 1711 3072 superatus
1735 3001 1816 3056 1111111
1837 3001 1908 3070 lega-

244 3021 681 3128 111111111111111111111111111
698 3071 785 3124 futuri
797 3071 867 3124 enim
878 3071 975 3138 iudicii,
995 3087 1050 3124 non
1100 3069 1194 3134 tarint,
1212 3069 1404 3138 praeiudicium
1420 3069 1538 3124 libertati
1554 3069 1593 3124 fit.

244 3141 306 3196 lacti
323 3141 429 3196 nornine
445 3139 597 3194 huiusmodi
611 3139 779 3208 exceptiones
795 3143 965 3208 comparatae
977 3143 1049 3194 sunt.
1134 3133 1153 3192 2
1171 3137 1252 3190 torn
1271 3137 1339 3192 libro
1358 3139 1436 3190 tertio
1454 3139 1556 3192 decimo
1574 3137 1742 3192 meledictum
1778 3135 1830 3204 tini
1848 3151 1910 3190 cunr

277 3207 315 3264 14
341 3209 494 3262 1111111111
523 3205 613 3262 idrus
639 3207 706 3262 libre
736 3205 855 3260 secundo
884 3205 1048 3276 clipeatorum
1099 3203 1197 3258 herede
1214 3205 1270 3258 eius
1289 3205 1349 3272 egit,
1367 3205 1412 3272 qui
1429 3203 1542 3258 filinrn¹²
1559 3205 1740 3274 praeterierat,
1768 3209 1794 3258 11
1811 3219 1908 3274 excep-

245 3277 324 3332 l'ihus
347 3275 463 3328 familias
482 3275 642 3344 peculiarem
659 3289 764 3328 servum
781 3273 911 3340 vendidit,
934 3273 1050 3340 pretium
1099 3271 1173 3326 tione
1190 3277 1337 3326 summotus
1354 3277 1395 3326 est
1412 3275 1454 3326 ‘ao
1472 3271 1494 3326 si
1511 3289 1565 3328 non
1578 3271 1607 3326 in
1621 3287 1653 3326 ea
1666 3289 1749 3328 causa
1762 3271 1815 3326 sint
1829 3271 1909 3326 tabu-

244 3345 383 3414 stipulatos
402 3349 456 3396 est:
474 3343 497 3396 is
515 3343 593 3396 horno
611 3342 759 3396 redhibitus
776 3345 804 3394 et
820 3347 915 3410 postea
929 3345 1049 3394 mortuus
1100 3339 1327 3404 ι11111111111111,
1344 3343 1374 3392 ut
1390 3343 1484 3394 contra
1498 3353 1542 3394 eas
1555 3341 1686 3396 bonorum
1701 3341 1835 3408 possessio
1850 3339 1909 3394 dari

245 3421 290 3468 est.
325 3419 351 3466 et
373 3409 546 3480 (1111111111τ
569 3411 710 3480 pecuniam
734 3409 768 3464 ab
792 3413 912 3478 emptore
931 3409 1048 3478 petebat,
1100 3409 1216 3474 ‘possit’r
1241 3407 1376 3486 omittente
1398 3405 1563 3476 emancipato
1582 3407 1636 3462 filio
1652 3409 1784 3462 bonorum
1796 3423 1907 3530 posses·

245 3497 321 3550 quam
338 3481 408 3534 iilius
426 3479 569 3548 stipulatus
587 3483 651 3534 erat.
686 3477 789 3546 placuit
810 3493 924 3530 aeuum
946 3479 1050 3532 esseio
1100 3475 1201 3530 sionem
1218 3489 1272 3528 non
1288 3489 1326 3526 rm
1343 3489 1377 3528 ue
1394 3475 1561 3540 restituetur,
1583 3481 1615 3528 ut
1637 3481 1699 3544 agat
1720 3493 1780 3532 cum
1817 3475 1908 3532 erede:

245 3551 342 3604 lactum
360 3563 423 3602 exce
442 3547 541 3602 tionem
553 3561 620 3600 eum
638 3545 756 3600 obicere:
782 3493 863 3624 ‘quoa
883 3545 997 3612 pecunia
1014 3545 1048 3598 ob
1100 3547 1128 3596 et
1145 3541 1184 3596 ita
1201 3541 1320 3596 Iulianus
1349 3541 1406 3596 'bro
1424 3547 1519 3610 quarto
1537 3541 1697 3610 digestorum
1708 3545 1729 3578 ¹³
1747 3545 1861 3616 scripsit.

245 3617 382 3670 ‘hominem
398 3565 474 3668 ruffin
492 3613 656 3682 expromissa
677 3619 731 3680 est,
755 3629 801 3682 qur
821 3613 969 3666 redhibitus
990 3613 1048 3668 est’.
1136 3607 1185 3666 311
1202 3609 1282 3664 Inuus
1300 3609 1367 3688 libro
1389 3611 1602 3688 quintodecimo
1624 3613 1792 3668 adralistum
1826 3613 1908 3666 Iulia-

279 3683 316 3740 15
339 3685 482 3738 turinnes
505 3681 572 3738 libro
594 3685 691 3754 quarto
715 3681 752 3736 ud
779 3679 899 3736 Urseium
921 3681 1049 3736 Ferocem
1101 3693 1152 3732 nus
1174 3679 1242 3734 libro
1265 3681 1344 3734 tertre
1372 3677 1535 3748 digestorum
1562 3679 1699 3750 respondit
1726 3681 1908 3750 exceptionem

245 3753 377 3808 Adversus
390 3751 572 3820 exceptionem
585 3751 756 3806 iurisiurandi
768 3749 906 3820 replicatio
921 3749 976 3802 doli
987 3749 1051 3804 mali
1100 3747 1140 3802 rei
1157 3745 1292 3802 iudicatae
1309 3747 1428 3812 obstare,
1453 3747 1575 3816 quotiens
1592 3749 1683 3804 eadem
1701 3751 1821 3820 quaestio
1838 3749 1909 3806 inter

246 3839 297 3876 non
314 3823 393 3874 debet
410 3819 481 3884 dari,
504 3835 565 3874 cum
580 3823 689 3888 praetor
704 3819 732 3872 id
750 3833 828 3886 agere
847 3817 938 3882 debet,
960 3833 994 3874 ue
1017 3817 1050 3872 de
1100 3815 1208 3870 easdem
1228 3829 1356 3884 personas
1379 3821 1532 3870 revocatur:
1562 3821 1587 3870 et
1613 3817 1673 3874 ideo
1700 3825 1728 3874 et
1751 3819 1774 3874 si
1796 3819 1907 3886 singulis

245 3889 411 3944 iureiurando
431 3887 587 3956 cuiusquam
605 3891 756 3956 quaeratur.
1099 3883 1179 3940 rebus
1202 3883 1291 3952 petitis
1313 3883 1488 3938 hereditatem
1510 3889 1585 3952 petat
1611 3887 1653 3940 vel
1676 3891 1782 3952 conus,
1811 3901 1907 3956 excep-

280 3955 317 4012 16
335 3957 503 4010 Arnrcnnus
524 3955 591 4010 libro
613 3957 684 4010 nouo
706 3955 893 4024 quaestionum
926 3953 1050 4012 Fundam
1100 3953 1173 4008 111111
1190 3951 1404 4006 summovebitur.

247 4027 378 4078 Titianum
395 4023 531 4094 possides,
557 4023 588 4078 de
607 4023 681 4078 cuius
699 4023 863 4094 proprietate
879 4023 948 4080 inter
964 4039 1006 4078 me
1024 4027 1051 4078 et
1136 4019 1254 4078 4111111
1274 4021 1342 4076 libro
1363 4021 1577 4092 soptuupcusimo
1594 4023 1710 4078 secundo
1733 4023 1770 4078 ud
1792 4023 1907 4078 cuiatem

246 4101 271 4148 te
288 4093 469 4148 conuoversia
486 4099 538 4158 est,
561 4097 588 4146 et
609 4093 667 4148 dico
689 4099 830 4162 praeterea
852 4093 922 4148 siam
938 4091 974 4148 ad
990 4107 1050 4148 eum
1100 4089 1152 4144 Rei
1166 4089 1300 4144 iudicatae
1317 4089 1438 4160 exceptio
1456 4089 1537 4146 tacite
1552 4093 1686 4146 continere
1698 4093 1803 4148 videtur
1816 4107 1907 4146 omnes

247 4177 291 4228 per
308 4163 420 4216 fundum
439 4159 666 4230 Sempronianum,
684 4177 762 4228 quem
774 4165 851 4216 tuum
865 4177 924 4216 csse
937 4165 1050 4226 constat,
1100 4175 1238 4228 personas,
1256 4173 1325 4228 quae
1341 4173 1397 4212 rem
1412 4159 1441 4214 in
1457 4159 1583 4214 iudicium
1600 4159 1730 4216 deducere
1748 4159 1843 4216 solent.

248 4231 342 4284 deberi.
377 4231 401 4284 si
417 4231 488 4282 riam
503 4233 601 4300 petam,
620 4229 802 4298 exceptionem
819 4227 900 4299 ‘quod
916 4229 1050 4298 praeiudi·
1136 4225 1154 4284 5
1177 4227 1257 4282 Inna!
1281 4227 1350 4284 libro
1372 4229 1587 4300 septuopeusc'ueo
1611 4235 1707 4300 quarto
1733 4229 1770 4282 ad
1792 4229 1907 4282 edictum

248 4297 323 4352 ‘cium
339 4297 450 4366 praedio
467 4313 522 4352 nou
537 4295 593 4350 fiat'
612 4297 703 4352 utilem
716 4297 765 4352 tibi
779 4297 837 4354 fore
850 4297 961 4366 putavit,
978 4297 1050 4352 ride·
1100 4295 1143 4352 De
1160 4297 1252 4352 eadem
1269 4311 1298 4350 re
1316 4311 1395 4366 agere
1410 4297 1515 4352 uidetur
1528 4301 1554 4350 et
1569 4297 1614 4366 qui
1628 4313 1681 4350 non
1695 4297 1787 4352 eadem
1802 4297 1908 4352 11111111

248 4363 306 4420 licet
328 4365 399 4432 quod
423 4381 479 4418 non
502 4365 579 4420 aliter
599 4365 668 4420 viam
692 4367 756 4420 mihi
777 4367 869 4420 deberi
888 4367 1050 4436 probaturus
1101 4369 1175 4432 agat,
1201 4381 1253 4434 qna
1275 4365 1310 4420 ab
1331 4365 1407 4420 initio
1424 4365 1532 4434 agebat,
1556 4365 1698 4420 sedetiam
1716 4363 1740 4420 si
1757 4363 1809 4420 alia
1826 4379 1906 4432 expe-

248 4433 302 4496 sim‚
321 4449 400 4502 quam
416 4433 491 4504 prius
508 4435 675 4504 probaverim
691 4433 804 4490 fundum
816 4435 951 4490 Titianum
964 4451 1051 4490 meum
1100 4435 1194 4500 riatur,
1212 4433 1245 4488 de
1262 4433 1354 4490 eadem
1370 4439 1460 4490 tamen
1476 4451 1518 4490 re:
1540 4439 1571 4488 nt
1586 4440 1653 4504 puta
1670 4433 1694 4488 si
1710 4433 1769 4502 quis
1787 4433 1906 4488 mandati

248 4515 310 4556 esse.
1101 4507 1225 4568 acturus,
1252 4519 1312 4558 cnm
1334 4503 1359 4558 ei
1380 4503 1546 4560 adversarius
1569 4501 1675 4558 iudicio,
1690 4501 1801 4558 sistendi
1825 4517 1907 4558 causa

281 4567 456 4626 11111111
476 4571 776 4642 libroseptuopensimo
797 4573 963 4628 meledictum
998 4573 1051 4626 Sed
1100 4573 1278 4640 promisisset,
1303 4579 1413 4642 propter
1441 4573 1551 4628 eandem
1578 4585 1634 4624 rem
1656 4575 1718 4640 agat
1740 4569 1906 4640 negotiorum

248 4637 967 4718 1111111111,111111111111111Τ111111111111111111,
989 4641 1051 4710 quia
1101 4647 1235 4708 gestuum
1256 4640 1298 4696 vel
1320 4641 1455 4708 condicat,
1478 4641 1512 4696 de
1529 4639 1667 4696 eademne
1684 4639 1747 4732 opit.
1781 4643 1905 4708 recteque

250 4711 273 4756 ct
289 4705 393 4762 diuersa
410 4723 525 4776 corpora
542 4713 606 4762 sunt
626 4713 651 4762 et
668 4723 765 4762 causae
782 4711 980 4766 restitutionum
998 4709 1050 4764 dis·
1100 4711 1139 4762 ita
1162 4711 1301 4766 definietur
1322 4725 1383 4770 eum
1406 4711 1511 4766 demum
1532 4707 1574 4762 ‘de
1595 4723 1628 4762 ea
1636 4709 1656 4740 ¹⁵
1677 4723 1707 4762 re
1741 4723 1796 4762 non
1818 4723 1904 4778 agore,

249 4789 332 4844 pares,
350 4791 404 4828 non
420 4773 529 4828 nocebit
545 4777 693 4846 exceptet
1101 4777 1148 4846 qui
1175 4795 1284 4850 prorsus
1311 4795 1368 4834 rem
1388 4777 1474 4848 ipsam
1499 4793 1551 4832 non
1574 4773 1757 4844 persequitur:
1787 4779 1905 4832 ceterum

282 4839 319 4900 18
344 4847 512 4896 Arnrcnnus
536 4843 604 4898 libro
631 4861 701 4898 nouo
728 4847 913 4924 quaestionum
953 4845 1049 4912 Fundi,
1102 4861 1162 4900 cum
1180 4847 1238 4918 quis
1256 4845 1387 4902 actionem
1403 4851 1488 4900 mutat
1505 4849 1532 4900 et
1548 4843 1689 4912 experitur,
1711 4843 1851 4900 dummodo
1870 4845 1904 4900 de

249 4923 323 4974 quern
339 4915 370 4964 tu
386 4909 524 4980 proprium
539 4915 617 4964 tuum
633 4925 692 4966 esse
710 4911 783 4978 dicis,
801 4917 904 4982 partem
919 4919 974 4968 ate
987 4919 1049 4982 peto
1101 4913 1193 4970 eadem
1221 4931 1249 4968 re
1277 4915 1443 4984 experiatur,
1472 4913 1523 4966 etsi
1547 4911 1649 4966 11111111
1673 4925 1770 4980 genere
1793 4913 1904 4968 achonis

250 4981 274 5028 et
299 4979 358 5032 solo
386 4977 466 5032 simul
493 4977 591 5032 iudicio
618 4995 723 5048 quoque
750 4981 882 5032 communi
908 4981 1050 5036 dividundo
1100 4999 1179 5050 quam
1196 4981 1705 5048 1111111111111111111(1111111111.

249 5059 324 5110 agere
346 5047 396 5100 sub
419 5046 513 5102 eodem
533 5047 634 5100 iudice:
658 5047 722 5100 item
743 5047 767 5100 si
788 5047 844 5100 eins
860 5047 948 5112 fundi,
978 5065 1050 5116 ,uem
1134 5047 1806 5118 61311111111111111111111111111111111111
1844 5049 1903 5104 Sin·

248 5115 277 5164 tu
287 5113 425 5194 possideas
441 5119 467 5170 11
481 5131 529 5194 ego
543 5113 681 5194 proprium
692 5129 780 5168 meum
794 5131 852 5170 esse
864 5113 958 5180 dicam,
972 5065 1049 5170 21111-
1099 5117 1167 5186 gulis
1194 5115 1378 5172 controversiis
1400 5115 1516 5182 singulas
1539 5115 1656 5170 actiones
1678 5131 1812 5186 unumque
1832 5117 1902 5172 iudi·

248 5181 289 5236 tus
307 5183 446 5238 condrcere
469 5183 519 5236 tibr
539 5183 629 5236 vehm:
653 5183 801 5250 quaesitum
818 5187 860 5236 est
877 5199 912 5236 111
929 5183 1049 5252 exceptio
1100 5185 1155 5238 cati
1168 5185 1247 5240 finem
1262 5183 1385 5238 sufficere
1397 5181 1529 5252 probabili
1541 5183 1643 5238 ratione
1655 5183 1764 5254 placuit,
1778 5201 1812 5240 ne
1827 5185 1903 5240 ahter

250 5249 326 5316 ‘quod
338 5251 530 5320 praeiudicium
545 5249 627 5304 fundo
641 5251 742 5320 partire
756 5251 813 5306 eius
825 5267 879 5304 non
891 5251 948 5304 fiat’
962 5251 1050 5306 obstet
1099 5251 1194 5308 modus
1215 5251 1301 5306 litium
1324 5251 1514 5320 multiplicatus
1540 5267 1667 5306 summam
1688 5257 1717 5306 at
1734 5269 1769 5308 ue
1790 5251 1902 5320 inexpli-

250 5329 282 5368 an
309 5317 463 5386 deneganda
490 5319 533 5374 sit.
568 5323 595 5374 et
620 5319 763 5388 utrubique
789 5323 868 5388 putat
891 5317 1050 5374 interuenire
1100 5269 1902 5390 11111111111111111111111111111,1111111111111121111111111-

248 5389 396 5504 praetorem
412 5387 508 5442 debere
524 5403 574 5442 nec
590 5387 741 5458 permittere
758 5387 877 5456 petitori,
894 5385 1066 5454 priusquam¹
1099 5387 1293 5442 nuntiarentur.
1326 5401 1420 5454 parere
1438 5401 1501 5454 ergo
1516 5389 1697 5458 exceptionem
1713 5389 1752 5442 rei
1768 5387 1902 5442 iudicatae

267 5467 281 5506 e
296 5455 458 5524 proprietate
476 5461 587 5522 constet,
605 5455 755 5510 huiusmodi
771 5453 876 5508 iudiciis
893 5453 1015 5522 experiri.
1100 5453 1224 5520 frequens
1241 5457 1290 5506 est

250 5623 279 5690 (1)
296 5625 393 5678 sintFt
473 5629 507 5690 (1)
523 5625 712 5680 advesariusi'
782 5627 818 5688 (1)
836 5621 1047 5674 res...obestdet.
1134 5623 1177 5682 (11)
1193 5623 1599 5686 111111.1.11...11.11...11;811.
1611 5633 1822 5680 1.11.11.11...11;
1836 5621 1899 5684 Pap.

250 5693 279 5752 (tl
297 5695 387 5746 estdet.
440 5697 471 5760 (a)
489 5695 630 5746 intenditur
638 5715 683 5746 ser.
737 5697 768 5758 (1)
787 5689 924 5744 alflennsF
974 5695 1006 5754 (1)
1025 5693 1049 5740 11
1100 5689 1303 5740 m...er.-Bas.
1313 5689 1376 5752 51st
1455 5695 1497 5758 (11)
1514 5693 1554 5746 vel
1562 5693 1679 5758 legatum,
1693 5691 1722 5742 de
1730 5689 1845 5740 libertate
1854 5689 1899 5736 ins.

249 5761 523 5830 patareinslpaterscr.
587 5763 620 5828 (8)
637 5767 718 5830 petam
728 5761 765 5814 pu
830 5761 864 5824 (a)
881 5755 1049 5810 reiiudicatos
1100 5759 1144 5818 (11)
1162 5755 1343 5820 emancipatum
1352 5759 1397 5810 ins.
1448 5761 1491 5826 (11)
1510 5763 1699 5828 1112111111
1756 5755 1899 5818 (14)ch

251 5833 384 5884 muratum
393 5851 444 5884 1111
452 5833 514 5884 vidit
524 5831 637 5884 Gaianas
1102 5821 1198 5882 14111.
1265 5827 1308 5890 (ts)
1327 5827 1444 5878 taem.F

1651 5905 1700 5960 89*
