4366 6258
261 369 301 416 ΕΤ
322 363 453 412 norbae:
473 363 715 414 srffonh‘ssonn

1056 347 1113 416 2111

1796 355 1917 416 xilla

939 445 1238 456 n-——n-—n

260 547 348 588 versus
367 529 511 582 debitorem
529 529 674 592 actionem,
693 545 750 582 eam
768 535 899 598 praestetz
917 531 997 584 habet
1015 545 1062 584 au·

260 609 309 656 tem
329 597 486 650 contrariam
503 595 704 664 pignoraticiam
717 599 857 650 actionem.
884 603 910 650 et
925 597 1007 664 magis
1023 601 1063 650 est

259 675 288 724 ut
304 669 435 734 praestet:
460 665 502 716 cui
520 663 588 716 enirn
605 679 659 718 non
677 679 790 730 aequum
807 663 936 718 videbitur
953 665 994 718 vel
1010 665 1063 718 boc

259 737 349 794 saltem
368 731 494 798 consequi
512 739 669 798 emptorem,
689 731 759 798 quod
776 733 833 784 sine
851 731 987 800 dispendio
1005 745 1062 784 cre·

258 801 348 858 ditoris
366 799 485 850 futurum
503 801 562 850 1111

270 865 330 940 ‚39
347 865 366 918 I
369 877 491 918 ouranos
505 865 573 920 libro
587 865 809 942 quinquepest‘mo
822 865 934 934 septimo
948 865 1062 934 11191110-

258 953 315 992 rum
350 933 439 986 Minor
462 931 552 1000 viginti
575 947 690 1000 quinque
713 931 789 984 annis
812 931 923 984 fundum
946 931 1063 982 vendidit

257 1003 342 1064 Titio,
368 1015 426 1052 eum
451 999 535 1052 Titius
554 997 627 1052 Seio:
651 997 737 1052 minor
759 1013 787 1052 se
810 999 837 1050 in
861 1013 892 1050 ea
914 997 1063 1050 venditione

257 1067 483 1134 circumscriptum
513 1065 579 1120 dicit
607 1071 633 1118 et
665 1065 783 1132 inpetrat
809 1067 983 1132 coguitionem
1007 1081 1061 1118 non

257 1143 360 1192 tantum
378 1135 503 1188 adversus
522 1133 634 1198 Titium,
653 1133 796 1186 sedetiam
815 1133 939 1186 adversus
957 1131 1060 1186 Seium:

258 1205 331 1262 Seius
348 1203 503 1270 postulabat
520 1199 591 1270 apud
603 1207 756 1320 praetorem
774 1201 865 1252 utilem
879 1199 930 1252 sihi
944 1199 977 1252 de
993 1199 1061 1252 evic-

259 1273 327 1326 tione
344 1269 540 1336 stipulationem
557 1267 585 1320 in
627 1267 702 1320 itium
719 1267 791 1320 dari:
816 1283 863 1336 ego
881 1267 995 1320 dandam
1011 1283 1061 1336 pu-

239 1335 240 1338 ’
258 1339 352 1392 tabam.
380 1335 516 1404 respondi:
535 1335 633 1390 iustam
650 1351 705 1390 rem
719 1335 794 1390 Seius
812 1335 944 1402 postulat:
962 1349 1024 1388 nam
1040 1335 1062 1388 si

258 1407 279 1460 ei
295 1403 392 1458 fundus
410 1403 544 1472 praetoria
560 1403 708 1472 cognitione
722 1403 827 1456 ablatus
842 1403 929 1468 fuerit,
947 1417 1062 1470 aequum

257 1473 304 1528 erit
335 1487 384 1540 per
408 1471 519 1526 eundem
544 1477 692 1540 praetorem
719 1477 745 1524 et
770 1471 924 1524 evictionem
949 1471 1060 1524 restitui.

259 1547 268 1594 1
305 1539 333 1592 Si
356 1555 446 1594 servus
463 1545 526 1594 tuus
544 1539 636 1592 emerit
652 1539 782 1592 hominem
800 1543 827 1592 et
844 1537 954 1592 eundem
971 1539 1061 1592 vendi-

255 1609 322 1662 derit
338 1607 407 1660 Titio
424 1607 532 1676 musque
548 1607 654 1660 nomine
671 1607 778 1674 duplam
795 1607 944 1674 promiserit
962 1611 988 1660 et
1001 1613 1063 1660 tua

255 1675 390 1730 venditore
414 1675 481 1726 servi
508 1675 649 1742 stipulatus
675 1675 771 1726 fueris:
800 1675 823 1726 si
847 1675 933 1728 Titius
959 1691 1062 1728 servum

254 1741 357 1812 petierit
375 1747 402 1792 et
419 1741 477 1796 ideo
496 1741 582 1796 victus
599 1743 648 1806 sit,
672 1741 743 1810 qnod
767 1757 858 1796 servus
881 1749 942 1796 tuus
960 1743 988 1794 in
1006 1747 1061 1794 tra·

255 1809 338 1864 dendo
357 1807 414 1862 sine
431 1811 566 1864 voluntate
583 1815 630 1864 tua
644 1809 833 1878 proprietatem
847 1809 960 1864 hominis
974 1815 1061 1862 trans·

254 1877 321 1932 ferre
347 1891 402 1930 non
426 1879 572 1946 potuisset,
604 1877 734 1946 supererit
759 1879 915 1932 Publiciana
940 1877 1009 1930 actio
1036 1883 1062 1930 et

252 1949 361 2014 propter
383 1945 435 1998 hoc
458 1945 555 2014 duplae
578 1945 713 2014 stipulatio
738 1945 762 1998 ei
788 1961 841 1998 non
869 1945 1061 2000 committetur:

254 2027 334 2080 quare
357 2013 477 2066 venditor
500 2027 605 2082 quoqne
621 2019 684 2068 tuus
702 2019 822 2080 agentem
839 2019 867 2066 te
884 2029 917 2066 ex
930 2013 1062 2080 ‘stipulatu

253 2081 349 2150 poterit
367 2081 420 2134 doli
437 2081 499 2134 mali
518 2083 672 2148 exceptione
689 2095 862 2134 summovere.
889 2083 954 2134 alias
973 2087 1062 2136 autem

253 2149 275 2202 si
290 2163 381 2200 servus
395 2149 528 2202 hominem
543 2149 634 2202 emerit
649 2155 675 2202 et
684 2149 792 2216 duplam
801 2149 836 2202 sti
855 2149 948 2212 aletur,
965 2149 1060 2202 deinde

253 2229 311 2266 eum
330 2215 475 2268 vendiderit
493 2221 519 2268 et
536 2217 570 2270 ab
589 2221 708 2284 emptore
725 2217 825 2270 evictus
836 2165 934 2268 inerit:
953 2217 1059 2270 domino

252 2281 356 2350 quidem
371 2283 496 2336 adversus
510 2283 672 2338 venditorem
686 2285 714 2336 in
723 2283 837 2338 solidum
847 2285 972 2350 competit
981 2285 1060 2350 11111,

253 2351 364 2416 emptori
379 2365 440 2404 vero
456 2351 582 2404 adversus
598 2351 731 2404 dominum
746 2351 885 2404 dumtaxat
900 2353 933 2404 de
947 2353 1059 2420 peculio.

252 2417 407 2472 denuntiare
425 2433 486 2472 vero
505 2419 537 2472 de
556 2419 683 2472 evictione
701 2425 804 2488 emptor
821 2435 910 2484 servo,
935 2435 989 2472 non
1013 2419 1059 2472 dc·

251 2487 321 2538 mino
338 2487 429 2540 debet:
447 2487 486 2540 ita
503 2487 573 2540 enim
590 2487 673 2542 evicto
692 2487 796 2542 homine
814 2487 913 2540 utiliter
930 2487 961 2540 de
978 2503 1059 2556 pecu·

251 2553 285 2608 lio
305 2569 383 2622 agere
399 2555 510 2622 poterit:
536 2557 577 2608 sin
601 2561 689 2608 autem
710 2569 801 2608 servus
821 2555 977 2620 decesserit,
995 2559 1060 2608 tunc

252 2625 266 2674 2
301 2621 407 2676 domino
426 2623 635 2676 denuntiandum
653 2629 700 2676 est.
737 2623 765 2676 Si
779 2639 796 2676 a
811 2639 852 2676 me
867 2623 970 2678 bessem
984 2623 1061 2676 fundi

251 2689 359 2752 emeris,
384 2705 400 2742 a
424 2689 492 2744 Titio
518 2691 652 2756 trientem,
680 2689 774 2744 deinde
800 2697 902 2758 partem
926 2691 1061 2744 dimidiam

250 2755 326 2808 fundi
344 2773 360 2810 a
377 2763 404 2810 te
422 2759 480 2826 quis
497 2759 615 2826 petierit:
640 2759 662 2812 si
680 2759 786 2826 quidem
803 2775 836 2812 ex
853 2761 930 2812 hesse
948 2775 1026 2828 quem
1044 2773 1061 2812 a

251 2839 267 2876 a
283 2839 325 2878 me
343 2839 486 2894 acceperas
503 2827 582 2880 semis
596 2827 695 2896 petitus
709 2825 799 2890 tirerit,
818 2827 1059 2880 Τ111111111111-

252 2891 335 2956 bitur,
361 2893 384 2946 si
407 2909 468 2946 vero
491 2893 574 2946 triens
598 2909 675 2962 quem
694 2893 780 2946 Titius
803 2893 852 2946 tibi
869 2893 1016 2948 tradiderat
1034 2899 1061 2946 et

251 2967 357 3014 sextans
376 2977 409 3014 ex
426 2961 502 3014 besse
520 2977 597 3030 quem
614 2977 687 3014 ame
701 2977 843 3028 acceperas
858 2963 957 3028 petitus
971 2961 1059 3026 fuerit,

250 3027 336 3080 Titius
353 3029 459 3096 quidem
476 3043 524 3096 pro
542 3029 651 3094 triente,
677 3045 723 3096 ego
747 3043 795 3096 pro
814 3035 935 3082 sextante
952 3029 1059 3082 evictio-

252 3099 264 3148 3
299 3109 360 3148 nem
377 3097 426 3148 tibi
443 3097 646 3164 praestabimus.
682 3097 762 3148 Pater
780 3097 867 3148 sciens
884 3097 967 3148 filium
983 3111 1061 3148 suum

251 3179 326 3230 quem
350 3163 378 3214 irr
401 3169 534 3230 potestate
557 3163 674 3216 habebat
691 3163 824 3230 ignoranti
842 3165 952 3232 emptori
969 3163 1060 3216 vendi·

249 3231 299 3284 dit:
325 3231 471 3298 quaesitum
497 3236 551 3294 est,
582 3247 617 3284 an
641 3231 776 3284 evictionis
800 3229 906 3284 nomine
928 3235 1059 3284 teneatur.

249 3297 398 3366 respondit:
422 3299 468 3364 qui
489 3299 601 3352 liberum
623 3297 756 3352 hominem
774 3297 861 3350 sciens
877 3297 920 3352 vel
935 3299 1060 3364 ignorans

248 3373 384 3432 tamquam
401 3379 504 3418 servum
521 3365 633 3426 vendat,
657 3365 794 3418 evictionis
818 3365 924 3418 nomine
940 3371 1058 3418 tenetur:

248 3447 330 3502 quare
355 3433 433 3484 etiam
456 3439 546 3500 pater,
569 3433 591 3486 si
609 3433 690 3484 filium
709 3449 786 3486 suum
803 3437 939 3499 tamquam
956 3447 1060 3484 servum

248 3507 264 3556 4
298 3499 453 3564 vendiderit,
470 3499 726 3554 evictionisnomine
740 3499 879 3566 obligatur.
915 3499 1059 3568 (111111111-

247 3571 360 3622 liberum
387 3569 480 3632 tradit,
506 3569 558 3622 nisi
582 3567 677 3622 dixerit
701 3583 760 3620 eum
785 3567 969 3622 statuliberum
993 3583 1059 3632 esse,

248 3643 262 3690 5
299 3637 433 3690 evictionis
450 3637 555 3688 nomine
569 3643 697 3704 perpetuo
713 3637 852 3704 obbgatur.
889 3635 940 3702 11111
955 3649 1059 3688 servum

247 3705 382 3758 venditum
397 3703 479 3756 tradit
494 3709 520 3756 et
538 3703 602 3756 dicit
616 3719 693 3756 usum
707 3703 825 3756 fructum
839 3703 867 3754 11
883 3719 913 3756 ec
924 3703 977 3756 Seii
993 3717 1059 3766 esse,

248 3789 307 3826 cum
323 3771 358 3824 ad
368 3771 552 3838 Sempronium
566 3771 706 3838 pertineat,
722 3769 878 3838 Sempronio
893 3787 971 3824 usum
986 3771 1059 3824 truc-

247 3847 302 3892 1111
320 3843 427 3906 petente
444 3839 553 3908 perinde
570 3843 684 3902 tenetur,
702 3853 735 3890 ac
753 3839 776 3892 si
792 3839 820 3890 in
833 3837 963 3892 tradendo
979 3839 1059 3890 dixis-

248 3915 287 3962 set
304 3923 369 3960 1111
386 3907 489 3960 fructus
508 3907 613 3958 nomine
638 3907 764 3958 adversus
782 3905 871 3960 Seium
893 3921 948 3960 non
965 3907 1057 3958 teneri.

248 3983 273 4030 et
288 3977 309 4028 si
325 3991 354 4028 re
372 3989 434 4028 vera
452 3975 504 4028 Seii
521 3989 586 4028 usus
603 3973 708 4028 fructus
725 3973 815 4036 inerit,
832 3973 950 4042 legatus¹
971 3979 1059 4028 autern

247 4045 291 4108 ite,
310 4051 355 4108 ut,
375 4057 434 4096 cum
452 4043 485 4096 ad
504 4043 593 4096 Seium
610 4045 744 4110 pertinere
762 4043 887 4108 desisset,
911 4043 1059 4110 Sempronii

248 4117 330 4176 esset,
356 4111 511 4180 Sempronio
538 4125 614 4162 nsum
639 4111 757 4164 fructum
782 4117 891 4180 petente
916 4111 1058 4174 tenebitur,

247 4179 306 4234 Seio
326 4183 420 4248 agente
437 4181 511 4232 recte
529 4177 652 4246 defugiet.

280 4245 319 4306 40
338 4249 419 4302 loon
438 4247 506 4300 111111
521 4247 753 4318 quinquepertitae
777 4251 870 4300 octono
894 4245 924 4300 clr'
942 4251 1058 4300 catorum

246 4315 274 4368 Si
296 4317 318 4370 is
344 4315 389 4384 qui
411 4315 476 4368 satis
501 4331 518 4366 a
536 4329 577 4366 me
595 4315 627 4366 de
645 4315 774 4368 evictiooe
791 4315 895 4382 accepit
924 4315 1059 4366 eoduma

246 4399 286 4438 me
310 4381 408 4438 herede
431 4383 571 4450 legaverit,
599 4381 737 4436 confestim
763 4381 934 4438 fideiussores
959 4381 1058 4436 libera·

246 4451 353 4516 buntur,
374 4451 443 4518 quia,
462 4451 567 4504 etiamsi
585 4451 684 4506 evictus
704 4449 784 4502 fuerit
800 4451 834 4504 ab
851 4467 881 4506 eo
898 4451 941 4504 cui
953 4451 1058 4520 legatus

245 4519 341 4584 fuerat,
359 4519 432 4572 nulla
450 4519 577 4572 adversus
595 4519 765 4572 fideiussores
783 4519 852 4572 actio
872 4525 920 4572 est.

279 4585 315 4642 41
338 4585 540 4642 1111111111
557 4587 675 4642 secundo
690 4585 728 4640 cd
742 4585 857 4638 edictum
872 4587 999 4642 aedilium
1013 4603 1059 4642 ca-

245 4655 345 4708 rutium
379 4653 407 4708 Si
425 4653 449 4708 ei
473 4655 518 4708 coi
539 4655 646 4708 11111111
668 4659 696 4708 11
718 4653 827 4720 duplam
851 4655 972 4722 promisi,
998 4671 1059 4710 cum

244 4721 300 4790 ipse
318 4723 409 4776 eadem
426 4723 598 4792 stipulatione
615 4723 680 4776 mihi
697 4723 825 4786 cavisset,
848 4723 926 4776 heres
950 4723 1057 4778 exstite-

244 4791 306 4854 rim,
332 4793 416 4846 evicto
440 4791 546 4846 homine
569 4793 644 4846 nulla
665 4797 743 4860 parte
761 4791 897 4858 stipulatio
917 4791 1058 4846 committi·

244 4861 300 4912 turs
319 4861 491 4926 nequeenim
509 4859 572 4912 mihi
590 4861 674 4914 evinci
690 4859 801 4924 videtur,
821 4875 881 4912 cum
898 4859 1059 4912 vendiderim

245 4939 311 4990 eum,
330 4943 417 4996 neque
435 4927 459 4978 11
477 4929 521 4980 oui
538 4943 580 4982 me
596 4927 783 4996 promissorem
800 4931 972 4996 praestarem,
992 4945 1058 4996 quo-

244 4993 313 5048 niam
339 5011 434 5062 parurn
453 4995 591 5050 commode
608 4995 683 5050 dicar
699 4997 756 5064 ipse
774 4995 838 5048 mihi
856 4995 962 5062 duplam
980 5011 1057 5062 prae·

246 5063 257 5110 1
293 5069 365 5116 stare
389 5063 493 5116 dehere.
529 5065 595 5118 Item
619 5065 642 5118 si
663 5065 770 5118 domino
796 5063 865 5116 servi
881 5065 957 5118 heres
977 5065 1057 5116 exsti-

244 5129 304 5182 terit
328 5137 444 5200 emptor,
470 5131 594 5198 quoniam
613 5131 696 5184 1111111
714 5131 738 5186 ei
755 5149 808 5186 1ο1
826 5137 915 5200 potest
932 5147 981 5186 uec
998 5131 1056 5200 ipse

244 5195 293 5248 sibi
311 5199 416 5252 videtur
433 5197 567 5262 euincere,
594 5215 649 5252 non
668 5199 840 5254 committitur
858 5199 955 5268 duplae
973 5199 1058 5266 stipu-

245 5257 315 5320 latio.
351 5267 393 5320 his
420 5267 500 5334 igitur
526 5267 633 5320 casibus
659 5283 693 5320 ex
719 5274 807 5338 empto
840 5269 969 5336 agendum
999 5269 1057 5320 erit.

245 5331 258 5380 2
293 5333 321 5386 Si
338 5335 370 5398 is,
389 5335 434 5404 qui
451 5333 564 5388 fundum
583 5335 675 5390 emerit
693 5343 720 5390 et
736 5337 801 5390 satis
821 5335 852 5388 dc
869 5337 999 5392 evictiooe
1013 5351 1058 5388 ac-

244 5403 343 5466 ceperit
365 5407 393 5458 11
416 5403 529 5458 eundem
551 5403 663 5458 fundum
686 5403 846 5470 vendiderit,
873 5407 984 5474 emptori
1009 5419 1057 5458 suo

1113 529 1190 580 heres
1214 529 1356 582 exstiterit:
1380 547 1415 584 11
1439 535 1521 586 evicto
1538 533 1620 586 fondo
1639 547 1699 586 cum
1715 529 1917 582 fideiussoribus

1114 609 1190 660 agere
1206 595 1298 664 possit,
1318 597 1460 662 quaeritur.
1487 601 1605 652 existimo
1622 603 1709 652 autem
1723 599 1836 662 utroque
1852 609 1918 646 casu

1113 661 1281 714 fideiussores
1298 663 1391 726 terreri,
1409 665 1533 730 quoniam
1550 673 1577 718 et
1594 681 1653 718 cum
1672 661 1774 718 debitor
1792 659 1917 714 creditori

1113 745 1161 782 suo
1184 729 1260 782 heres
1283 729 1425 792 exstiterit,
1449 731 1535 784 rauo2
1552 733 1680 798 quaedam
1702 731 1771 784 inter
1793 727 1918 782 heredem

1114 801 1140 848 et
1163 795 1335 850 hereditatem
1356 795 1482 862 ponitur³
1499 805 1525 850 et
1541 799 1697 868 intellegitur
1713 795 1797 850 maior
1813 793 1917 848 heredi-

1113 869 1155 916 tas
1181 863 1215 916 ad
1241 863 1385 916 debitorem
1409 865 1557 928 peruenire,
1589 865 1664 932 quasi
1691 865 1778 918 soluta
1802 863 1917 932 pecunia

1113 945 1181 998 quae
1199 929 1344 982 debehatur
1361 929 1507 992 hereditati,
1526 937 1553 982 et
1569 947 1616 998 per
1630 933 1681 984 hoo
1697 931 1783 984 miuus
1797 931 1825 984 in
1839 931 1917 984 bonis

1112 997 1216 1050 heredis
1242 1009 1313 1054 esse:
1339 1001 1365 1048 et
1388 1011 1421 1050 ex
1445 997 1575 1050 conmario
1594 1013 1654 1050 cum
1673 999 1788 1052 creditor
1805 997 1918 1052 debitori

1113 1079 1161 1118 suo
1186 1063 1284 1116 exstitit
1306 1063 1397 1126 heres,
1421 1063 1506 1116 minus
1523 1063 1550 1114 in
1568 1065 1713 1118 hereditate
1730 1069 1828 1120 hahere
1844 1063 1917 1120 vide-

1112 1137 1164 1194 tur,
1181 1135 1316 1198 tamquam
1332 1131 1392 1198 ipsa
1405 1129 1538 1184 hereditas
1550 1131 1639 1184 heredi
1652 1133 1765 1186 solverit.
1785 1135 1840 1186 sive
1854 1147 1916 1198 ergo

1112 1199 1134 1252 is
1161 1199 1206 1266 qui
1229 1199 1261 1252 de
1284 1199 1413 1252 evictiooe
1431 1199 1496 1252 satis
1513 1203 1652 1266 acceperat
1670 1201 1782 1268 emptori
1800 1199 1842 1254 cui
1860 1201 1918 1266 ipse

1113 1267 1266 1320 vendiderat
1287 1267 1341 1320 sive
1365 1271 1467 1336 emptor
1490 1267 1619 1320 venditori
1643 1281 1690 1320 suo
1714 1269 1791 1324 heres
1809 1267 1917 1322 exstite-

1112 1335 1159 1396 rit,
1184 1333 1350 1388 fideiussores
1368 1335 1536 1388 tenebuntur.
1563 1339 1588 1386 et
1606 1333 1628 1386 si
1646 1333 1680 1386 ad
1698 1337 1809 1390 eundem
1826 1333 1914 1390 vendi·

1112 1401 1176 1456 toris
1195 1407 1221 1454 et
1238 1401 1362 1470 emptoris
1379 1403 1512 1456 hereditas
1529 1401 1680 1462 recciderit,
1702 1405 1744 1470 agi
1769 1419 1828 1456 cum
1853 1405 1917 1458 fide-

1112 1469 1258 1524 iussoribus
1275 1469 1381 1540 poterit.

1146 1535 1186 1594 42
1204 1537 1322 1594 Pacuos
1337 1539 1404 1594 libro
1422 1539 1642 1608 quinquepertitae
1659 1537 1917 1594 tertiaedecimae

1112 1605 1141 1660 Si
1156 1621 1284 1676 praegnas
1300 1607 1397 1660 ancilla
1409 1605 1516 1660 vendita
1531 1613 1557 1660 et
1572 1607 1669 1658 tradita
1684 1605 1726 1668 sit,
1740 1605 1824 1660 evicto
1837 1615 1919 1676 partu

1112 1675 1233 1728 venditor
1249 1691 1302 1728 non
1319 1681 1408 1744 potest
1425 1675 1458 1728 de
1475 1675 1600 1728 evictione
1619 1673 1761 1738 conveniri,
1780 1675 1843 1742 quia
1856 1691 1918 1744 par-

1112 1749 1156 1794 tus
1173 1741 1293 1796 venditus
1310 1759 1364 1796 non
1382 1747 1431 1794 est.

1147 1807 1185 1866 43
1204 1809 1347 1864 Iucundos
1368 1809 1435 1864 libro
1454 1807 1674 1878 qutrtqucpcstmo
1692 1813 1785 1862 octono
1803 1807 1919 1878 depasto·

1112 1891 1171 1930 rum
1208 1879 1312 1930 Vaccae
1331 1881 1446 1944 emptor,
1466 1875 1488 1930 si
1503 1877 1599 1930 vitulus
1619 1877 1663 1944 qui
1679 1881 1742 1946 post
1759 1879 1919 1944 emptionem

1111 1951 1190 1998 natus
1208 1951 1248 1998 est
1266 1945 1409 2008 1111111111,
1427 1959 1506 2012 agere
1523 1959 1556 1998 ex
1570 1945 1665 2012 duplae
1679 1945 1849 2012 stipulatione
1865 1959 1920 1998 non

1112 2017 1206 2080 potest,
1225 2013 1293 2080 quia.
1305 2029 1353 2066 nec
1367 2013 1427 2080 ipsa
1441 2029 1491 2066 nec
1505 2011 1686 2066 ususfructus
1701 2011 1839 2066 evincitur.
1857 2027 1920 2064 nam

1111 2079 1183 2148 quod
1200 2081 1310 2134 dicimus
1328 2081 1438 2134 vitulum
1455 2081 1572 2134 fructum
1589 2095 1647 2134 esse
1664 2093 1776 2142 vaccae,
1795 2093 1849 2132 non
1866 2079 1919 2142 ius,

1111 2149 1158 2202 sed
1167 2163 1263 2218 corpus
1280 2149 1499 2212 demonstramus,
1514 2149 1590 2202 sicuti
1604 2147 1772 2216 praediorum
1787 2145 1920 2200 frumenta

1112 2221 1138 2266 et
1155 2215 1243 2270 vinum
1259 2215 1377 2268 fructum
1394 2221 1466 2270 recte
1484 2215 1607 2278 dicimus,
1627 2231 1686 2268 cum
1705 2219 1810 2268 constet
1826 2215 1918 2266 eadem

1110 2281 1176 2336 haec
1194 2299 1246 2338 non
1264 2289 1336 2338 recte
1352 2299 1430 2338 usum
1447 2285 1563 2338 ductum
1580 2283 1715 2350 appellari.

1145 2349 1186 2408 44
1210 2353 1345 2404 Acronus
1372 2351 1440 2404 libro
1463 2353 1578 2406 rccuodc
1602 2353 1765 2422 dipcstcrum
1788 2365 1806 2404 o
1829 2347 1920 2404 Paulo

1111 2421 1314 2488 epitomatorem
1349 2419 1481 2488 Scapham
1496 2435 1550 2472 non
1564 2419 1645 2472 videri
1658 2419 1733 2472 naris
1743 2433 1800 2472 esse
1808 2433 1919 2488 respon-

1111 2489 1150 2542 dit
1168 2503 1216 2542 nec
1235 2487 1377 2556 quicquam
1395 2489 1565 2542 coniunctum
1582 2487 1694 2552 habere,
1712 2503 1775 2540 nam
1793 2487 1920 2554 scapham

1110 2557 1194 2624 ipsam
1212 2569 1260 2624 per
1278 2571 1306 2608 se
1323 2569 1432 2622 parvam
1449 2557 1597 2608 naviculam
1615 2571 1686 2610 esse:
1711 2555 1799 2608 omnia
1822 2559 1920 2620 autem,

1112 2639 1179 2692 qnae
1198 2623 1339 2676 coniuncta
1357 2623 1418 2676 navi
1434 2629 1522 2676 essent
1537 2623 1625 2688 (veluti
1639 2623 1820 2692 gubernacula
1834 2623 1920 2676 malus

1111 2697 1250 2744 antemnae
1267 2693 1371 2756 velum),
1391 2693 1467 2758 quasi
1484 2693 1601 2746 membra
1618 2691 1692 2746 navis
1711 2707 1776 2746 esse.

1145 2757 1185 2814 45
1203 2759 1283 2812 Inoo!
1303 2759 1369 2812 libro
1394 2763 1491 2828 quarto
1514 2761 1545 2812 oh'
1562 2765 1678 2814 ortorum
1696 2777 1713 2812 a
1730 2757 1818 2812 Paulo
1835 2761 1920 2830 epito-

1111 2833 1242 2880 matorem
1277 2825 1329 2892 Qui
1353 2825 1465 2880 fundum
1491 2833 1533 2878 tra
1553 2827 1638 2880 'derat
1662 2827 1782 2896 iugerum
1805 2833 1920 2890 centnm,

1110 2893 1176 2946 does
1195 2895 1276 2948 multo
1295 2893 1407 2962 amplius
1426 2893 1537 2962 emptori
1556 2895 1787 2948 demonstraverat.
1816 2893 1920 2962 siquid

1112 2977 1145 3014 ex
1161 2963 1201 3014 his
1220 2961 1316 3016 finibus
1336 2961 1513 3028 evinceretur,
1530 2977 1579 3028 pro
1596 2963 1716 3016 bonitate
1734 2963 1789 3018 eius
1807 2961 1920 3030 emptori

1111 3029 1301 3098 praestandum
1319 3031 1363 3092 ait,
1382 3031 1500 3096 qrramvis
1517 3031 1545 3082 id
1563 3031 1634 3096 quod
1650 3029 1842 3096 relinqueretur
1858 3043 1920 3082 cen-

1110 3103 1167 3148 tnm
1183 3097 1274 3162 iugera
1289 3097 1409 3148 haberet.

1145 3159 1185 3220 46
1203 3165 1371 3216 Α111111111111
1386 3163 1454 3216 111111
1471 3169 1549 3216 screto
1567 3165 1752 3232 quaestionum
1787 3163 1920 3226 Fundam,

1112 3231 1186 3284 cuius
1211 3247 1277 3284 usus
1302 3229 1406 3282 fructus
1429 3231 1496 3284 Attii
1522 3237 1591 3296 erat,
1616 3231 1679 3282 mihi
1704 3229 1845 3284 vendidisti
1871 3247 1920 3284 nec

1112 3297 1200 3350 dixisti
1222 3313 1299 3350 usum
1322 3295 1439 3350 fructum
1462 3297 1529 3350 Attii
1553 3313 1623 3352 esse:
1649 3299 1720 3350 bunc
1745 3313 1791 3364 ego
1816 3299 1920 3352 Maevio

1111 3365 1230 3418 detracto
1248 3379 1299 3418 usu
1316 3363 1407 3416 fructu
1424 3365 1528 3418 tradidi.
1556 3365 1629 3418 Attio
1648 3365 1735 3432 capite
1750 3367 1851 3418 minuto
1866 3381 1920 3418 non

1110 3433 1146 3484 ad
1162 3447 1211 3496 me,
1230 3433 1277 3484 sed
1295 3431 1329 3484 ad
1346 3431 1535 3500 proprietatem
1552 3431 1759 3486 usumfructum
1773 3433 1860 3486 redire
1874 3435 1920 3496 ait,

1102 3515 1196 3566 ‘neque
1214 3499 1281 3552 enim
1298 3499 1417 3568 potuisse
1436 3499 1560 3554 constitui
1578 3499 1788 3555 usumfructum
1807 3507 1918 3556 1111111-

1110 3583 1182 3634 pore,
1202 3583 1252 3636 quo
1271 3567 1419 3622 alienatus‘⁴
1439 3575 1519 3622 esset:
1538 3569 1586 3622 sed
1602 3583 1681 3636 posse
1699 3583 1740 3622 me
1757 3569 1920 3622 venditorem

1109 3641 1137 3688 te
1155 3635 1188 3688 de
1205 3635 1333 3688 evictione
1351 3637 1505 3700 convenire,
1529 3637 1591 3704 quia
1616 3651 1728 3704 aequum
1752 3637 1787 3690 sit
1810 3637 1920 3690 eandem

1111 3719 1218 3756 causam
1236 3717 1321 3756 meam
1340 3717 1405 3762 esse,
1424 3719 1492 3770 quae
1509 3703 1601 3754 futura
1619 3709 1702 3768 esset,
1725 3703 1749 3756 si
1772 3709 1837 3758 tuuc
1855 3721 1920 3758 usus

1113 3775 1123 3822 1
1160 3769 1264 3824 fructus
1288 3769 1390 3824 alienus
1407 3785 1462 3822 non
1478 3770 1581 3824 fuisset.
1616 3769 1645 3824 Si
1661 3787 1710 3838 per
1727 3771 1842 3826 alienum
1859 3771 1920 3826 iun-

1110 3837 1172 3890 dum
1190 3839 1253 3890 mihi
1269 3837 1339 3890 viam
1357 3837 1534 3902 constitueris,
1553 3837 1688 3892 evictionis
1705 3841 1811 3892 nomine
1827 3845 1855 3892 te
1873 3841 1920 3894 ob-

1110 3905 1187 3974 ligari
1205 3907 1255 3958 ait:
1280 3905 1377 3960 etenim
1395 3919 1447 3974 quo
1466 3921 1545 3970 casu,
1564 3907 1650 3974 siper
1666 3907 1804 3976 proprium
1823 3907 1921 3962 consti¹

1109 3973 1209 4026 tuentis
1226 3973 1338 4028 fundum
1356 3989 1485 4028 concessa
1503 3979 1572 4028 esset
1589 3975 1638 4038 111,
1656 3981 1728 4030 recte
1747 3975 1921 4030 constituere-

1109 4047 1161 4106 tur,
1180 4057 1210 4096 eo
1230 4057 1307 4106 casu,
1326 4041 1414 4110 siper
1431 4041 1546 4096 ahenum
1564 4043 1766 4108 concederetur,
1784 4043 1921 4096 evictionis

1110 4115 1125 4162 2
1161 4110 1346 4178 obligationem
1370 4111 1530 4164 contrahit5.
1567 4111 1632 4162 (lum
1655 4111 1704 4164 tibi
1721 4111 1841 4164 Stichum
1859 4123 1920 4164 ven-

1110 4177 1206 4242 derem,
1221 4177 1276 4232 dixi
1290 4195 1350 4232 enm
1364 4177 1548 4232 statuliberum
1566 4195 1623 4232 esse
1638 4179 1688 4232 sub
1704 4179 1755 4232 hac
1765 4177 1922 4232 condicione

1109 4245 1300 4300 manumissum
1318 4247 1350 4300 ‘si
1367 4247 1442 4300 11111
1460 4261 1493 4300 ex
1510 4247 1710 4312 1111111111,
1734 4247 1758 4300 is
1782 4249 1871 4298 autem
1889 4243 1921 4296 ‘si

1110 4315 1205 4366 ‘Titius
1215 4315 1308 4366 consul
1322 4315 1411 4368 factus
1427 4313 1517 4368 fuerit'
1529 4315 1707 4368 manumissus
1722 4319 1793 4366 erat:
1810 4327 1921 4380 quaere-

1109 4381 1203 4444 batur,
1229 4381 1250 4436 si
1273 4383 1347 4450 prius
1364 4383 1439 4438 navis
1458 4399 1490 4438 ex
1507 4383 1573 4436 Asia
1589 4381 1689 4436 venerit
1707 4397 1739 4434 ac
1756 4387 1819 4450 post
1835 4379 1922 4432 Titius

1111 4451 1204 4504 consul
1229 4449 1277 4504 fiat
1299 4457 1380 4518 atque
1404 4451 1442 4504 ita
1464 4453 1492 4504 in
1516 4451 1663 4504 libertatem
1688 4449 1788 4502 evictus
1811 4447 1860 4526 sit,
1887 4463 1923 4498 11

1110 4519 1245 4572 1111111111
1255 4519 1360 4572 nomine
1369 4525 1493 4572 teneatur
1501 4519 1519 4570 ⁶.
1530 4517 1666 4586 respondit
1675 4531 1728 4570 non
1736 4521 1821 4568 tenen
1829 4517 1920 4568 eum⁷:

1111 4585 1207 4638 etenim
1225 4587 1285 4640 dolo
1304 4587 1373 4640 malo
1393 4593 1537 4654 emptorem
1554 4585 1651 4648 lacere,
1670 4599 1730 4636 cnm
1748 4581 1823 4650 prius
1841 4583 1922 4636 exsti-

1109 4655 1173 4708 terit
1190 4669 1221 4706 ea
1240 4655 1368 4718 condicio,
1388 4655 1485 4722 quam⁸
1503 4651 1637 4706 evictionis
1652 4651 1757 4704 nomine
1772 4649 1921 4704 exsolverit.

1110 4725 1124 4774 3
1160 4721 1267 4774 ltemsi
1283 4729 1345 4790 post
1361 4723 1496 4774 biennium
1514 4721 1623 4774 liberum
1641 4719 1698 4772 fore
1716 4717 1779 4782 dixi,
1798 4719 1843 4786 qui
1859 4723 1923 4786 post

1110 4789 1227 4842 annum⁹
1251 4789 1403 4842 libertatern
1427 4789 1575 4856 acceperit,
1602 4795 1628 4840 et
1651 4791 1713 4856 post
1736 4787 1871 4840 biennium
1894 4789 1923 4842 in

1109 4857 1232 4912 libertate
1241 4859 1261 4888 ¹⁰
1279 4859 1422 4922 evincatur,
1442 4857 1484 4910 rel
1502 4857 1593 4910 decem
1610 4855 1674 4908 dare
1690 4855 1792 4908 iussum
1811 4855 1922 4912 dixerim

1110 4925 1225 4994 quinque
1248 4929 1275 4978 et
1297 4927 1320 4978 is
1344 4925 1434 4978 decem
1460 4925 1581 4996 datisad
1597 4925 1746 4978 libertatem
1763 4927 1923 4996 pervenerit,

1110 4993 1191 5060 magis
1210 5009 1276 5060 esse,
1295 4993 1383 5046 uthis
1402 5007 1506 5062 quoque
1525 4993 1632 5046 casibus
1649 5009 1703 5046 non
1720 4999 1821 5048 terrear.

1147 5059 1284 5118 47111111
1305 5061 1372 5116 libro
1391 5065 1485 5116 octono
1502 5063 1688 5128 quaestionum
1722 5061 1751 5116 Si
1774 5063 1841 5116 duos
1865 5077 1922 5116 ser·

1109 5147 1156 5184 vos
1175 5131 1261 5198 quinis
1279 5147 1296 5182 a
1313 5137 1341 5182 te
1359 5143 1443 5182 emam
1460 5133 1486 5182 et
1504 5143 1596 5182 eorum
1612 5129 1680 5184 alter
1693 5131 1839 5196 educatur,
1856 5131 1923 5184 nibil

1110 5197 1182 5252 dubii
1206 5197 1277 5262 fore,
1302 5199 1366 5266 quin
1389 5203 1462 5250 recte
1481 5213 1511 5250 eo
1529 5197 1635 5252 nomine
1653 5215 1686 5254 ex
1704 5205 1792 5268 empto
1811 5203 1922 5254 actrrrus

1109 5267 1173 5330 sim,
1201 5267 1319 5334 quamvis
1343 5265 1411 5320 alter
1434 5265 1525 5320 decem
1549 5265 1641 5334 (dgnus
1666 5269 1714 5334 sit,
1741 5285 1791 5324 nec
1814 5267 1923 5332 referre,

1110 5335 1252 5404 separatim
1270 5335 1386 5404 singulos
1406 5349 1440 5388 an
1458 5335 1536 5390 simul
1553 5341 1694 5408 utrumque
1712 5339 1827 5392 emerim.

1144 5399 1183 5458 48
1202 5403 1743 5460 ,11111111111-’111111111111111111111111111
1778 5405 1845 5460 Cum
1859 5405 1923 5458 iun·

243 5461 317 5522 heres
343 5471 486 5536 exstiterit,
514 5469 555 5524 vel
579 5485 612 5524 ex
639 5473 771 5526 contrario
800 5477 903 5540 emptor
928 5473 1059 5524 venditori
1083 5471 1087 5532 1
1110 5469 1158 5524 dus
1178 5471 1225 5522 ‘uti
1243 5471 1358 5536 optimus
1376 5471 1559 5540 maximusque
1577 5473 1624 5528 est*
1644 5479 1748 5542 emptus
1767 5479 1807 5526 est
1824 5479 1851 5526 et
1874 5471 1923 5524 ali-

242 5575 586 5596 -ῇ--υ-η--η-μ---ρ-ι-ηιι-
594 5583 669 5592 -ι-

242 5635 270 5700 it)
289 5639 390 5704 legatur
401 5641 438 5692 1²²
538 5643 570 5704 (11
590 5639 703 5690 sectore

243 5703 274 5764 (41
293 5707 391 5758 alienus
404 5711 479 5762 Toor.
548 5715 581 5764 tal
601 5707 782 5758 contrahiedd.
861 5709 894 5770 lo)
914 5713 1056 5758 tenearscr.

243 5773 275 5836 11)
293 5791 349 5824 eum
358 5779 399 5828 del
501 5785 534 5840 (s)
554 5779 638 5840 quam]
649 5791 815 5838 quaemaacr.
917 5781 950 5836 191
968 5775 1058 5836 sipost

841 5583 1063 5592 ——ffl

1214 5583 1261 5590 =—
1446 5585 1491 5592 -.-

807 5643 840 5704 (3)
858 5639 1059 5704 [111111011111111Ἦ
1111 5637 1376 5686 annumlibernmfore
1383 5639 1437 5688 dixi
1450 5641 1493 5704 qui
1501 5647 1558 5706 post
1567 5641 1697 5692 biennium
1704 5641 1833 5692 secundum
1841 5641 1868 5690 B
1874 5655 1920 5692 scr,

1112 5709 1156 5770 (10)
1175 5707 1372 5756 libertatemscr.

1684 5859 1716 5906 36
