4366 6258
1778 349 1811 416 ΙΙ
1836 353 1914 418 1--4

248 379 335 442 quon
347 379 488 438 oniscon
498 377 718 426 1911911111.
730 375 819 424 suar.
832 375 902 422 cnr.
1059 349 1095 422 lt

282 541 317 600 19
341 541 484 598 [laesuros
505 541 573 598 libro
590 545 669 596 999919
684 541 951 610 fideicommissorum
986 539 1053 594 Cum
1103 541 1197 604 nibus,
1224 557 1291 610 quas
1310 557 1342 596 ex
1358 553 1474 610 persona
1492 537 1548 592 eius
1571 535 1680 590 intendo
1688 575 1700 614 ,ι
1721 535 1805 590 hoo¹⁰
1829 535 1915 592 edicto

248 609 468 682 quaedampuella
482 609 554 678 apud
570 613 763 676 competentem
779 607 893 662 indicem
905 607 979 662 litem
993 621 1052 662 sus·
1102 607 1178 662 locus
1196 609 1251 662 sit?
1269 615 1296 664 et
1312 625 1366 664 non
1382 613 1458 678 puto,
1475 619 1583 660 nemea
1598 601 1718 658 condicio
1734 601 1849 682 deterior
1857 603 1914 658 fiat.

249 683 362 748 ceperat,
389 677 483 732 deiude
501 675 678 732 condemnata
696 679 768 742 erat,
786 681 934 746 posteaque
952 675 987 730 ad
1004 675 1053 730 viri
1103 679 1118 728 5
1154 675 1232 744 Quod
1250 681 1338 730 autem
1355 677 1525 746 aitpraetor,
1542 673 1613 730 ntis
1631 671 1723 726 eodem
1739 687 1797 726 rurs
1813 677 1914 738 utatur,

248 745 436 804 matrimonium
446 745 490 798 alii
498 743 963 812 iurisdictionisubiectiperveuerat,
971 757 1051 814 quae·
1103 757 1138 796 an
1163 743 1243 796 etiam
1266 745 1301 798 ad
1318 745 1441 800 heredem
1458 745 1526 800 haec
1543 757 1630 826 poena
1647 741 1865 796 transmittatur?
1889 747 1917 796 et

248 817 364 878 rebatur,
388 829 422 866 an
439 811 535 880 prioris
551 811 648 866 iudicis
672 811 804 866 sententia
827 813 935 882 exsequi
957 811 1051 880 possit.
1104 811 1197 866 scribit
1219 811 1338 866 Iulianus
1361 829 1416 868 nou
1439 815 1526 868 solum
1547 811 1600 884 rpsi
1623 809 1749 878 denegari
1774 809 1914 876 actionem,

249 883 300 940 dixi
315 895 400 950 posse,
427 879 489 946 quia
506 883 569 932 aute
585 877 675 932 iuerat
693 881 825 934 sententia
842 879 928 934 dicta:
956 881 1003 934 sed
1026 885 1053 934 et
1104 883 1119 934 t
1154 879 1202 934 sed
1220 881 1299 934 ctiam
1316 881 1406 934 heredi
1424 881 1488 936 eius.
1514 881 1585 936 Illud
1603 893 1707 950 quoque
1724 895 1779 934 non
1796 877 1854 932 sine
1870 893 1914 932 ra·

248 953 268 1006 si
289 955 348 1018 post
371 951 522 1016 susceptam
545 947 721 1014 cognitionem
743 951 806 1000 ante
824 947 984 1000 seutentiam
1000 949 1052 1002 hoc
1103 947 1176 1002 tione
1199 947 1293 1002 scribit
1315 963 1369 1002 non
1391 949 1478 1002 solum
1499 949 1529 1004 in
1551 949 1594 1006 his
1613 945 1762 1002 actionibus
1780 947 1837 1014 pati
1855 961 1914 1000 eum

249 1017 356 1078 eveniet,
378 1015 447 1068 idem
464 1017 600 1084 putarem,
624 1015 808 1084 sententiaque
825 1029 842 1066 a
859 1015 948 1082 priore
964 1015 1053 1070 iudice
1102 1029 1218 1084 poenam
1242 1015 1335 1080 edicti,
1361 1031 1428 1084 quas
1452 1021 1518 1072 tunc
1541 1017 1636 1072 habuit
1659 1029 1719 1072 cum
1741 1015 1871 1068 incideret
1887 1015 1915 1068 iu

248 1091 315 1142 recte
338 1083 429 1136 fertur.
466 1081 537 1150 quod
572 1083 712 1136 eneraliter
730 1087 756 1136 et
773 1083 801 1136 in
818 1081 942 1138 omnibus
959 1083 1051 1136 huius·
1103 1087 1117 1134 1
1154 1081 1279 1148 edictum,
1295 1099 1386 1136 verum
1401 1083 1424 1136 si
1438 1099 1506 1150 quae
1522 1091 1617 1154 postea
1632 1087 1655 1138 ei
1664 1083 1844 1154 adquirentur.
1871 1083 1915 1136 Ex

251 1159 260 1208 1
296 1149 396 1204 semodi
413 1149 519 1204 casibus
543 1099 737 1204 ohservaudum
762 1153 810 1204 est,
846 1147 974 1216 Quotiens
998 1149 1070 1204 de1'
1103 1151 1154 1204 hac
1179 1165 1263 1204 causa
1280 1151 1396 1204 solutum
1412 1153 1497 1218 repeti
1515 1171 1569 1208 non
1585 1169 1665 1222 posse
1681 1153 1802 1206 lulianus
1820 1155 1913 1220 putat:

249 1219 390 1292 quantitate
400 1217 435 1270 ad
442 1217 651 1272 iurisdictionem
659 1219 808 1286 pertinente
821 1219 967 1284 quaeritur,
983 1231 1051 1272 sem-

248 1291 432 1412 ggssefflrtum
449 1289 556 1354 petatur
574 1285 754 1354 quaerendum
773 1291 825 1350 est,
849 1303 904 1340 nou
922 1291 1053 1354 quantum

279 1421 315 1480 ab
333 1395 451 1476 1119199
471 1423 540 1478 libro
551 1423 645 1492 primo
662 1421 701 1474 ad
717 1419 830 1476 ediciam
865 1423 951 1476 Extra
973 1421 1051 1474 terri-

248 1489 395 1570 tonsorios
413 1489 510 1570 11199911
527 1489 636 1558 impune
653 1505 707 1542 non
723 1495 841 1610 piaretur.
854 1489 939 1570 'idem
957 1493 1007 1554 est,
1024 1493 1052 1542 et

248 1577 267 1614 sr
285 1573 362 1626 supra
378 1557 585 1612 rurudmtmnem
603 1571 679 1612 suam
697 1571 728 1610 19
747 1561 760 1610 t
775 1573 817 1612 rus
836 1559 930 1612 1119919.

614 1695 660 1754 11²

250 1797 332 1852 QUOD
349 1793 496 1850 QUISQUE
512 1793 604 1842 IURIS
619 1795 656 1842 111
671 1793 837 1844 ALTERUM
853 1793 1050 1854 seniensis,

375 1861 419 1912 UT
436 1861 513 1910 IPSE
532 1861 653 1910 EODEM
670 1861 753 1910 Ises
771 1861 914 1912 UTATUR.

281 1957 294 2014 1
318 1957 459 2014 1119111199
474 1959 541 2014 libro
560 1961 639 2014 tertie
656 1959 694 2014 ud
710 1957 825 2014 edictum
857 1959 917 2014 Hoc
935 1959 1051 2014 edictum

248 2041 368 2082 sommam
384 2025 467 2082 habet
483 2027 659 2108 aequitatem,
685 2029 712 2080 et
729 2027 786 2082 siue
803 2029 960 2096 cuiusquam
981 2025 1050 2080 iudi·

248 2095 363 2164 gnatione
379 2095 462 2148 iusta:
488 2113 547 2164 quis
566 2095 635 2148 enim
653 2093 839 2174 aspernabitur
854 2095 924 2148 idem
941 2095 982 2148 ius
1001 2093 1051 2148 sibi

250 2167 260 2214 1
295 2161 355 2226 dici,
383 2161 453 2228 quod
476 2161 534 2230 ipse
557 2161 616 2216 aliis
641 2163 707 2216 dixit
728 2163 770 2214 191
788 2161 840 2216 dici
858 2161 964 2214 effecit?
989 2157 1051 2228 ‘Qui

248 2225 429 2296 ‘magistratum
452 2233 646 2296 potestatemve
667 2227 793 2294 habebit,
818 2229 841 2282 :i
865 2227 929 2298 quid
950 2227 979 2280 in
1002 2227 1050 2282 ali·

248 2293 327 2364 ‘quem
344 2295 404 2350 novi
420 2297 485 2350 iuris
503 2299 636 2362 statuerit,
653 2297 711 2366 ipse
725 2295 883 2366 quandoque
899 2295 1050 2350 adversario

248 2359 399 2432 ‘postulante
407 2363 498 2418 eodem
506 2363 564 2418 iure
574 2365 613 2416 uti
622 2363 708 2418 debet.
728 2365 751 2420 91
760 2363 836 2432 quis³
846 2363 918 2432 apud
929 2363 1050 2432 eum,qui

248 2427 429 2508 ‘magistratum
437 2431 668 2500 potestatemque⁴
677 2431 795 2494 habebit,
806 2431 905 2500 aliquid
914 2431 975 2484 novi
983 2431 1050 2482 iuris

248 2493 1052 2620 ἵ1111111111111111111111111111111

250 2637 276 2686 ut
298 2631 364 2698 quod
388 2633 444 2700 ipse
467 2631 527 2700 quis
550 2631 578 2684 iu
602 2631 711 2686 alterius
728 2647 843 2700 persona
861 2645 975 2700 acquum
993 2645 1052 2686 esse

251 2697 402 2762 credidisset,
419 2699 447 2752 id
464 2699 492 2752 iu
508 2699 592 2766 ipsius
611 2713 716 2818 quroque
731 2713 846 2768 persona
863 2701 951 2752 valere
965 2697 1050 2766 petia

250 2773 262 2820 2
295 2771 343 2818 tur.
377 2767 449 2818 Haeo
467 2771 556 2820 auteur
573 2781 618 2820 ver
638 2783 666 2820 a:
681 2761 763 2836 ‘quod
777 2767 900 2820 statuerit
914 2767 960 2836 qui
973 2765 1051 2818 iuris-

251 2833 351 2888 dictioni
366 2827 483 2902 praeest'
503 2849 564 2886 cum
588 2833 684 2886 effectu
707 2833 867 2902 accipimus,
891 2849 946 2888 nen
968 2833 1050 2886 verbo

249 2907 332 2954 tenus:
356 2905 381 2952 et
397 2899 456 2954 ideo
475 2899 505 2966 si,
526 2917 586 2954 cum
603 2901 681 2954 191191
698 2905 829 2966 statuere,
847 2899 997 2968 prohibitus
1016 2899 1052 2952 sit

251 2983 295 3022 nec
312 2967 430 3020 effectum
449 2967 585 3022 decretum
602 2967 704 3030 habuit,
723 2971 811 3022 cessat
829 2969 951 3022 edictum.
987 2983 1050 3020 nam

251 3035 335 3088 statuit
359 3037 468 3088 verbum
490 3049 546 3088 rem
569 3033 717 3102 perfectam
733 3033 865 3102 significat
883 3041 909 3088 et
927 3049 1050 3088 consum·

251 3107 339 3156 matam
355 3101 490 3166 iniuriam,
516 3117 571 3154 non
589 3107 720 3168 coeptam,
757 3107 783 3154 et
799 3101 858 3154 ideo
878 3103 901 3154 si
917 3103 988 3156 inter
1005 3115 1050 3154 eos

251 3169 303 3238 quis
311 3169 402 3222 dixerit
410 3169 459 3232 ius,
476 3169 547 3222 inter
564 3183 632 3236 quos
648 3167 857 3222 iurisdictionem
875 3185 930 3222 non
947 3169 1050 3232 hahuit,

252 3235 365 3306 quoniam
386 3251 434 3304 pro
459 3235 532 3290 nullo
548 3235 602 3288 hoc
618 3235 734 3288 habetur
749 3249 799 3288 uec
817 3241 857 3288 est
873 3235 928 3288 ulla
946 3241 1050 3290 sentcn-

251 3305 292 3368 tia,
309 3319 408 3358 cessare
426 3301 541 3356 edictum
557 3307 696 3370 putamus:
716 3301 779 3370 quid
795 3303 863 3356 enim
879 3301 955 3356 offuit
970 3319 1050 3358 coua·

251 3377 297 3434 tus,
315 3387 372 3424 cum
388 3369 484 3424 iniuria
500 3369 603 3424 nullum
620 3367 743 3424 habuerit
761 3367 902 3424 effectum?
969 3433 970 3436 Ἴ

282 3435 512 3494 2Ρ19199111199
531 3439 609 3490 tertio
627 3437 795 3506 diudicium
821 3435 880 3490 Hoc
898 3435 984 3490 edicto
1004 3437 1050 3490 do·

251 3507 288 3558 lns
305 3505 379 3558 debet
395 3505 435 3556 ius
453 3503 565 3556 dicentis
583 3503 686 3570 puniri:
709 3517 772 3556 nam
791 3501 816 3556 'si
839 3503 984 3558 adsessoris
1001 3503 1050 3556 im·

267 3571 381 3626 rudentis
396 3571 436 3624 ius
455 3571 532 3622 aliter
554 3571 654 3622 dictum
680 3571 715 3624 sit
737 3583 817 3638 quam
841 3569 973 3636 oportuit,
997 3585 1052 3622 non

251 3589 322 3692 ieta
338 3639 387 3692 hoc
404 3637 568 3706 magistratui
585 3637 702 3700 officere,
721 3637 768 3692 sed
784 3635 836 3706 ipsi
853 3635 993 3690 adsessori.

282 3703 298 3762 3
320 3705 461 3760 Uestinus
481 3703 549 3760 libro
567 3705 645 3758 tertio
662 3703 699 3758 ud
716 3703 830 3760 edictum
864 3703 893 3756 Si
919 3703 978 3772 quis
1000 3703 1051 3756 ini-

1103 1231 1244 1298 superesse
1262 1219 1331 1272 enim
1347 1219 1494 1272 naturalem
1512 1235 1636 1288 causam,
1661 1235 1728 1292 quae
1752 1219 1854 1276 inhibet
1871 1233 1914 1274 re·

1102 1291 1269 1408 1)θῖωὲἘῇ
1284 1353 1352 1408 libro
1364 1353 1456 1424 primo
1474 1351 1512 1432 911
1527 1353 1641 1410 edictam
1649 1357 1820 1428 provinciale
1844 1355 1914 1410 illud

1103 1423 1236 1490 eleganter
1243 1425 1352 1490 praetor
1367 1419 1478 1490 excipit:
1505 1425 1691 1490 praeterquam
1708 1427 1731 1480 si
1748 1425 1806 1494 quis
1823 1439 1914 1480 eorum

1103 1493 1197 1544 contre
1215 1505 1274 1544 eum
1291 1489 1392 1568 iecerit,
1406 1487 1455 1610 equi
1472 1487 1531 1566 ipse
1548 1503 1640 1542 eorum
1657 1493 1720 1560 qmd
1732 1487 1868 1546 iecisset':
1888 1497 1914 1546 et

1101 1561 1189 1620 recte,
1212 1557 1366 1610 1999111991
1388 1573 1404 1610 1
1452 1559 1636 1634 magrstratus,
1662 1561 1724 1614 dnm
1748 1561 1836 1614 studet
1861 1561 1914 1614 hoc

1103 1625 1219 1678 edictum
1236 1623 1394 1688 defendere,
1417 1621 1458 1678 vel
1475 1623 1605 1690 litigator,
1631 1623 1692 1678 dum
1709 1627 1766 1680 vult
1782 1627 1913 1684 beneficio

1101 1691 1181 1772 huius
1205 1691 1285 1746 edicti
1307 1691 1361 1756 uti,
1387 1689 1444 1760 ipse
1466 1689 1495 1744 in
1512 1705 1626 1758 poenam
1643 1693 1725 1758 ipsius
1745 1693 1825 1748 edicti
1842 1711 1914 1750 eom-

1102 1763 1199 1812 mrttat.
1467 1829 1550 1888 mn.

1102 1929 1133 1978 sr
1151 1927 1230 1984 aurs
1248 1895 1914 1982 11199919111119199111911111111.

1137 2025 1152 2084 1
1179 2025 1407 2082 11191119911199
1420 2027 1512 2098 primo
1527 2027 1689 2082 9991191991
1715 2027 1843 2082 Omnibus
1857 2045 1914 2082 ma-

1101 2095 1271 2164 gistratibus,
1289 2099 1449 2150 nontamen
1467 2095 1624 2158 duumviris,
1643 2095 1788 2148 secundum
1805 2095 1847 2148 ius
1902 2127 1914 2138 ·

1101 2163 1206 2216 testatis
1230 2177 1296 2216 suae
1319 2179 1475 2216 concessum
1492 2167 1534 2216 est
1550 2161 1758 2214 iurisdictionem
1775 2113 1914 2216 9119191119-

1105 2235 1115 2282 1
1151 2227 1262 2284 iendere
1286 2229 1393 2298 poenali
1424 2229 1533 2284 iudicio.
1568 2229 1595 2282 Is
1619 2227 1722 2282 videtur
1747 2229 1789 2282 ius
1817 2227 1915 2284 dicenti

1101 2311 1156 2350 uon
1171 2297 1377 2364 obtemperasse,
1396 2297 1443 2366 qui
1457 2295 1529 2376 quod
1544 2293 1915 2362 extremuminiurisdictiqne

1102 2369 1219 2420 estnon
1242 2365 1321 2418 fecit:
1344 2363 1426 2418 veluti
1449 2379 1473 2418 sr
1496 2365 1555 2432 quis
1574 2379 1629 2416 rem
1645 2363 1769 2416 mobilem
1785 2361 1915 2416 vindicari

1101 2449 1119 2486 a
1142 2445 1171 2486 se
1194 2445 1290 2500 passus
1308 2445 1362 2484 non
1380 2437 1435 2496 est,
1460 2429 1507 2484 sed
1526 2431 1588 2484 duci
1605 2447 1662 2484 eam
1678 2431 1800 2484 19119111
1817 2445 1914 2498 passus

1103 2499 1185 2554 est¹³:
1205 2503 1323 2552 ceterum
1340 2497 1362 2550 si
1385 2503 1411 2550 91
1433 2499 1574 2566 sequentia
1595 2497 1741 2562 recusavit,
1767 2503 1833 2550 tuno
1859 2513 1914 2550 non

1102 2569 1117 2620 2
1153 2565 1350 2634 obtemperasse
1367 2563 1488 2618 uestro„
1516 2563 1914 2632 Siprocuratortuusveltutor

1101 2635 1142 2688 vel
1160 2637 1269 2686 curator
1286 2633 1328 2686 ius
1346 2631 1444 2686 dicenti
1461 2647 1516 2686 non
1534 2631 1737 2700 obtemperavit,
1761 2631 1818 2700 ipse
1835 2631 1913 2700 puni·

1102 2705 1116 2754 3
1151 2705 1203 2766 tur,
1222 2715 1276 2754 non
1294 2699 1415 2754 deminus
1433 2699 1474 2752 vel
1492 2699 1616 2768 pupillus.
1643 2699 1704 2754 Non
1722 2701 1808 2752 solum
1826 2705 1914 2752 autem

1100 2783 1184 2832 reum,
1202 2767 1248 2836 qui
1265 2783 1320 2822 non
1337 2767 1535 2836 obtemperavit,
1553 2767 1605 2822 hoc
1622 2767 1707 2820 edicto
1722 2767 1806 2818 teneri
1820 2767 1912 2820 Labeo

1102 2839 1118 2888 4
1152 2835 1205 2902 ait,
1223 2851 1314 2890 verum
1337 2835 1416 2888 etiam
1439 2835 1587 2902 petitorem.
1622 2835 1682 2888 Hoc
1706 2833 1833 2888 iudicium
1859 2851 1914 2888 nou

1102 2901 1182 2956 adid
1200 2901 1271 2972 quod
1288 2901 1411 2966 interest,
1430 2899 1477 2954 sed
1496 2903 1589 2968 quanti
1607 2917 1639 2954 ea
1658 2915 1700 2954 res
1718 2905 1759 2956 est
1777 2901 1913 2956 concludi-

1101 2973 1159 3022 tur:
1187 2975 1292 3022 etcum
1308 2983 1407 3022 meram
1429 2983 1544 3037 poenam
1568 2971 1715 3034 contineat,
1739 2983 1825 3038 neque
1849 2971 1911 3036 post

1102 3051 1201 3090 annum
1218 3049 1304 3106 neque
1321 3037 1349 3088 in
1365 3035 1490 3088 heredem
1508 3035 1596 3088 datur.

1455 3169 1552 3232 Hil't

1327 3271 1372 3318 on
1390 3269 1428 3318 111
1446 3269 1501 3318 199
1520 3267 1685 3320 vocamus.

1138 3367 1152 3424 1
1173 3367 1294 3422 Partus
1308 3367 1374 3422 libro
1391 3371 1491 3448 quarto
1509 3367 1548 3422 ud
1563 3367 1677 3424 edictum
1709 3367 1800 3436 Infius
1817 3385 1914 3424 vocare

1102 3439 1143 3488 est
1159 3435 1224 3488 iuris
1244 3433 1398 3502 experiundi
1417 3449 1499 3488 causa
1516 3451 1620 3490 vocare.

1136 3499 1155 3556 2
1178 3501 1325 3556 1119111119
1346 3501 1415 3556 libro
1433 3503 1527 3570 quinto
1545 3501 1713 3558 9199191911
1747 3503 1779 3556 In
1801 3503 1843 3556 ius
1867 3517 1913 3556 vo·

1103 3569 1158 3622 cari
1181 3583 1237 3622 nou
1260 3573 1365 3636 oportet
1388 3583 1474 3636 neque
1493 3569 1629 3622 9999111991
1645 3583 1730 3638 neque
1747 3569 1914 3638 praefectum

1102 3649 1188 3704 neque
1210 3641 1359 3706 praetorem
1382 3651 1470 3704 neque
1491 3635 1677 3704 proconsulem
1700 3651 1787 3706 neque
1812 3641 1914 3690 ceteros

1102 3703 1288 3772 magistratus,
1312 3703 1358 3772 qui
1373 3703 1514 3772 imperium
1530 3703 1645 3770 habent,
1670 3705 1715 3772 qui
1742 3709 1770 3758 et
1790 3719 1914 3760 ‘coercere

253 3769 857 3838 1111111119911919199199991111991191111,
875 3769 1049 3824 991919911-
1101 3771 1217 3838 aliquem
1241 3775 1356 3838 possunt
1382 3775 1408 3824 et
1432 3769 1525 3824 iubere
1549 3771 1579 3824 in
1605 3787 1738 3826 carcerem
1764 3771 1840 3826 duci:
1865 3787 1914 3826 uec

252 3841 291 3890 tur
305 3839 341 3890 ita
358 3839 468 3900 demum,
487 3837 509 3890 si
521 3851 569 3904 per
580 3835 787 3904 postulationem
801 3835 858 3890 eius
869 3835 921 3890 hcc
934 3837 1048 3890 venerit:
1100 3835 1254 3904 pontificem
1272 3837 1335 3890 dum
1352 3853 1430 3892 sacra
1446 3837 1526 3892 iacit:
1544 3853 1595 3892 uec
1613 3853 1657 3892 eos
1675 3839 1719 3906 qui
1736 3843 1846 3908 propter
1862 3839 1915 3892 loci

252 3907 357 3958 ceterum
374 3903 397 3956 si
413 3903 471 3970 ipso
488 3917 543 3956 nou
560 3903 721 3970 postulante,
738 3919 793 3966 non
812 3907 957 3958 coercetur.
984 3901 1051 3958 sed⁷
1100 3905 1253 3974 religionem
1270 3905 1332 3958 iude
1349 3919 1500 3960 semovere
1517 3921 1572 3960 non
1586 3911 1710 3974 possunt:
1729 3905 1777 3960 sed
1790 3921 1839 3960 nec
1855 3921 1914 3960 eum

252 3971 271 4024 si
284 3971 434 4040 impetravit,
452 3971 507 4024 sive
524 3985 588 4024 usus
608 3977 648 4024 est
664 3971 722 4024 iure
739 3971 836 4038 aliquo,
854 3969 909 4024 sive
924 3971 1050 4040 impetra·
1101 3973 1147 4040 qui
1156 3987 1223 4042 eque
1232 3972 1377 4040 publicoiu
1387 3989 1469 4028 cansa
1476 3973 1586 4042 publica
1595 3975 1614 4006 1⁵
1622 3973 1818 4028 transvehatur.
1835 3989 1914 4042 prae-

252 4039 285 4092 111
300 4045 328 4092 ut
344 4043 461 4092 uteretur
477 4039 540 4092 licet
557 4053 622 4092 usus
641 4053 696 4090 non
713 4039 764 4102 sit,
780 4039 832 4090 hoc
851 4039 936 4092 edicto
955 4039 1050 4106 punia-
1100 4045 1176 4094 terea
1196 4039 1225 4092 in
1242 4041 1285 4096 ius
1302 4041 1393 4096 vocari
1411 4057 1465 4096 uon
1482 4041 1562 4096 debet
1596 4039 1625 4094 ui
1641 4057 1751 4096 uxorem
1769 4041 1850 4096 ducat
1868 4045 1915 4094 aut

254 4111 262 4156 1
296 4111 343 4158 tur.
378 4105 405 4156 Si
421 4103 824 4174 procuratormenspostulavit,
842 4105 978 4174 quaeritur
992 4105 1050 4174 quis
1103 4123 1160 4160 eam
1178 4123 1247 4176 quae
1265 4107 1362 4162 nubat:
1381 4123 1431 4162 uec
1448 4109 1563 4162 iudicem
1579 4057 1642 4162 inm
1659 4109 1691 4162 de
1707 4123 1737 4162 re
1755 4111 1913 4176 cognoscat:

251 4171 335 4226 eodem
356 4173 413 4226 iure
434 4177 539 4226 utatur:
568 4177 594 4228 et
615 4177 694 4240 putat
711 4171 873 4240 Pomponius
896 4187 939 4226 me
956 4171 1050 4236 solum,
1101 4189 1151 4228 uec
1169 4173 1311 4228 eumdum
1328 4177 1386 4244 quis
1405 4175 1477 4244 apud
1490 4179 1641 4246 praetorem
1656 4187 1765 4228 causam
1781 4173 1848 4240 agit:
1867 4189 1914 4228 ue·

251 4241 352 4306 utique⁸
369 4239 390 4292 si
407 4241 458 4294 hoc
476 4243 499 4294 91
518 4239 669 4308 specialiter
686 4239 810 4292 meudavi
831 4239 873 4294 vel
896 4241 1050 4292 191911119-
1102 4255 1153 4310 que
1184 4241 1266 4296 funus
1293 4243 1433 4298 ducentem
1457 4243 1589 4296 familiare
1613 4241 1716 4296 1991919
1741 4247 1846 4294 mortuo
1872 4239 1914 4294 fa·

251 4305 299 4358 bui.
332 4305 354 4360 si
375 4311 463 4360 tamen
486 4313 561 4360 tutor
583 4307 624 4360 191
643 4311 751 4360 curator
767 4305 861 4360 furiosi
877 4307 1052 4374 postulaverit
1103 4309 1229 4364 cientem:

250 4373 287 4426 191
303 4373 483 4438 adulescentis,
500 4375 558 4444 ipsc
575 4375 627 4428 hoo
646 4373 732 4428 edicto
751 4379 896 4428 coercetur.
922 4373 1051 4428 11919111-
1136 4373 1154 4432 3
1177 4375 1389 4432 011119911999
1403 4375 1472 4432 libre
1484 4377 1577 4448 primo
1595 4375 1776 4444 cognitionum
1810 4375 1852 4430 191
1870 4375 1915 4444 qui

250 4455 333 4492 versus
350 4447 549 4510 procuratorem
566 4441 594 4496 id
611 4441 807 4496 observandum
824 4447 879 4506 est,
905 4441 927 4496 si
950 4441 979 4496 in
996 4457 1052 4494 rem
1103 4443 1217 4498 cadaver
1226 4447 1248 4478 ¹⁶
1264 4447 1476 4512 prosequuntur,
1500 4443 1572 4512 qnod
1595 4443 1673 4496 etiam
1694 4441 1800 4496 videtur
1822 4457 1855 4496 ex
1871 4459 1914 4496 re-

251 4511 263 4558 2
296 4523 367 4560 suam
389 4507 468 4564 inerit
485 4507 573 4564 datus.
608 4509 682 4562 Haeo
700 4523 786 4578 poena
803 4507 929 4564 adversus
947 4525 1053 4564 omnem
1102 4513 1202 4582 scripto
1220 4511 1341 4566 dirorum
1356 4511 1470 4564 fratrum
1488 4509 1689 4578 comprobatum
1706 4521 1777 4564 esse:

251 4575 381 4640 statuitur,
406 4577 450 4644 qui
468 4577 496 4630 in
514 4575 630 4632 edictum
647 4577 753 4642 incidit,
777 4591 831 4630 non
849 4577 936 4630 solum
953 4591 984 4630 eo
1002 4593 1051 4646 po·
1137 4577 1157 4636 4
1180 4579 1410 4634 11191119911119
1428 4579 1523 4648 quinto
1541 4577 1578 4630 991
1594 4575 1707 4630 euroeam
1742 4577 1839 4646 quique
1860 4577 1913 4632 liti·

251 4643 359 4696 stulaute
376 4645 420 4712 qui
437 4643 471 4698 ab
490 4659 520 4698 eo
538 4645 628 4700 laesus
647 4651 695 4710 est,
713 4645 761 4700 sed
778 4645 858 4710 omui,
876 4645 922 4714 qui
932 4645 1050 4724 quaudo·
1101 4647 1182 4714 gaudi
1192 4663 1275 4702 causa
1291 4661 1400 4700 necesse
1414 4645 1496 4698 habet
1510 4641 1539 4696 iu
1551 4643 1610 4696 iure
1622 4643 1664 4696 191
1679 4649 1752 4698 certo
1766 4645 1826 4700 loco
1841 4645 1912 4702 sisti:

251 4713 263 4762 3
297 4725 344 4778 que
367 4711 507 4780 experitur.
543 4711 572 4766 Si
595 4711 618 4766 is
642 4729 691 4780 pro
716 4729 768 4782 quo
786 4729 799 4768 9
819 4711 953 4780 opoudistr
968 4711 1051 4780 impe·
1105 4721 1116 4768 1
1152 4729 1203 4770 nec
1220 4715 1335 4768 furiosos
1352 4713 1395 4768 191
1411 4711 1535 4766 infantes.
1560 4709 1672 4764 Praetor
1689 4711 1740 4766 ait:
1757 4709 1913 4782 ‘parentem

250 4779 365 4856 11119111,
388 4795 421 4832 ne
445 4779 766 4858 aliquisdebitoripsius
783 4729 909 4858 agressus
928 4795 987 4834 eum
1007 4795 1050 4834 ex·
1100 4777 1254 4852 ‘patronum
1270 4785 1425 4860 patrimum,
1442 4777 1539 4858 liberos
1556 4783 1680 4846 parentes
1698 4783 1806 4858 patroni
1819 4787 1913 4868 patro-

251 4849 363 4912 ocptrone
384 4851 488 4912 1119191,
513 4847 608 4902 derude
624 4851 656 4900 tu
671 4863 700 4900 m
716 4851 834 4914 negotio,
860 4863 889 4900 m
911 4863 964 4916 quo
989 4861 1050 4916 spo·
1103 4855 1117 4900 1
1150 4845 1213 4902 ‘nae
1230 4849 1258 4900 in
1271 4863 1313 4900 rus
1328 4861 1385 4900 sine
1399 4859 1530 4914 permissu
1544 4861 1601 4900 meo
1616 4861 1650 4900 ne
1663 4863 1722 4916 quis
1736 4855 1813 4904 vocet
1829 4891 1836 4904 .
1861 4849 1913 4902 Pa·

251 4913 367 4978 pandisti,
376 4915 438 4966 vebs
449 4915 603 4984 exceptione
617 4915 670 4966 nti:
689 4929 739 4968 uec
753 4921 780 4966 te
794 4929 843 4968 nec
852 4915 939 4982 ipsum
947 4919 1053 4984 oportet
1102 4921 1205 4970 rentem
1220 4915 1265 4968 hic
1282 4915 1421 4982 utriusque
1438 4927 1522 4966 sexus
1535 4915 1640 4984 accipe:
1664 4915 1711 4968 sed
1727 4931 1764 4970 au
1780 4917 1809 4970 in
1824 4917 1914 4972 infini-

250 4979 296 5032 199
320 4981 473 5050 impetrare,
499 4981 551 5038 9191
575 4981 709 5038 interdum
731 4981 841 5050 patiaris
863 4981 1002 5050 iniuriam,
1028 4983 1053 5036 si
1102 4987 1168 5048 tum,
1187 4981 1330 5052 quaeritur.
1358 4981 1465 5050 qnidam
1481 4985 1619 5050 parentem
1635 4997 1720 5052 usque
1736 4983 1773 5038 ad
1788 4985 1914 5038 tritarum

251 5047 366 5124 solvendo
389 5049 493 5104 debitor
516 5051 631 5104 nonsit.
668 5047 714 5104 sed
731 5049 755 5104 si
771 5053 801 5104 tu
818 5049 935 5104 incidisti
950 5051 979 5104 iu
992 5049 1055 5104 edic-
1103 5051 1233 5134 appellari
1250 5051 1334 5116 aiunt,
1352 5047 1501 5118 superiores
1519 5049 1632 5106 maiores
1649 5051 1717 5106 dici:
1741 5053 1794 5108 hoc
1810 5059 1913 5110 veteres

251 5125 309 5180 tum,
340 5131 402 5172 rens
419 5119 524 5186 quidem
540 5123 632 5174 utetur
650 5115 812 5184 exceptione,
830 5123 860 5170 tu
869 5133 923 5170 non
932 5119 1050 5172 utarisir
1103 5119 1269 5174 exmdmasse
1277 5117 1439 5186 Pomponius
1448 5119 1543 5174 refert:
1557 5119 1605 5174 sed
1613 5119 1696 5174 Gaius
1706 5119 1813 5176 Cassius
1823 5137 1914 5176 omnes

251 5197 294 5236 uec
316 5199 401 5254 poena
422 5191 471 5240 tua
494 5187 528 5240 ad
553 5203 629 5242 reum
651 5185 822 5254 promittendi
842 5185 999 5254 pertinebit:
1026 5191 1062 5240 91
1102 5187 1131 5240 in
1147 5185 1282 5240 infinitum
1298 5189 1422 5254 parentes
1440 5185 1519 5254 dicit,
1543 5185 1614 5258 quod
1631 5193 1657 5242 et
1673 5187 1811 5242 honestius
1829 5193 1870 5242 est
1888 5191 1914 5242 et

251 5253 264 5328 1
295 5251 351 5306 ideo
368 5251 484 5308 mandati
497 5255 630 5310 actionem
645 5269 699 5308 uon
714 5251 834 5306 habebis.
861 5251 1053 5308 Sidliusmeus
1103 5259 1119 5308 3
1153 5253 1247 5308 merito
1265 5253 1387 5320 optinuit.
1413 5253 1542 5310 Parentes
1560 5257 1639 5310 etiam
1655 5269 1701 5310 eos
1719 5255 1804 5326 accipi
1820 5255 1932 5314 Labeo,

250 5333 273 5370 ro
290 5319 441 5388 magistratu
457 5323 486 5376 in
501 5321 554 5376 hoo
572 5323 687 5378 edictum
704 5319 805 5384 incidit,
822 5335 858 5372 au
870 5319 900 5374 iu
913 5319 1052 5374 111999119-
1104 5321 1246 5384 existimat,
1265 5319 1310 5388 qni
1325 5321 1354 5374 in
1370 5323 1497 5378 servitute
1514 5325 1701 5392 susceperunt:
1718 5337 1769 5378 nec
1785 5327 1875 5376 191191
1883 5323 1913 5386 ¹⁷,

251 5431 402 5442 ,μω-ψ...

251 5491 276 5554 (1)
295 5491 408 5542 1199911ι
1137 5491 1179 5554 (11)
1195 5491 1359 5542 Eri-Bos.
1370 5497 1413 5558 1,1
1457 5497 1501 5560 (11)
1519 5493 1611 5548 9191911.
1621 5493 1672 5556 FS,
1682 5493 1773 5544 einsP
1806 5493 1850 5558 (ts)
1868 5491 1913 5540 oh·

281 5561 310 5624 (1)
327 5561 643 5622 Ε11.···-Β99.1,3,13...19
714 5565 744 5624 (9)
764 5559 859 5626 quidF
917 5557 949 5622 (1)
968 5563 1051 5622 potes·
1103 5561 1308 5622 temperasseins.

251 5625 378 5680 satiaret*
466 5629 497 5692 (9)
516 5629 666 5680 antedictum
676 5629 780 5682 sealt*¹
837 5625 1058 5692 (9111911191
1137 5625 1912 5696 (11)1111111119.1991111111Ραρ.9.11...19.1ο,11;891.

251 5697 279 5758 (1)
296 5695 578 5764 sicPcumB,etias.F
655 5695 790 5762 (9)111111
866 5695 899 5756 (9)
916 5691 1051 5744 creasse.
1103 5695 1253 5746 aa-Baa
1264 5697 1288 5760 1,
1298 5699 1410 5764 8.-Gf.
1424 5699 1533 5758 Galim
1577 5695 1620 5760 (tt)
1637 5695 1665 5746 in
1674 5691 1828 5758 Capitolium
1841 5689 1914 5742 Ouia·

250 5769 291 5824 119)
307 5765 425 5818 huicdeit
1102 5763 1155 5812 cias
1214 5759 1259 5824 (tt)
1278 5763 1617 5830 quitaveri'beaeaast
1680 5763 1723 5822 (11)
1742 5761 1840 5808 tentum
1849 5759 1913 5808 Hol-

1675 5841 1711 5892 gs
