4366 6258
1050 379 1109 450 813
1570 383 1772 448 ΧΧΧΧἮΠ
1797 391 1843 452 rs.
1865 391 1900 452 re

257 403 300 452 lta
320 399 440 450 Poteris

257 583 300 624 sus
317 565 400 632 repeti
422 563 450 616 iu
467 561 646 630 quaestionem
663 567 762 630 potest,
786 565 898 618 maxime
915 565 939 618 si
955 565 983 618 iu
999 569 1054 618 tor·
1106 575 1267 634 cognoscunt
1289 567 1417 640 praefecti
1437 565 1478 622 vel
1500 565 1632 634 praesides
1649 565 1680 616 ut
1697 561 1748 628 eis,
1773 565 1817 632 qui
1839 583 1902 634 poe·
1939 619 1940 622 ,

257 643 270 690 2
301 633 393 688 'menta
410 631 523 682 animum
542 645 690 698 corpusque
705 629 846 686 duraverit.
871 631 903 686 In
917 649 950 688 ea
965 647 1076 698 cansa,
1105 649 1166 688 nam
1200 637 1362 692 ecuniariam
1379 639 1483 704 egentes
1505 631 1626 698 cludunt,
1651 629 1835 686 coercitionem
1856 649 1902 688 ex·

256 705 281 760 iu
299 715 351 772 qna
368 697 447 752 nullis
465 713 525 752 reus
544 697 702 766 argumentis
726 697 900 766 urguebatur,
924 703 1056 754 tormenta
1105 653 1305 758 maoermiam
1322 703 1455 758 inducant.

257 787 308 826 non
329 767 408 820 facile
428 763 578 820 adhibenda
600 771 677 830 sunt,
701 763 748 820 sed
770 765 921 820 instandum
944 781 1055 820 accusa·
1140 763 1158 824 2
1180 769 1259 824 Iena
1281 773 1349 826 libre
1370 769 1476 840 quadra
1496 769 1593 822 crisima
1616 769 1709 820 octavo
1730 763 1768 818 act
1789 763 1903 818 adiutem

256 839 313 900 tori,
332 841 361 888 ut
377 833 405 886 id
423 833 493 902 quod
510 833 630 886 intendat
644 833 799 900 comprobet
813 839 893 902 atquc
908 835 1053 888 convincat.
1106 833 1155 888 Rei
1169 837 1289 906 capitalis
1302 839 1453 892 damnatum
1467 853 1506 890 src
1518 835 1639 904 accipere
1654 831 1786 898 debemus,
1803 847 1837 886 ex
1850 847 1904 898 qua

257 913 270 962 3
305 901 397 958 Testes
419 901 560 970 torquendi
581 917 635 954 neu
658 907 720 954 sunt
737 899 909 954 convincendi
925 901 1056 956 mendacii
1106 917 1188 956 causa
1208 903 1332 958 demuma
1355 907 1485 966 velmors
1508 903 1550 958 vel
1570 901 1649 956 etiam
1667 899 1779 956 civitatis
1796 899 1903 954 amissio

257 979 302 1030 aut
318 967 453 1024 verbatis¹
470 969 568 1036 gratia,
593 967 643 1024 uisi
660 985 721 1022 cum
737 967 810 1022 facto
827 967 999 1024 interuenisse
1016 967 1055 1022 di·
1108 973 1118 1020 l
1155 971 1196 1024 vel
1223 971 1335 1024 servitus
1363 971 1497 1040 confingit.
1539 969 1661 1036 Constat,
1691 973 1832 1048 postquem
1858 967 1903 1022 de·
1937 1005 1938 1008 η

257 1049 271 1096 t
306 1043 409 1092 cuntur.
443 1037 527 1092 Iudex
550 1051 610 1090 cnm
631 1037 664 1090 de
684 1035 738 1090 fide
757 1035 861 1104 generis
883 1035 978 1090 instrui
1001 1051 1056 1090 non
1105 1037 1219 1104 portatio
1241 1039 1377 1092 inlocum
1400 1055 1485 1108 aquae
1508 1037 1903 1106 etignisinterdictrouissnc-

257 1111 349 1180 potest,
362 1105 477 1174 poterit²
491 1105 616 1160 deservis
629 1105 795 1160 hereditariis
808 1105 907 1158 habere
922 1105 1055 1174 quaestio·
1106 1105 1198 1168 cessit,
1228 1121 1282 1158 nou
1308 1107 1382 1174 prius
1408 1107 1526 1162 amittere
1550 1121 1626 1226 qluem
1649 1105 1793 1170 civitatem,
1824 1121 1904 1174 quam

257 1185 270 1230 5
303 1189 372 1228 nem.
391 1171 888 1240 Serro‚quiultroaliquiddedominc
902 1171 1056 1238 confitetur,
1105 1171 1227 1240 princeps
1258 1171 1424 1240 deportatum
1450 1175 1478 1226 iu
1505 1173 1617 1228 insuam
1639 1173 1774 1228 statuerit:
1802 1173 1903 1242 praesi-

257 1241 618 1300 lidesnonaccommcdatur:
632 1239 931 1318 nequeenimoportct³
944 1239 1056 1294 salutern
1106 1239 1165 1294 dem
1181 1239 1250 1292 enim
1272 1239 1412 1306 deportare
1433 1255 1486 1294 non
1509 1255 1588 1310 posse
1609 1241 1683 1294 nulla
1704 1241 1832 1296 dubitatio
1854 1245 1903 1294 est.

257 1321 270 1364 n·
305 1309 469 1364 dominorum
491 1323 626 1362 servorum
648 1309 758 1362 arbitrio
782 1311 917 1362 commrttr.
959 1307 1074 1362 Servus
1106 1307 1154 1362 sed
1174 1307 1326 1374 praefectus
1348 1309 1407 1362 urbi
1429 1309 1469 1360 ins
1491 1309 1571 1362 hahet
1592 1307 1748 1378 deportandi
1765 1309 1905 1378 statimque

256 1381 282 1432 in
305 1383 385 1446 caput
407 1377 463 1432 eius
487 1375 600 1440 domiui,
623 1393 640 1430 a
663 1393 715 1444 quo
738 1375 882 1430 distractus
903 1381 944 1428 est
961 1375 1056 1444 cuique

257 1443 397 1512 aliquando
411 1443 522 1508 servivit,
540 1445 567 1498 in
580 1443 732 1498 memoriam
743 1443 839 1512 prioris
854 1441 960 1498 dominii
974 1445 1054 1498 iuter·

257 1519 270 1564 l
305 1511 393 1580 rogari
416 1527 469 1566 uon
489 1517 585 1580 potest.
621 1513 730 1578 Servus,
754 1527 804 1566 uec
826 1511 1003 1566 nedamiro
1022 1513 1056 1566 ad

257 1585 270 1634 8
305 1585 435 1632 tormenta
448 1579 582 1644 offeratur,
600 1579 819 1648 iinterrogandus
834 1585 881 1634 est.
908 1579 977 1636 Saue
990 1597 1054 1648 quo·
1072 1613 1073 1616 =

256 1648 321 1702 tiens
344 1647 492 1714 quaeritur,
523 1663 558 1700 an
580 1647 648 1702 servi
670 1647 698 1700 in
719 1651 801 1716 caput
823 1647 921 1702 domini
942 1647 1054 1702 interro·

255 1713 333 1782 gaudi
356 1713 421 1780 sint,
444 1715 518 1782 prins
536 1715 568 1768 de
586 1731 677 1768 eorum
695 1715 809 1770 dominio
827 1719 933 1784 oportet
949 1715 1054 1784 inquiri.

256 1789 270 1834 tl
305 1781 477 1850 Cogniturnm
494 1783 528 1836 de
545 1783 696 1838 criminibus
711 1783 859 1852 praesidem
873 1789 979 1852 oportet
992 1789 1056 1836 ante

256 1849 323 1902 diem
365 1849 434 1902 alam
454 1849 542 1904 iacere
563 1849 698 1906 custodias
721 1867 750 1906 se
772 1849 937 1916 auditurum,
963 1865 996 1904 ue
1020 1849 1055 1916 hi,

256 1915 300 1984 qui
316 1865 474 1970 debendendi
491 1923 565 1980 sunt,
584 1917 679 1973 subitis
696 1923 883 1972 accusatorum
900 1915 1055 1972 criminibus

256 1983 450 2050 obprimantur:
474 1983 591 2052 quamuis
611 1985 789 2040 defensionem
806 1999 972 2052 quocumque
988 1987 1054 2038 tem·

255 2065 318 2118 pore
339 2053 509 2120 postulante5
531 2067 576 2106 reo
598 2053 688 2120 negari
709 2069 764 2106 uon
788 2055 905 2122 oportet,
932 2049 997 2104 adeo
1026 2057 1056 2104 ut

256 2121 395 2186 propterea
426 2125 452 2172 et
480 2119 634 2172 differantur
662 2123 689 2172 et
714 2119 884 2188 proferantur
911 2117 1055 2172 custodiae.

258 2189 287 2236 lb
321 2185 464 2242 Custodiae
486 2203 540 2240 non
563 2189 649 2240 solum
671 2203 720 2254 pro
743 2185 882 2252 tribunali,
905 2185 999 2240 sedet
1022 2185 1056 2240 de

255 2251 334 2320 plano
352 2251 438 2308 audiri
454 2257 566 2322 possunt
582 2257 662 2320 atque
678 2251 807 2308 damnari.

252 2335 253 2338 ¹
291 2317 327 2376 19
347 2319 552 2374 Tarruomuus
571 2319 638 2374 libro
656 2327 753 2390 quarto
771 2317 981 2390 disputationum
1019 2319 1054 2386 Is,

256 2385 298 2440 cui
314 2385 514 2440 fideicommissa
530 2387 639 2440 libertas
657 2385 777 2452 debetur,
793 2403 847 2440 neu
864 2387 940 2440 aliter
954 2391 984 2440 ut
999 2401 1055 2442 ser·

255 2467 301 2506 rus
319 2453 467 2572 qpaestioni
483 2453 640 2522 applicetur,
659 2455 710 2508 uisi
727 2455 839 2510 aliorum
856 2455 1056 2522 quaestionibus

255 2533 332 2574 onere
345 2535 386 2574 ur.
1070 2573 1071 2576 ,

247 2617 248 2622 1
288 2583 327 2644 20
345 2587 464 2642 Parrus
482 2585 549 2642 libro
568 2587 644 2640 tertio
662 2587 828 2642 decretorem
862 2587 977 2642 Maritus
998 2589 1054 2656 qui·
1069 2587 1070 2612 ³

256 2653 316 2708 dam
341 2655 419 2708 heres
446 2653 536 2722 moris
559 2669 623 2708 suae
645 2653 752 2722 petebat
775 2671 791 2708 a
815 2653 884 2710 Suro
907 2655 1054 2722 pecuniam,

256 2737 333 2790 quam
360 2721 433 2790 apud
458 2737 518 2776 eum
543 2719 696 2790 deposuisse
719 2721 870 2776 defunctam
893 2737 922 2776 sc
945 2721 1055 2778 absente

249 2789 373 2854 dicebat,
402 2793 430 2842 et
455 2789 482 2842 iu
507 2803 565 2842 earn
590 2803 646 2844 rem
674 2805 756 2844 unum
783 2793 877 2844 testem
902 2789 987 2844 liberti
1015 2791 1069 2852 sui¹

252 2857 336 2914 ‘filium
357 2857 520 2926 produxerat
536 2857 608 2926 apud
623 2863 837 2926 procuratorem:
862 2857 1069 2914 desideraverat,

255 2929 281 2980 et
298 2925 477 2994 quaestionem
494 2924 604 2979 haberi(⁸
626 2923 660 2980 de
680 2925 803 2978 ancillet
840 2923 924 2980 Surus
941 2927 1056 2992 negabat

254 3007 283 3048 se
299 2993 435 3060 accepisse
452 2997 479 3046 ei
496 2991 671 3046 testimonium
689 3007 743 3046 non
761 2997 885 3062 opertere
907 2993 985 3046 unius
1006 2993 1055 3048 lio·

254 3059 330 3114 minis
347 3059 452 3113 admitti
468 3073 516 3112 nee
534 3061 618 3114 solere
635 3073 653 3112 a
669 3059 870 3128 quaestiouibus
887 3059 981 3128 incipi,
1005 3061 1055 3114 etsi

254 3127 339 3182 ebena
357 3133 427 3180 esset
444 3125 548 3180 ancilla.
583 3131 742 3194 procurator
759 3127 939 3196 quaestionem
956 3127 989 3180 de
1007 3143 1053 3182 au-

254 3193 314 3250 cilla
331 3195 469 3250 habuerat.
502 3209 562 3248 cnm
580 3209 613 3246 ex
629 3193 807 3262 appellatione
825 3193 990 3262 cognovisset
1006 3195 1054 3248 irn-

254 3265 372 3332 peretor,
395 3259 575 3330 pronuntiavit
591 3261 744 3330 quaestione
761 3259 852 3316 illicite
869 3261 960 3316 habita
977 3265 1055 3316 unius

254 3327 402 3448 mstiprouio
425 3343 480 3382 uon
501 3343 558 3382 esse
581 3327 741 3382 credendum
763 3327 875 3398 ideoque
897 3333 969 3384 recte
992 3347 1054 3398 pro-

254 3411 319 3452 voca
332 3413 382 3452 nur.

287 3459 324 3520 21
350 3463 429 3518 Inar!
454 3461 521 3518 libro
546 3463 680 3532 simpulum*
704 3463 737 3514 cle
759 3463 858 3544 poenis
883 3477 1055 3532 paparionem

254 3529 422 3598 quaestionis
444 3529 582 3584 habendae
604 3545 685 3584 causa
705 3543 834 3584 neminem
852 3543 912 3584 esse
929 3529 1055 3584 damnan-

254 3601 315 3652 dum
333 3599 408 3652 divus
425 3595 577 3652 Hadrianus
595 3597 738 3664 rescripsit.

287 3663 327 3722 22
344 3665 426 3718 lanu
443 3665 510 3720 libro
529 3667 618 3738 primo
640 3665 830 3720 sententiarum
869 3661 921 3732 Qui
937 3661 993 3718 siue
1010 3679 1054 3718 ac·

254 3733 420 3790 cusatoribus
441 3733 470 3788 iu
492 3733 639 3790 custodiam
662 3731 763 3788 receti
783 3737 858 3796 sunt,
882 3731 1001 3802 quaestio
1024 3731 1056 3786 de

254 3803 294 3856 his
311 3801 434 3922 habpnda
451 3817 504 3856 nou
522 3807 576 3866 est,
599 3801 650 3856 nisi
671 3801 694 3856 si
712 3751 843 3872 abquibus
861 3799 1056 3868 suspicionibus

254 3883 370 3938 urguean
384 3885 423 3924 ur.

582 4073 696 4134 XVIIII
703 4073 723 4132 ⁸.

560 4173 607 4222 DE
623 4171 754 4222 ruanis,

289 4267 303 4328 l
329 4269 474 4324 Uermree
488 4269 555 4324 libro
572 4273 665 4324 octauo
682 4271 893 4342 deputationum
927 4267 1055 4336 Quotiens

254 4339 286 4392 de
303 4337 399 4394 delicto
417 4337 559 4408 quaeritur,
577 4337 678 4406 placuit
695 4353 750 4392 non
767 4353 825 4392 eam
839 4351 952 4408 poenam
967 4335 1056 4390 subire

254 4421 330 4474 quern
347 4405 457 4472 debere,
481 4421 560 4474 quern
582 4405 702 4462 condicio
725 4405 782 4462 eius
803 4405 918 4460 admittit
938 4419 971 4460 eo
988 4409 1054 4458 tem-

254 4489 330 4546 pore,
356 4489 409 4542 quo
432 4473 564 4530 sententia
587 4473 620 4528 de
641 4489 672 4528 co
695 4473 794 4540 fertur,
818 4473 953 4540 sedeam,
977 4487 1066 4542 quarn¹

254 4541 426 4608 sustinereti,
445 4541 469 4596 si
490 4555 522 4596 eo
543 4547 662 4610 tempore
684 4549 756 4598 esset
777 4541 935 4598 sententiam
951 4555 1055 4610 passus,

256 4613 266 4660 l
304 4625 364 4666 curn
381 4607 541 4678 deliquisset.
575 4609 690 4664 Proinde
713 4609 735 4664 si
757 4625 848 4664 servus
866 4609 966 4664 crimen
984 4625 1055 4664 com-

253 4675 364 4740 miserit,
389 4675 484 4730 deinde
504 4675 652 4732 libertatern
674 4683 834 4732 consecutus
856 4675 972 4744 dicetur,
996 4691 1056 4732 earn

253 4759 364 4810 poenam
388 4743 519 4798 sustinere
542 4743 633 4808 debet,
659 4759 739 4812 quam
762 4743 919 4810 sustineret,
946 4745 969 4798 si
989 4749 1055 4798 tunc

254 4813 268 4862 2
302 4811 459 4866 sententiam
481 4825 577 4878 passus
597 4809 704 4876 fuisset,
728 4825 789 4864 cum
806 4811 967 4880 deliquisset.
1002 4813 1055 4866 Per

254 4877 418 4938 scunarium
443 4893 548 4946 quoque
575 4877 599 4932 si
627 4879 656 4932 iu
686 4879 844 4932 deteriorem
874 4879 1054 4936 condicionem

254 4941 333 4998 merit
349 4945 486 5010 redactus,
510 4961 569 5000 eam
584 4959 703 5026 poenam
722 4945 813 5000 sabim
833 4961 895 5000 eum
913 4947 1054 5066 oportebit,

254 5025 332 5080 quam
353 5011 507 5078 sorduerat,
534 5011 558 5066 si
583 5029 611 5066 m
632 5011 789 5068 condicione
810 5013 899 5080 priore
940 5019 1068 5068 urasset

254 5081 268 5132 3
303 5079 588 5158 θοοοτοΗιοιιρὶοοοο,
614 5079 644 5134 in
670 5079 771 5148 legibus
797 5081 964 5148 publicorum
985 5081 1053 5136 iudi-

1105 1381 1167 1442 post
1188 1375 1344 1428 sententiam
1365 1375 1493 1444 praefecti
1509 1375 1628 1432 amisisse
1646 1377 1776 1432 civitatem
1793 1375 1904 1432 ridetur.

1106 1447 1121 1494 2
1156 1441 1226 1494 Eum
1242 1441 1401 1520 accipiemus
1420 1443 1583 1510 damnatum,
1607 1445 1653 1512 qui
1662 1447 1683 1476 ¹⁰
1703 1461 1756 1498 non
1777 1459 1905 1514 provoca-

1105 1509 1155 1564 vit:
1175 1513 1290 1562 ceterum
1307 1525 1329 1562 sr
1346 1517 1489 1578 provocet,
1502 1511 1619 1566 nondum
1636 1513 1776 1566 damnatus
1793 1513 1904 1566 videtur.

1106 1577 1153 1632 sed
1176 1579 1202 1630 et
1226 1575 1249 1630 si
1270 1577 1304 1630 ab
1326 1591 1371 1642 co,
1394 1579 1439 1644 qui
1460 1579 1501 1634 ius
1524 1579 1666 1632 damnandi
1688 1597 1740 1634 nou
1757 1579 1851 1634 habuit
1868 1579 1906 1634 rei

1106 1643 1240 1714 capitalis,
1268 1643 1327 1712 quis
1355 1643 1493 1700 damnatus
1516 1645 1564 1712 sit,
1596 1645 1716 1702 ¹¹eadem
1739 1663 1820 1702 causa
1842 1647 1905 1702 erit.

1107 1713 1246 1768 damnatus
1265 1711 1333 1764 enim
1349 1711 1395 1764 ille
1412 1717 1459 1774 cst,
1477 1713 1522 1768 ubi
1541 1713 1673 1768 damnatio
1691 1715 1785 1768 tenuit.

1140 1777 1157 1838 3
1172 1779 1252 1834 rnna
1265 1779 1334 1832 libro
1349 1783 1445 1846 quarto
1458 1779 1557 1834 decimo
1570 1781 1606 1834 od
1615 1781 1745 1836 Sabinum
1775 1783 1905 1850 Praegna-

1106 1849 1140 1902 tis
1162 1845 1278 1900 mulieris
1301 1847 1493 1900 consumendae
1517 1847 1658 1902 damnatae
1679 1863 1764 1918 poena
1787 1849 1906 1902 differtur

1106 1915 1194 2034 quoad
1219 1911 1315 1984 pariat.
1358 1927 1405 1982 ego
1433 1915 1536 1982 quidem
1563 1921 1590 1968 et
1617 1931 1650 1968 ne
1676 1915 1795 1984 quaestio
1818 1915 1851 1970 de
1874 1933 1907 1970 ea

1124 1983 1242 2048 abeatur,
1262 1981 1317 2036 scio
1336 1981 1477 2048 obseruari,
1496 1981 1620 2050 quamdiu
1637 1997 1767 2050 praegnas
1784 1989 1834 2038 est.

1119 2047 1159 2110 ,4
1185 2047 1360 2104 Mrecraros
1386 2047 1452 2104 libro
1480 2051 1557 2102 tertio
1583 2049 1684 2104 decimo
1713 2051 1907 2104 sciscitationem

1106 2117 1226 2184 Relegati
1243 2115 1297 2170 sive
1313 2115 1342 2170 iu
1358 2113 1471 2170 insulani
1488 2114 1620 2184 deportati
1634 2115 1731 2171 debent
1745 2117 1810 2170 locis
1826 2117 1906 2172 iuter-

1106 2185 1184 2240 dietis
1205 2183 1348 2238 abstinere.
1388 2187 1414 2236 et
1436 2183 1487 2238 hoc
1508 2183 1566 2236 iure
1589 2183 1701 2248 utimur,
1725 2189 1755 2236 ut
1776 2185 1907 2252 relegatus

1104 2251 1251 2308 interdictis
1271 2251 1369 2306 locis¹²
1388 2267 1442 2306 uon
1463 2249 1588 2306 excedat:
1612 2251 1731 2320 alioquin
1752 2251 1781 2304 in
1803 2257 1908 2320 tempus

1105 2321 1209 2390 quidem
1231 2319 1347 2388 relegato
1370 2323 1526 2388 perpetuum
1548 2319 1668 2382 exilium,
1697 2319 1725 2372 in
1750 2323 1908 2386 perpetuum

1105 2389 1221 2456 relegato
1250 2387 1353 2442 insulae
1379 2385 1559 2456 relegationis,
1594 2385 1623 2440 in
1649 2385 1764 2442 insulam
1790 2385 1906 2452 relegato

1106 2455 1311 2524 deportationis,
1340 2455 1369 2508 in
1397 2455 1509 2508 insulem
1538 2453 1677 2522 deportato
1705 2467 1791 2522 poena
1814 2453 1907 2520 eapitis

1104 2523 1257 2590 adrogatur.
1293 2529 1320 2578 et
1341 2523 1407 2584 baec
1430 2521 1480 2590 ita,
1502 2521 1557 2576 sire
1574 2521 1632 2590 quis
1649 2537 1703 2576 non
1721 2521 1863 2576 excesserit
1880 2521 1908 2574 iu

1106 2591 1212 2644 exilium
1233 2591 1304 2644 intra
1326 2593 1431 2658 tempus
1451 2589 1521 2644 intra
1538 2587 1608 2668 quod
1625 2587 1728 2654 debuit,
1751 2587 1906 2668 siveetian

1105 2659 1172 2710 alias
1186 2657 1263 2716 csilio
1276 2673 1330 2712 uon
1345 2659 1577 2726 obtemperaverit:
1595 2671 1657 2710 nam
1670 2661 1838 2710 contumacus
1850 2667 1907 2710 erus

1106 2725 1224 2780 cumulat
1238 2741 1359 2794 poenam.
1385 2729 1413 2778 ct
1427 2741 1501 2780 nemu
1514 2729 1604 2794 potest
1619 2727 1794 2778 commeatum
1807 2737 1907 2778 remea·

1105 2797 1193 2846 tumve
1211 2791 1275 2848 dare
1292 2791 1369 2860 exuli,
1388 2791 1439 2846 nisi
1454 2791 1605 2860 imperator,
1626 2807 1661 2848 ex
1677 2791 1766 2860 aliqua
1783 2807 1872 2848 causa.

1139 2857 1189 2914 5¹³
1211 2859 1355 2916 Uarraucs
1369 2861 1437 2916 libro
1453 2861 1564 2932 septimo
1581 2861 1614 2914 de
1631 2859 1725 2930 officio
1734 2859 1908 2930 proconsulis

1105 2927 1248 2982 Absentem
1271 2929 1299 2980 iu
1322 2927 1474 2982 criminibus
1498 2927 1618 2980 damnari
1639 2943 1692 2980 nou
1714 2927 1810 2980 debere
1832 2927 1907 2982 divus

1106 2993 1238 3050 Traianus
1255 2995 1323 3050 Iulio
1340 2995 1468 3048 Frontoni
1484 2995 1628 3064 rescripsit.
1664 2993 1712 3048 scd
1731 3009 1781 3048 nec
1798 2993 1831 3048 dc
1847 3009 1906 3048 sus-

1105 3061 1254 3180 picionibus
1282 3061 1377 3116 debere
1400 3061 1512 3129 aliquem
1536 3061 1656 3114 damnari
1679 3061 1752 3114 divus
1776 3061 1908 3114 Traianus

1131 3127 1216 3182 dsidio
1229 3127 1325 3182 Serere
1340 3129 1488 3196 rescripsit:
1506 3127 1590 3182 satius
1604 3127 1674 3182 enirn
1689 3141 1746 3182 esse
1758 3127 1908 3196 inpunitum

1105 3195 1218 3262 relinqui
1230 3195 1335 3250 facinus
1349 3195 1467 3250 nocentis
1481 3211 1559 3264 quarn
1569 3195 1737 3250 innocentem
1747 3193 1867 3250 damnari
1878 3197 1906 3250 ¹⁴.

1105 3263 1230 3316 adversus
1250 3267 1419 3316 contumaces
1436 3277 1512 3326 vero,
1535 3261 1580 3328 qui
1595 3277 1681 3330 neque
1699 3259 1907 3316 denuntiationi·

1105 3329 1261 3398 hueusque
1284 3329 1377 3382 edictis
1394 3329 1544 3396 praesidum
1561 3329 1650 3382 obtem
1683 3333 1799 3394 restent,
1823 3327 1905 3382 etiam

1105 3397 1227 3450 absentes
1250 3395 1420 3464 pronuntiari
1440 3401 1544 3464 oportet
1565 3411 1647 3450 secun
1666 3411 1711 3450 um
1730 3411 1842 3460 morem
1853 3397 1903 3464 pri.

1105 3467 1227 3518 vatorum
1241 3463 1407 3516 iudiciorum.
1436 3467 1524 3544 potest
1539 3463 1598 3530 quis
1613 3463 1754 3516 defendere
1771 3463 1837 3518 haec
1854 3479 1908 3518 non

1106 3545 1164 3584 esse
1181 3529 1323 3584 contraria.
1358 3529 1422 3598 quid
1437 3529 1517 3598 igitur
1535 3529 1593 3584 cst?
1620 3529 1713 3584 melius
1730 3535 1863 3584 statuetur
1880 3531 1908 3584 iu

1106 3597 1229 3652 absentes
1251 3595 1419 3664 pecuniarias
1441 3595 1546 3664 quidem
1568 3613 1668 3664 poenas
1690 3595 1731 3650 vel
1754 3613 1813 3662 eas,
1840 3613 1908 3666 quae

1106 3663 1324 3718 existimationem
1348 3663 1515 3732 contingunt,
1539 3663 1562 3718 si
1585 3665 1691 3734 saepius
1714 3663 1842 3720 admoniti
1880 3681 1908 3718 cr

1106 3731 1299 3788 contumaciam
1322 3731 1422 3796 desint,
1445 3731 1527 3788 staini
1543 3747 1628 3812 porse
1645 3737 1671 3786 ct
1688 3747 1773 3812 usquc
1789 3733 1824 3786 ed
1840 3681 1908 3786 rebe-

1105 3799 1236 3868 gallonem
1260 3799 1381 3868 procedi:
1409 3815 1501 3854 verum
1528 3815 1551 3854 οι
1573 3799 1637 3868 qnid
1658 3815 1765 3868 grauns
1788 3799 1908 3868 irrogan-

1106 3865 1290 3930 demisisset,
1307 3871 1374 3934 puta
1390 3865 1419 3920 in
1434 3865 1569 3920 metallum
1580 3869 1600 3900 ¹⁵
1616 3867 1658 3920 vel
1676 3867 1770 3934 capitis
1786 3883 1908 3934 poenam,

1109 3939 1119 3986 1
1156 3949 1210 3988 uon
1227 3949 1284 3988 esse
1302 3933 1455 3988 absentibus
1473 3933 1648 4000 irrogandam.
1678 3933 1711 3986 Iu
1728 3939 1910 3988 accusatorem

1106 4003 1194 4054 autem
1221 4001 1357 4054 absentem
1383 4015 1578 4068 nonnumquam
1601 3999 1708 4066 gravius
1732 4001 1908 4066 statuendum,

1106 4067 1358 4188 luadiiliiifiiii
1375 4067 1618 4188 ⁵⁰riiii¹i1⁰⁷⁰¹ii¹¹¹i
1632 4067 1906 4190 timiditati

1109 4201 1230 4258 consulto
1247 4201 1347 4268 aliquid
1364 4201 1527 4268 admittatur,
1544 4217 1580 4256 an
1594 4217 1667 4256 casu.
1693 4207 1720 4256 et
1733 4217 1797 4256 sanc
1811 4201 1839 4254 iu
1852 4177 1908 4256 om:

1106 4269 1183 4324 nibus
1206 4269 1361 4324 criminibus
1382 4269 1516 4324 distinctio
1535 4269 1601 4324 haec
1617 4283 1731 4336 poenam
1748 4273 1795 4324 aut
1811 4267 1906 4324 iustam

1106 4335 1202 4390 elicere
1212 4339 1232 4370 ¹⁸
1250 4336 1327 4390 debet
1344 4345 1391 4390 aut
1408 4341 1643 4406 temperamentum
1659 4335 1806 4390 admittere.

1139 4399 1158 4462 6
1177 4403 1257 4458 Iners
1269 4403 1338 4460 libro
1355 4421 1426 4460 nono
1443 4405 1476 4458 dc
1493 4405 1587 4474 officio
1622 4405 1773 4458 rocomulir
1807 4401 1908 4472 Siquis

1105 4471 1186 4534 forte,
1209 4487 1244 4528 ue
1260 4471 1392 4540 supplicio
1410 4471 1563 4538 adficiatur,
1615 4477 1659 4526 cat
1676 4485 1705 4526 se
1721 4471 1821 4526 habere
1837 4469 1909 4540 quod

1104 4539 1219 4608 principi
1244 4539 1344 4594 referat
1370 4541 1464 4594 salutis
1487 4539 1495 4594 i
1515 4539 1569 4594 sins
1593 4553 1689 4604 causa,
1717 4555 1752 4592 an
1772 4537 1908 4594 remitten-

1106 4607 1168 4662 dum
1178 4609 1198 4640 ¹⁹
1216 4607 1251 4660 sit
1267 4605 1302 4660 ad
1319 4621 1392 4674 eum,
1416 4557 1554 4684 videndum
1576 4611 1623 4660 est.
1658 4611 1686 4660 et
1706 4610 1770 4684 sunt
1788 4605 1908 4676 plerique

1124 4675 1256 4728 raesidnm
1271 4679 1326 4726 tem
1338 4673 1429 4738 timidi,
1448 4679 1479 4728 ut
1492 4677 1571 4728 etiam
1584 4679 1646 4742 post
1658 4677 1814 4728 sententiam
1829 4673 1861 4726 de
1876 4687 1908 4728 eo

1124 4743 1203 4796 'ctam
1215 4757 1329 4810 poenam
1343 4741 1491 4796 sustineant
1504 4757 1554 4796 uec
1568 4741 1739 4810 quicquam²⁰
1754 4741 1907 4796 audiaut²¹t

1105 4809 1149 4864 alii
1167 4809 1272 4864 omnino
1289 4823 1344 4862 neu
1359 4807 1498 4876 patiuntur
1515 4807 1656 4878 quicquam
1676 4807 1731 4862 tale
1748 4807 1906 4876 allegantes:

1104 4877 1224 4932 nonnulli
1241 4891 1326 4944 neque
1344 4891 1447 4944 semper
1464 4877 1580 4942 neque²²
1601 4891 1744 4946 numquam
1761 4877 1907 4942 remittunt,

1104 4945 1153 5000 scd
1166 4943 1308 5014 inquirunt,
1324 4943 1387 5010 quid
1400 4943 1442 5008 sit,
1458 4943 1529 5012 quod
1541 4945 1656 5012 allegare
1667 4943 1782 5064 principi
1795 4945 1908 5000 veliut²³

1106 5011 1219 5082 quidque
1247 5011 1347 5080 quod²⁴
1373 5025 1423 5080 pro
1451 5011 1538 5066 salute
1562 5011 1647 5080 ipsius
1691 5011 1789 5068 abeant
1811 5011 1907 5080 dicere,

1104 5085 1167 5150 post
1188 5095 1256 5148 quae
1279 5083 1326 5134 aut
1349 5077 1481 5134 sustinent
1502 5095 1615 5146 poenam
1631 5083 1680 5134 aut
1695 5095 1749 5134 non
1766 5081 1906 5138 susdnent.

254 5145 352 5202 ciorum
374 5149 416 5206 rel
435 5151 597 5218 privatorum
618 5149 756 5202 cuminum
777 5149 822 5214 qui
843 5155 919 5204 extra
936 5149 1055 5204 ordinem
1106 5147 1177 5218 quod
1190 5147 1295 5202 videtur
1308 5145 1408 5200 habere
1420 5145 1532 5204 mediam
1544 5147 1682 5202 rationem.
1709 5153 1833 5216 ceterum,
1847 5149 1908 5202 ut²⁵

254 5317 284 5380 (t)
299 5317 463 5368 inveniendae
476 5317 519 5368 im.
612 5317 645 5382 (a)
662 5314 738 5366 iudex
750 5317 864 5368 tutelaris
875 5317 983 5382 itemque
998 5333 1055 5368 ceu·
1105 5315 1183 5382 cedat,
1192 5317 1274 5368 inula
1284 5319 1327 5368 ias.
1384 5315 1428 5380 (13)
1448 5315 1596 5376 52=Oolt
1610 5317 1742 5380 l,ll,s.l·
1777 5317 1823 5382 (rr)
1839 5317 1908 5368 dam·

254 5383 366 5450 tumviri,
380 5385 402 5436 si
416 5383 489 5436 alitcr
501 5385 531 5436 de
544 5383 618 5436 rebus
630 5383 787 5434 hereditariis
801 5383 840 5434 vel
853 5385 883 5436 de
897 5383 945 5436 lide
957 5387 1056 5450 generis
1105 5387 1200 5436 uercF
1245 5387 1290 5450 (rt)
1307 5383 1443 5434 metallolr'
1490 5383 1536 5448 (lt)
1552 5383 1662 5450 irrogata
1670 5403 1717 5436 scr.
1765 5385 1809 5448 (tt)
1826 5383 1908 5436 Verba

254 5447 753 5518 mauuonpossunt,poteruntl²acms
804 5457 836 5516 (³)
854 5451 1056 5504 inrabnsdubiis
1105 5453 1218 5518 rescripti
1232 5451 1431 5520 [diviHaclriani
1444 5453 1479 5502 od
1488 5451 1621 5518 Epaulium
1632 5451 1764 5502 Taurinam
1775 5469 1908 5518 proconsu-

254 5515 402 5572 innPeutaa
470 5523 501 5582 (t)
519 5519 744 5588 incepnteiusim.
812 5521 844 5586 (t)
862 5519 1055 5586 postulantiscr.
1106 5521 1150 5572 lem
1160 5521 1300 5586 Baeticaelc
1319 5521 1428 5570 Poenam
1436 5517 1622 5572 MariEuaristi
1636 5521 1709 5584 reete,
1724 5517 1841 5580 Taurino,
1855 5533 1908 5566 mo-

254 5585 288 5650 (t)
302 5585 428 5638 habereF
489 5589 523 5656 (a)
539 5589 651 5642 Suriim.
1105 5585 1493 5650 deratusesedmodumovdpae:
1510 5585 1660 5638 refertenim
1671 5585 1731 5636 Call.
1799 5585 1845 5648 (ts)
1862 5583 1907 5634 eli-

286 5653 320 5716 (a)
338 5653 398 5704 Snl.
407 5665 466 5706 t...o.
476 5665 553 5716 satit
571 5659 620 5708 Ed.
630 5669 650 5708 ¹1.
659 5665 752 5714 idaeas
770 5653 833 5722 Pop.
844 5665 974 5710 sama-
989 5655 1053 5708 Bne.
1104 5671 1162 5720 gere
1172 5653 1431 5722 seprovocareoolt
1468 5653 1512 5718 (19)
1531 5651 1755 5704 remittendusedd.
1788 5652 1838 5715 (ab)
1855 5665 1907 5702 nou

255 5719 295 5784 dd,
308 5731 341 5774 tt.
354 5747 390 5772 -ε
407 5721 445 5788 Of.
458 5723 515 5774 Coei.
529 5725 552 5788 9,
567 5735 593 5776 4¹1
660 5723 696 5788 (9)
713 5737 788 5784 quam
801 5721 942 5786 sustineret]
957 5737 1056 5774 cauam
1105 5725 1149 5776 iar.
1209 5724 1254 5788 (at)
1272 5719 1427 5774 cadaueri
1488 5721 1536 5784 (aa)
1553 5719 1697 5770 nouimll'
1751 5717 1799 5780 (aa)
1816 5715 1911 5770 veliti?

254 5787 420 5840 sustinere?²
478 5787 524 5852 (lo)
540 5791 634 5854 quial*
686 5791 894 5854 (11)inim.edd.
950 5791 996 5854 (ti)
1013 5803 1055 5842 ex·
1104 5791 1152 5856 (aa)
1169 5791 1356 5854 quadratam.
1424 5789 1472 5854 (lt)
1488 5785 1764 5852 uldel-RSWPMW
