4366 6258
249 373 288 422 DE
309 371 345 418 VI
365 371 408 418 ET
429 371 475 424 DE
497 371 533 416 Vi
553 369 689 416 hemana

249 537 357 614 plurium
374 551 488 590 222222
506 539 534 588 21
551 535 630 588 duum
649 535 690 588 vel
707 535 795 588 trium.
831 535 879 588 sed
899 533 987 590 verius
1010 537 1051 586 est

248 617 273 668 in
293 609 343 662 hoc
363 605 518 670 interdicto,
544 605 648 658 etiamsi
670 619 739 658 unus
761 619 852 658 servus
875 605 900 658 21
917 603 1050 666 deiecerit,

252 683 277 734 11
310 673 437 730 1222111222
454 673 535 726 rideri
551 673 686 726 deiecisse.
720 671 849 726 Familiae
872 671 1051 742 appellatione

248 755 272 804 et
287 759 340 808 eos,
359 757 426 810 quos
443 741 503 794 loeo
522 757 658 796 servorum
670 741 807 806 habemus,
827 741 957 796 contineri
971 757 1050 808 opor-

251 821 277 872 22
311 817 367 866 tere
386 809 527 864 dicendum
542 815 591 864 est.
625 811 654 864 Si
670 809 729 878 quis
747 815 836 862 222222
853 815 932 878 neget
950 823 978 862 22
995 823 1050 862 ser-

249 899 303 940 vum
320 877 504 932 2211222111222
522 877 687 944 2212222221,
711 877 843 946 cogendus
866 883 908 930 est
925 877 981 946 pati
998 877 1050 930 hoc

248 949 425 1014 interdictum,
447 947 554 1002 adhoc
576 947 691 1012 scilicet,
714 951 745 1000 ut
767 945 838 1014 quod
860 945 894 998 ad
911 963 972 1000 eum
989 961 1049 1016 per-

249 1027 276 1078 22
310 1017 381 1072 venit
397 1015 528 1070 restituat.
563 1015 593 1070 Si
615 1015 686 1070 iilius
707 1015 820 1068 familias
838 1015 879 1066 rel
895 1027 1050 1068 mercenna-

249 1095 275 1146 21
309 1085 365 1140 2122
383 1085 409 1138 21
426 1083 564 1150 deiecerit,
585 1083 650 1138 utile
665 1083 835 1138 interdictum
852 1083 987 1150 competit.
1022 1081 1051 1136 Si

249 1159 369 1214 adversus
380 1169 449 1218 enm,
467 1151 513 1220 qui
524 1153 552 1204 in
563 1153 711 1206 libertatem
722 1167 755 1204 ex
765 1151 891 1204 servitute
902 1151 945 1204 rel
956 1155 1050 1204 contra

248 1225 356 1298 petitur,
374 1225 435 1290 post
452 1221 605 1274 inchoatum
621 1219 729 1274 liberale
746 1219 873 1270 indicium
889 1225 952 1272 utar
968 1219 1050 1272 inter-

249 1295 312 1348 dicto
331 1297 359 1342 et
375 1289 441 1342 liber
458 1287 590 1342 iudicatus
605 1287 687 1342 fuerit
701 1291 727 1340 et
742 1285 897 1354 apparuerit
911 1287 1051 1354 ignorante

248 1379 276 1418 eo
299 1375 315 1412 a
338 1357 420 1412 serris
443 1357 499 1410 2122
522 1357 546 1410 21
569 1371 611 1410 me
635 1357 780 1420 deiectum,
803 1357 831 1408 in
854 1355 1051 1424 possessionem

249 1435 276 1486 22
310 1427 442 1480 22222222.
482 1423 559 1492 Quod
582 1439 674 1478 servus
696 1424 737 1478 221
760 1429 920 1492 2222222222
941 1423 982 1478 221
1004 1441 1050 1478 22-

248 1501 321 1552 12222
338 1499 442 1558 tenent,
466 1493 586 1546 dominus
605 1491 708 1546 videtur
721 1493 868 1570 possidere,
887 1499 913 1546 et
930 1491 990 1546 ideo
1007 1495 1050 1548 his

248 1561 351 1618 deiectis
377 1563 435 1630 ipse
464 1561 534 1614 deici
557 1561 588 1614 de
611 1577 779 1630 possessione
803 1561 918 1626 videtur,
947 1561 1051 1618 etiamsi

248 1635 345 1700 ignoret
362 1645 408 1684 ecs
426 1629 550 1696 deiectos,
569 1645 618 1696 per
635 1645 701 1698 quos
717 1629 880 1698 possidebat.
908 1635 934 1684 et
952 1631 975 1684 si
1009 1633 1050 1686 uis

247 1703 323 1768 igitur
345 1699 426 1762 alius,
454 1713 503 1768 per
531 1713 609 1768 quem
632 1699 815 1766 possidebam,
846 1699 965 1756 deiectus
992 1649 1050 1754 222-

248 1771 290 1832 212,
315 1765 380 1820 mihi
403 1771 551 1836 competere
571 1765 741 1822 interdictum
758 1769 856 1822 nemini
874 1769 984 1822 dubium
1001 1773 1050 1824 est.

248 1843 276 1890 23
308 1835 481 1888 Interdictum
507 1839 595 1888 autem
624 1837 676 1890 hoc
703 1837 770 1890 nulli
794 1837 920 1906 competit
942 1837 993 1892 nisi
1018 1837 1050 1904 ei,

248 1905 288 1974 qui
304 1907 369 1956 tuno
386 1919 447 1956 cum
464 1903 611 1958 deiceretur
629 1905 795 1974 possidebat,
818 1921 869 1960 uec
893 1903 962 1960 alius
983 1905 1050 1960 deici

248 1977 276 2026 24
309 1969 382 2026 21222
404 1977 445 2026 222
466 1987 546 2042 quam
569 1975 613 2040 qui
635 1975 761 2042 possidet.
797 1975 858 2026 Sive
879 1977 968 2026 autem
991 1989 1050 2026 cor·

248 2053 308 2110 pore
330 2039 385 2092 2122
407 2039 493 2092 animo
512 2041 649 2108 possidens
668 2041 727 2110 quis
746 2041 864 2096 deiectus
883 2045 937 2104 est,
961 2041 1051 2108 palam

248 2113 367 2162 osteum
389 2107 415 2160 21
438 2107 569 2162 deiectum
589 2109 680 2164 videri.
714 2109 867 2176 idcircoque
891 2109 914 2162 si
936 2109 994 2176 quis
1019 2107 1051 2162 de

248 2191 307 2242 agro
330 2191 378 2228 suo
400 2175 442 2228 rel
464 2177 496 2230 de
518 2175 594 2230 domo
617 2177 793 2244 processisset
815 2175 919 2230 nemine
941 2191 1051 2230 suorum

248 2243 342 2306 relicto,
360 2257 422 2296 :nox
436 2249 569 2296 revertens
582 2243 732 2312 prohibitus
746 2245 781 2296 sit
794 2243 897 2310 ingredi
911 2243 953 2296 221
963 2243 1051 2310 ipsum

246 2307 387 2380 praedium,
405 2311 447 2362 vel
464 2311 487 2364 si
505 2311 563 2378 quis
580 2325 640 2364 eum
656 2311 685 2362 in
701 2311 788 2366 medio
800 2311 894 2364 itinere
909 2309 1052 2364 detinuerit

247 2383 271 2434 et
286 2379 343 2446 ipse
359 2377 516 2446 possederit,
533 2379 560 2432 21
577 2377 694 2434 22122222
711 2377 828 2434 videtur:
848 2377 970 2432 ademisti
983 2379 1052 2432 enim

248 2447 270 2500 ei
285 2447 487 2514 possessionem,
506 2461 585 2514 quam
599 2447 687 2500 animo
702 2449 842 2512 retinebat,
861 2447 911 2500 etsi
923 2463 978 2500 non
993 2463 1050 2500 cor-

248 2519 276 2566 25
311 2529 384 2580 pore.
425 2515 903 2582 2122222122212112222221222222
926 2515 1050 2568 hiberno-

247 2597 354 2648 rumque
371 2581 487 2634 saltuum
503 2597 551 2634 nos
569 2581 750 2650 possessiones
769 2581 856 2636 animo
874 2583 1004 2648 retinere,
1024 2581 1052 2636 id

248 2649 357 2716 exempli
383 2651 483 2704 causa2
512 2649 592 2704 didici
620 2647 764 2704 Proculum
794 2651 894 2704 dicere:
929 2665 990 2704 nam
1019 2665 1052 2704 ex

248 2715 366 2770 omuibus
382 2717 513 2786 praediis,
533 2731 567 2770 ex
584 2717 679 2784 quibus
697 2733 751 2770 nou
768 2717 820 2770 1222
837 2721 926 2772 mente
943 2719 1050 2772 recede-

248 2801 315 2850 mus,
338 2789 370 2838 ut
388 2785 521 2840 omississe
538 2785 732 2854 possessionem
749 2785 888 2852 vellemus,
912 2785 983 2840 idem
1001 2793 1049 2840 est.

248 2857 276 2906 22
309 2851 389 2920 Eum,
407 2853 452 2920 qui
467 2867 551 2920 neque
567 2851 654 2906 animo
665 2869 752 2922 neque
764 2869 876 2922 corpore
887 2853 1051 2922 possidebat,

247 2919 344 2988 ingredi
361 2925 450 2974 autem
467 2925 494 2972 et
510 2921 627 2988 incipere
644 2921 780 2988 possidere
797 2921 979 2990 prohibeatur,
998 2939 1052 2974 non

247 2987 325 3042 rideri
342 2987 474 3042 deiectum
490 2989 578 3040 verius
596 2993 648 3040 est:
674 2989 786 3040 deicitur
804 2987 873 3040 euim
890 2989 936 3056 qui
954 2989 1052 3040 amittit

247 3061 274 3108 21
306 3055 516 3174 possessionem,
539 3071 593 3108 non
614 3055 659 3124 qui
683 3071 736 3108 non
754 3055 885 3122 accipitur
893 3057 912 3106 ³.
947 3055 1009 3110 Vim
1026 3055 1052 3108 21

246 3137 306 3190 2222
327 3137 371 3176 222
387 3123 468 3176 112222
480 3121 587 3178 Cassius
603 3123 696 3178 scribit
708 3123 789 3190 idque
805 3121 847 3176 ius
865 3127 963 3176 natura
980 3139 1050 3176 eom·

247 3197 368 3260 paratur:
392 3197 623 3258 appendentem,
641 3191 740 3258 inquit,
758 3205 792 3244 ex
809 3191 860 3244 224
878 3205 953 3244 arma
971 3191 1051 3244 armis

248 3263 276 3312 28
311 3259 440 3338 repellere
456 3259 545 3310 licere.
580 3257 616 3310 Vi
636 3259 772 3326 possidere
797 3271 858 3310 eum
875 3257 1052 3310 deliniendum

247 3331 291 3390 est,
311 3341 355 3394 qm
370 3325 480 3394 expulso
495 3331 582 3378 222222
596 3341 750 3392 possessore
764 3325 924 3392 adquisitam
938 3339 986 3394 per
999 3325 1052 3376 2122

247 3393 437 3464 possessionem
462 3393 564 3460 optinet
587 3397 635 3446 aut
656 3391 702 3462 qui
723 3393 750 3444 in
768 3391 819 3446 hoc
836 3391 926 3460 ipsum
943 3397 1051 3460 aptatus

248 3469 272 3516 et
287 3467 462 3530 praeparatus
479 3461 551 3514 22211
568 3463 616 3514 ut⁵
634 3465 728 3514 eontra
738 3461 826 3520 bonos
842 3475 929 3514 mores
943 3459 1050 3526 auxilio,

248 3547 277 3584 ne
293 3529 431 3598 prohiberi
447 3529 531 3598 possit
547 3527 695 3596 ingrediens
713 3529 741 3580 in
754 3527 959 3596 possessionem,
976 3527 1049 3580 iacit.

248 3597 291 3652 sed
308 3595 353 3666 qui
370 3597 483 3664 pervim
497 3595 691 3664 possessionem
705 3611 783 3650 suam
794 3595 941 3660 retinuerit,
959 3595 1051 3648 Labeo

249 3671 276 3718 22
312 3665 350 3718 212
365 3679 420 3718 uon
436 3663 462 3718 21
479 3663 621 3732 possidere.
657 3663 731 3718 idern
747 3663 840 3718 Labeo
857 3663 895 3716 211
914 3679 988 3728 eum,
1007 3663 1052 3730 qui

248 3739 315 3790 metu
332 3733 428 3786 turbae
445 3731 600 3800 perterritus
619 3731 726 3800 fugerit,
749 3731 792 3784 rifl
809 3731 893 3784 videri
911 3731 1051 3784 deiectum.

248 3803 291 3856 222
303 3801 466 3868 Pomponius
484 3799 591 3854 2122122
608 3799 663 3854 2122
683 3799 815 3868 corporali
831 3799 857 3852 21
874 3799 980 3866 122222ἵ
997 3815 1052 3854 non

248 3871 356 3934 hahere,
384 3869 465 3938 2222Β
494 3867 573 3922 etiam
594 3883 667 3934 eum,
696 3869 741 3936 qui
764 3865 871 3934 fugatus
894 3871 936 3922 est
959 3883 1050 3938 super-

248 3939 408 3994 venientibus
427 3937 596 4006 quibusdam,
620 3937 643 3990 21
664 3937 702 3990 1111
725 3935 751 3988 21
774 3951 841 3988 2222
861 3941 972 3988 averunt
988 3951 1051 4004 pos·

249 4011 277 4060 30
312 4007 470 4070 sessionem,
496 4003 579 4060 videri
605 4005 632 4058 21
658 4003 797 4058 deiectum.
839 3953 890 4070 221
918 4019 935 4054 2
959 4019 1001 4058 me
1026 4003 1052 4056 21

248 4073 409 4142 possidebat,
432 4073 455 4126 si
476 4073 510 4126 ab
533 4071 585 4126 alio
608 4071 750 4138 deiciatur,
773 4071 856 4126 habet
872 4069 1050 4126 interdictum.

248 4147 275 4194 31
312 4141 362 4206 Qui
380 4141 405 4192 vi
422 4139 539 4194 deiectus
558 4147 612 4206 est,
634 4139 762 4208 quidquid
779 4139 870 4192 damni
887 4139 999 4194 22222212
1018 4141 1051 4192 oh

248 4209 295 4264 boc
307 4209 378 4278 quod
391 4207 508 4262 deiectus
520 4213 568 4272 est,
585 4209 738 4276 reciperare
748 4207 840 4260 dehet:
857 4207 971 4276 pristina
983 4207 1051 4260 enim

243 4291 328 4330 causa
349 4277 453 4330 restitui
474 4277 564 4342 dehet,
590 4291 669 4344 quam
689 4275 831 4330 habiturus
851 4279 924 4342 2222,
952 4275 975 4328 21
998 4291 1052 4330 non

248 4351 277 4398 32
311 4345 405 4400 1212222
422 4345 548 4400 deiectus.
583 4345 612 4398 si
627 4343 741 4408 fundus,
764 4359 783 4396 a
806 4359 858 4412 quo
882 4345 1051 4412 2122221222

248 4415 306 4480 sim,
323 4413 389 4466 mihi
404 4413 545 4468 restitutus
563 4417 645 4478 esset,
665 4417 768 4468 ceterae
785 4427 847 4466 2222
865 4427 922 4476 222,
941 4427 1008 4480 quae
1026 4413 1052 4464 21

248 4483 350 4534 ablatae
374 4485 447 4546 sunt,
473 4495 528 4534 noa
556 4481 745 4546 restituantur,
771 4481 816 4534 hic
844 4479 984 4534 dicendum
1011 4485 1053 4534 222

248 4546 414 4604 interdictum
436 4549 516 4602 nihilo
533 4549 621 4602 minus
638 4555 741 4616 tenere,
764 4549 828 4616 quia
848 4565 940 4604 verum
963 4553 1005 4602 est
1027 4549 1052 4600 21

248 4631 304 4672 2222
329 4615 467 4672 deiectum.
502 4617 581 4686 plane
608 4619 630 4672 21
657 4617 715 4686 quis
742 4617 804 4672 velit
827 4615 860 4672 22
882 4617 1051 4686 possessione

248 4687 350 4752 quidem
367 4685 405 4744 rei
422 4685 473 4740 soli
490 4701 537 4754 per
554 4687 605 4740 hoc
622 4687 791 4740 interdictum
807 4687 935 4754 experiri,
960 4685 992 4740 22
1009 4699 1050 4740 22-

248 4751 295 4808 bus
317 4771 380 4808 vero
402 4753 543 4808 mobilibus
566 4753 600 4806 ad
622 4753 798 4808 exhibendum
822 4755 940 4820 actious,
962 4759 1052 4822 potest

248 4819 315 4876 hoct
338 4837 387 4876 suo
411 4821 520 4876 arbitrio
544 4821 657 4886 habere,
687 4829 714 4876 et
738 4823 777 4874 ita
797 4821 918 4876 Iulianus
946 4823 1050 4876 scribit:

248 4887 315 4942 idem
331 4891 425 4946 scribit
442 4893 468 4942 et
485 4889 508 4942 si
525 4891 583 4958 quis
601 4891 628 4942 21
643 4891 774 4944 bonorum
791 4897 930 4958 raptorum
952 4891 984 4946 22
1001 4893 1050 4942 122-

250 4959 277 5008 33
312 4957 426 5012 iusmodi
446 4957 525 5012 rebus
548 4957 610 5012 22111
632 4957 754 5026 experiri.
794 4957 871 5026 Quod
898 4963 987 5012 autem
1015 4959 1053 5014 ait

249 5031 366 5092 praetor:
392 5029 519 5096 ‘quaeque
535 5025 572 5080 ibi
588 5027 700 5090 habuit,
719 5025 756 5080 sic
775 5025 930 5094 accipimus,
948 5031 978 5080 ut
995 5041 1050 5080 om-

249 5107 292 5146 nes
310 5109 353 5148 res
371 5095 564 5160 contineantur,
581 5109 636 5148 nou
649 5095 735 5148 solum
749 5107 816 5160 quae
830 5095 955 5162 propriae
967 5095 1051 5164 ipsius

248 5157 366 5230 inerunt,
386 5179 478 5218 nerum
500 5163 579 5218 etiam
603 5161 626 5216 si
647 5177 716 5230 quae
739 5161 811 5230 apud
832 5177 893 5216 eum
914 5161 1053 5232 depositae

249 5227 288 5282 vel
305 5231 329 5284 ei
347 5229 528 5286 commodatae
544 5231 585 5286 221
602 5229 768 5298 pigneratus,
793 5245 957 5298 quarumque
974 5247 1052 5286 usum

249 5295 381 5374 :elusum
397 5299 515 5352 12221222
531 5299 573 5354 221
590 5297 739 5352 custodiam
755 5297 863 5362 habuit,
886 5299 927 5352 rel
944 5299 967 5354 si
984 5315 1052 5368 quae

250 5377 273 5416 e1
296 5365 399 5422 locatae
423 5371 498 5422 sunt:
527 5381 587 5422 eum
602 5367 683 5422 enim
704 5367 777 5422 dicat
798 5371 908 5434 praetor
931 5369 1051 5434 ι12212212,

250 5433 279 5484 34
314 5435 402 5488 omnia
418 5435 486 5488 haec
503 5435 620 5488 habendi
635 5437 716 5490 verbo
735 5435 912 5490 conducatur.
947 5437 1053 5492 Rectis-

250 5605 276 5668 (1)
295 5607 384 5672 siquis
395 5611 471 5672 neget
527 5605 669 5672 defendere,
683 5611 825 5658 1222222222.
895 5611 927 5674 (2)
946 5609 996 5660 2121
1005 5611 1050 5660 ins.

1043 343 1104 416 tte

1668 339 1842 406 XXXXIII
1868 345 1905 408 16

1102 531 1165 586 sime
1184 539 1272 588 antem
1289 539 1397 604 praetor
1414 529 1515 586 addidit
1536 535 1607 584 ‘tunc
1623 525 1788 604 ihithabuit’.
1824 531 1904 582 ‘tunc'

1103 601 1140 654 sic
1163 601 1221 652 acci
1239 603 1308 658 imus
1331 607 1398 658 ‘cum
1421 601 1593 656 deiceretur’:
1617 601 1644 652 22
1665 595 1723 648 2222
1748 601 1775 648 21
1796 595 1819 650 21
1842 597 1905 666 quid

1101 673 1195 738 postca
1231 671 1290 724 22112
1306 673 1360 726 11112
1377 687 1446 736 esse,
1470 669 1610 724 dicendum
1627 665 1677 722 erit
1694 665 1721 718 in
1737 663 1906 720 interdictum

1101 737 1197 792 venire.
1234 739 1272 792 sie
1295 739 1340 806 fit,
1363 747 1407 806 ut,
1431 739 1534 796 edumei
1553 737 1672 794 homines
1690 733 1729 788 221
1746 749 1844 802 pecora
1861 735 1906 790 de-

1100 811 1206 860 mortua
1224 805 1277 858 sint
1292 813 1355 874 post
1372 809 1559 874 deiectionem,
1581 805 1722 862 interdicto
1739 805 1814 858 locus
1832 805 1905 872 21212

1103 879 1133 928 31
1169 873 1291 944 Denique
1314 877 1406 930 scribit
1421 877 1541 932 Iulianus
1563 893 1635 944 eum,
1658 873 1745 946 quiri
1762 873 1857 928 2212212
1874 889 1906 928 ex

1102 959 1132 998 eo
1150 943 1274 1012 praedio,
1298 943 1326 996 in
1349 959 1401 1012 quo
1424 947 1542 1002 homines
1565 947 1685 1012 fuerant,
1709 945 1818 1014 2222122
1840 959 1905 1010 2222,

1102 1021 1131 1066 22
1154 1013 1233 1066 etiam
1255 1015 1313 1066 sine
1337 1013 1416 1082 culpa
1442 1015 1498 1068 2122
1519 1015 1631 1070 morieris
1654 1015 1803 1070 homiuibus
1826 1013 1905 1068 aesti-

1101 1081 1243 1148 mationem
1269 1097 1361 1136 eorum
1382 1097 1430 1150 per
1450 1083 1620 1138 interdictum
1640 1085 1779 1140 restituere
1802 1083 1905 1150 debeat,

1101 1151 1179 1206 sicuti
1202 1151 1247 1204 fur
1270 1149 1382 1206 hominis
1409 1151 1487 1204 etiam
1512 1159 1617 1208 mortuo
1640 1169 1672 1208 eo
1694 1159 1808 1208 tenetur.
1843 1151 1906 1206 huic

1103 1235 1265 1288 consequens
1284 1235 1341 1274 2222
1359 1219 1410 1282 212,
1434 1225 1464 1270 22
1484 1219 1562 1274 211122
1580 1237 1683 1290 quoque
1701 1225 1727 1276 22
1744 1223 1848 1276 aedium
1865 1221 1905 1290 in-

1103 1289 1194 1344 cendio
1208 1291 1425 1356 consumptarum
1437 1289 1550 1354 pretium
1565 1289 1703 1344 restituere
1718 1297 1842 1360 cogatur:
1860 1291 1906 1344 ubi

1101 1359 1170 1412 enim
1188 1359 1259 1426 quis,
1283 1357 1381 1426 inquit,
1401 1355 1512 1436 deiecit,
1530 1373 1578 1476 per
1595 1375 1656 1414 eum
1672 1359 1776 1414 stetisse
1793 1357 1905 1424 videtur,

1102 1431 1133 1480 36
1169 1441 1221 1496 quo
1239 1425 1326 1480 minus
1343 1429 1503 1478 restitueret.
1546 1425 1634 1480 dcirco
1649 1433 1771 1482 constare
1786 1429 1824 1482 ait
1838 1443 1906 1494 eum,

1101 1495 1146 1564 qui
1168 1495 1193 1546 vi
1216 1495 1310 1548 deiecit
1334 1493 1431 1562 quique
1452 1491 1506 1546 ri¹¹
1532 1493 1590 1546 sine
1617 1493 1677 1548 dolo
1706 1497 1777 1552 malo
1802 1495 1908 1552 desierit

1102 1569 1130 1618 3i
1168 1561 1313 1632 possidere,
1328 1561 1469 1616 interdicto
1485 1561 1578 1614 teneri.
1606 1561 1662 1616 ‘lbi’
1677 1569 1766 1618 221222
1778 1565 1817 1618 212
1848 1579 1907 1618 rae·

1101 1639 1152 1700 tor,
1170 1637 1201 1684 ut
1217 1647 1251 1686 ne
1269 1633 1328 1700 quis
1346 1633 1372 1684 22
1390 1645 1458 1698 quae
1473 1629 1528 1684 illic
1545 1645 1599 1684 non
1616 1631 1721 1700 habult,
1746 1581 1906 1702 2222222222-

1103 1705 1133 1754 38
1168 1705 1220 1754 222.
1252 1699 1323 1754 Sane
1340 1699 1410 1768 quod
1427 1699 1465 1750 ait
1481 1703 1590 1768 praetor
1607 1699 1670 1764 ι1121,
1688 1701 1818 1768 quomodo
1837 1701 1906 1756 acci·

1101 1771 1206 1838 pimus?
1230 1773 1320 1822 utrum
1337 1769 1365 1820 in
1382 1783 1413 1822 eo
1430 1767 1498 1832 loco,
1517 1765 1587 1820 unde
1605 1767 1663 1836 quis
1681 1767 1840 1824 2122122222
1859 1775 1907 1834 222,

1102 1855 1136 1890 22
1153 1855 1213 1890 2222
1232 1837 1259 1890 in
1278 1837 1348 1890 omni
1365 1835 1551 1906 possessione?
1580 1839 1607 1888 22
1623 1835 1716 1888 melius
1734 1835 1837 1890 dicetur
1853 1855 1908 1890 non

1103 1907 1136 1958 ad
1159 1907 1284 1974 angulum
1307 1903 1475 1960 referendum
1498 1905 1539 1958 vel
1562 1903 1662 1970 locum,
1690 1903 1719 1956 in
1742 1921 1794 1972 quo
1819 1903 1906 1970 luerit,

1101 1989 1190 2026 verum
1208 1975 1287 2026 ctiam
1301 1973 1338 2026 ad
1350 1989 1452 2026 omnem
1465 1979 1569 2042 partem
1583 1971 1766 2040 possessionis,
1784 1987 1836 2040 qua
1849 1973 1907 2040 quis

1103 2047 1133 2094 39
1169 2041 1267 2106 caruit,
1290 2057 1350 2094 curn
1373 2041 1492 2094 deicitur.
1527 2041 1621 2092 Annus
1643 2039 1672 2092 in
1693 2039 1744 2094 hoc
1766 2039 1907 2094 interdicto

1102 2113 1133 2162 40
1169 2109 1241 2164 utilis
1256 2113 1309 2172 esi.
1344 2109 1387 2162 Ex
1405 2109 1459 2176 die,
1477 2125 1528 2176 quo
1547 2107 1605 2176 quis
1624 2107 1741 2160 22122222
1760 2113 1813 2174 222,
1835 2107 1908 2160 1222-

1101 2181 1176 2228 tuum
1193 2179 1261 2230 ratio
1280 2177 1401 2242 hahetur,
1420 2177 1537 2244 quamvis
1555 2179 1583 2228 in
1601 2173 1695 2228 ceteris
1712 2173 1860 2228 interdictis
1875 2189 1909 2226 ex

1103 2261 1154 2310 quo
1172 2245 1243 2297 edita
1261 2251 1332 2308 sunt,
1349 2261 1404 2298 non
1420 2251 1500 2310 retro,
1520 2245 1716 2312 computantur.
1742 2241 1812 2296 idem
1826 2245 1868 2296 est
1882 2247 1909 2294 et

1101 2313 1129 2366 in
1145 2311 1225 2366 rebus
1243 2313 1394 2376 mobilibus,
1413 2327 1481 2380 quae
1498 2313 1535 2366 ibi
1553 2317 1643 2366 erant:
1664 2325 1725 2362 nam
1744 2315 1770 2362 et
1787 2309 1908 2362 earumffl

1102 2379 1205 2434 fructus
1224 2381 1395 2450 computandi
1412 2385 1480 2446 sunt,
1499 2395 1532 2434 ex
1547 2397 1599 2448 quo
1615 2377 1674 2448 quis
1688 2377 1713 2432 21
1727 2377 1844 2432 22122122
1859 2383 1907 2430 222.

1103 2455 1131 2500 41
1169 2449 1230 2502 Non
1252 2451 1337 2504 solnm
1360 2455 1449 2502 autem
1471 2449 1604 2502 fructuum
1628 2447 1695 2500 ratio
1712 2445 1908 2500 1222212222-

1103 2515 1173 2570 21212
1200 2517 1328 2584 habetur,
1356 2533 1447 2570 rerum
1475 2523 1622 2570 ceterarum
1650 2515 1729 2568 etiam
1755 2513 1908 2566 utilitatium

1102 2583 1223 2638 habenda
1241 2589 1294 2638 est:
1319 2601 1381 2638 nam
1404 2591 1431 2638 et
1450 2585 1573 2638 vivianus
1597 2581 1730 2638 22122212
1752 2581 1804 2634 hoc
1826 2581 1908 2634 inter-

1103 2653 1172 2706 dicto
1190 2653 1292 2718 omnia,
1317 2667 1496 2722 quaecumque
1518 2651 1658 2706 habiturus
1675 2651 1716 2704 rel
1733 2649 1908 2704 adsecuturus

1103 2725 1160 2776 erat
1181 2719 1206 2774 is
1231 2721 1277 2788 qui
1299 2721 1418 2776 deiectus
1442 2725 1494 2788 est,
1520 2721 1542 2774 si
1565 2719 1590 2774 ri
1613 2719 1728 2772 deiectus
1752 2735 1806 2770 non
1830 2721 1908 2784 esset,

1102 2789 1206 2842 restitui
1223 2795 1270 2842 aut
1287 2803 1379 2842 eorum
1389 2791 1410 2822 ²³
1432 2789 1504 2842 litem
1524 2803 1540 2842 a
1557 2789 1644 2842 iudice
1661 2785 1794 2842 aestimari
1812 2785 1908 2840 debere

1103 2871 1214 2924 eumque
1230 2861 1335 2908 tantum
1352 2863 1569 2922 consecuturum,
1593 2857 1686 2924 quanti
1703 2869 1752 2908 sue
1768 2855 1909 2908 interesset

1103 2929 1133 2974 12
1169 2939 1198 2978 22
1220 2923 1246 2974 21
1271 2923 1401 2978 deiectum
1426 2941 1480 2978 nou
1503 2941 1570 2978 esse.
1610 2923 1653 2976 Ex
1673 2923 1813 2978 interdicto
1838 2921 1908 2976 unde

1103 2991 1126 3044 21
1150 2991 1229 3042 etiam
1251 2989 1287 3054 is,
1319 2991 1364 3058 qui
1391 3007 1446 3044 non
1469 2989 1600 3058 possidet,
1628 2991 1767 3044 restituere
1791 2995 1907 3058 cogetur.

1103 3061 1134 3112 43
1169 3057 1342 3112 Interdictum
1360 3059 1411 3112 hoc
1429 3059 1491 3124 quia
1509 3059 1677 3112 atrocitatem
1694 3057 1819 3112 facinoris
1836 3057 1864 3110 in
1880 3073 1909 3112 se

1103 3127 1194 3190 habet,
1243 3127 1374 3178 uaesitum
1397 3131 1451 3190 est,
1475 3141 1510 3178 an
1532 3125 1628 3180 liberto
1651 3127 1680 3180 in
1702 3131 1845 3194 patronum
1868 3125 1909 3178 vel

1102 3193 1190 3246 liberis
1209 3143 1336 3246 22222222
1353 3199 1476 3260 22222122
1496 3193 1629 3262 competit.
1657 3199 1683 3246 et
1699 3193 1787 3248 222122
1805 3199 1908 3248 222222

1102 3261 1197 3312 liberto
1221 3259 1249 3312 iu
1272 3265 1413 3328 patronum
1433 3277 1482 3318 nec
1499 3261 1527 3312 in
1544 3265 1668 3328 parentes
1685 3259 1774 3314 liberis
1793 3261 1909 3314 dandum

1103 3341 1162 3382 esse
1186 3325 1332 3394 meliusque
1356 3327 1407 3380 erit
1426 3327 1455 3380 in
1476 3325 1578 3380 factum
1595 3329 1725 3382 actionem
1742 3329 1785 3382 his
1803 3343 1908 3396 compe-

1102 3401 1167 3448 tere.
1202 3393 1278 3448 aliter
1301 3399 1381 3462 atque
1405 3395 1473 3448 2121
1496 3399 1599 3448 armata
1627 3411 1691 3448 usus
1721 3397 1756 3450 sit
1782 3397 1908 3450 adversus

1102 3462 1224 3515 libertum
1241 3465 1371 3530 patronus
1388 3463 1430 3516 221
1448 3463 1573 3516 22222222
1592 3463 1689 3518 11122222
1712 3479 1822 3532 parens:
1846 3479 1908 3516 nam

1103 3535 1134 3582 44
1168 3529 1213 3582 hic
1233 3529 1403 3582 interdictum
1427 3529 1558 3598 competit.
1599 3529 1658 3584 Hoc
1685 3531 1856 3586 interdictum
1882 3539 1908 3586 et

1103 3601 1134 3650 41
1169 3595 1260 3652 1222221
1284 3601 1311 3650 22
1334 3595 1429 3652 2222212
1453 3597 1650 3652 successoribus
1675 3615 1733 3652 corn
1754 3599 1809 3652 etit.
1847 3601 1908 3652 Non

1103 3665 1149 3718 alii
1166 3669 1262 3730 autern,
1280 3679 1359 3734 quum
1376 3665 1401 3718 ei
1418 3665 1461 3734 qui
1477 3665 1596 3734 possidet
1605 3667 1634 3730 ¹⁴,
1652 3667 1721 3720 12222
1741 3667 1821 3720 ‘etum
1838 3667 1908 3722 2222

1103 3733 1127 3786 21
1145 3739 1293 3804 competere
1312 3739 1494 3802 argumentum
1510 3735 1628 3802 praebet,
1647 3733 1718 3802 quod
1735 3735 1906 3804 2222111212-

1102 3817 1165 3856 num
1182 3801 1295 3856 relatum
1314 3805 1366 3868 est,
1385 3801 1407 3854 si
1426 3801 1484 3868 quis
1501 3817 1542 3856 me
1560 3803 1584 3856 21
1601 3803 1739 3868 221222211,
1763 3819 1836 3858 meos
1854 3821 1908 3858 non

1103 3869 1234 3934 deiecerit,
1253 3885 1315 3922 nonv
1326 3883 1404 3936 posse
1421 3885 1463 3922 me
1480 3871 1531 3922 hoc
1548 3869 1688 3924 interdicto
1706 3871 1826 3952 experiri,
1845 3871 1908 3940 quia

1102 3953 1150 4006 per
1166 3953 1212 3992 222
1229 3937 1332 3990 2221222
1349 3937 1556 4006 possessionem,
1581 3937 1626 4006 qui
1649 3937 1744 3992 2212222
1763 3955 1818 3992 nou
1835 3945 1905 3994 suut.

1103 4009 1134 4060 46
1169 4005 1242 4058 Idem
1254 4003 1382 4058 Viviauus
1393 4003 1490 4058 refert:
1509 4021 1598 4060 serres
1617 4005 1746 4074 quosdam
1757 4007 1785 4060 21
1797 4007 1907 4074 2222112,

1102 4075 1168 4128 21122
1184 4073 1293 4126 22212212
1310 4077 1336 4126 22
1352 4073 1437 4126 vinxit
1453 4075 1500 4126 aut
1517 4073 1596 4126 221222
1614 4075 1650 4126 212
1668 4073 1820 4142 imperarit:
1839 4075 1908 4128 2122

1103 4141 1232 4194 deiectum
1250 4139 1380 4208 intellegi:
1400 4139 1498 4192 desisse
1515 4141 1583 4192 enim
1601 4141 1745 4210 possidere,
1763 4157 1824 4194 cum
1839 4143 1908 4194 22221

1103 4207 1137 4262 ab
1159 4208 1212 4262 alio
1235 4207 1431 4276 possideantur.
1470 4213 1497 4262 et
1523 4207 1593 4276 quod
1618 4209 1646 4260 in
1673 4213 1749 4276 parte
1772 4223 1908 4262 serrorum

1103 4275 1203 4330 dictum
1220 4281 1274 4342 est,
1291 4275 1361 4330 idem
1377 4277 1405 4330 in
1424 4275 1543 4330 omnibus
1561 4275 1614 4330 dici
1631 4277 1680 4342 ait,
1702 4277 1725 4330 si
1742 4273 1813 4330 forte
1830 4291 1907 4330 nemo

1103 4345 1229 4414 depulsus
1247 4351 1330 4410 esset,
1354 4345 1401 4398 sed
1423 4343 1554 4414 possideri
1574 4345 1659 4408 aheo
1677 4359 1725 4396 coe
1743 4343 1839 4410 issent,
1864 4345 1909 4412 qui

1103 4417 1132 4466 41
1168 4413 1302 4482 ingressus
1327 4413 1356 4466 in
1380 4413 1575 4482 possessionem
1602 4417 1679 4466 esset.
1720 4361 1789 4478 2212
1812 4411 1908 4466 2121221

1103 4495 1232 4558 essemus,
1257 4485 1371 4546 tractat,
1394 4483 1418 4534 si
1436 4481 1521 4548 aliquo
1539 4479 1691 4548 possidente
1708 4493 1757 4600 epo
1774 4495 1878 4558 quoque
1887 4481 1908 4512 ¹⁵

1102 4565 1236 4616 mgressus
1259 4567 1317 4604 sum
1339 4549 1368 4602 in
1389 4549 1583 4618 possessionem
1601 4553 1629 4600 et
1646 4561 1698 4600 222
1735 4561 1829 4600 meram
1845 4563 1907 4616 pos-

1103 4633 1241 4684 sessorem,
1261 4617 1308 4672 sed
1325 4619 1443 4672 vinctum
1460 4635 1526 4688 2222
1544 4617 1633 4670 faeere
1652 4629 1758 4684 cogam:
1777 4619 1908 4684 quatenus

1102 4701 1158 4754 res,
1178 4687 1277 4756 inquit,
1297 4687 1384 4740 essct?
1407 4701 1454 4754 ego
1473 4687 1641 4752 2221222222
1661 4697 1720 4738 eum
1739 4699 1844 4750 quoque
1861 4685 1906 4738 de-

1103 4759 1134 4806 48
1169 4753 1269 4808 iactum
1290 4753 1386 4820 212221,
1410 4753 1455 4822 qui
1477 4753 1530 4806 illic
1553 4753 1656 4806 vinctus
1680 4755 1729 4804 est:
1764 4749 1809 4804 Ex
1826 4767 1908 4806 causa

1102 4821 1180 4876 huius
1202 4823 1338 4876 interdicti
1352 4823 1382 4876 in
1397 4823 1520 4876 heredem
1537 4827 1564 4876 et
1581 4821 1711 4874 bonorum
1727 4833 1908 4888 possessorem

1103 4897 1257 4960 ceterosque
1280 4907 1448 4946 successores
1469 4891 1498 4944 in
1519 4889 1620 4942 fuctum
1642 4885 1713 4942 actio
1737 4889 1863 4958 competit
1877 4889 1907 4944 in

1102 4959 1129 5012 id
1146 4959 1218 5026 quod
1235 4959 1270 5014 ad
1286 4975 1332 5014 eos
1349 4957 1469 5028 22222212

1136 5023 1155 5084 2
1178 5025 1296 5082 Parim
1317 5027 1384 5082 libro
1406 5027 1595 5098 sexagensimo
1617 5025 1711 5096 quinto
1734 5023 1771 5080 22
1793 5025 1905 5092 edictum

1103 5095 1196 5152 221222
1212 5095 1282 5152 malo
1301 5113 1391 5150 eorum
1404 5093 1505 5150 factum
1520 5097 1568 5160 est,
1586 5109 1638 5162 quo
1650 5093 1737 5148 minus
1748 5095 1904 5164 perveniret.

1136 5161 1154 5222 3
1179 5163 1323 5218 1122121222
1343 5165 1410 5218 libro
1433 5163 1620 5232 senupansimo
1639 5179 1710 5218 2222
1733 5163 1770 5218 22
1792 5163 1906 5218 edictum

1103 5231 1179 5300 Quod
1196 5239 1238 5288 est
1255 5239 1281 5288 et
1298 5233 1321 5288 21
1338 5231 1397 5300 quis
1414 5231 1494 5284 armis
1511 5229 1628 5286 deiectus
1645 5237 1692 5298 est,
1710 5231 1773 5302 quia
1789 5247 1823 5288 ex
1839 5231 1905 5286 iaci-

1102 5301 1211 5356 noribus
1230 5299 1527 5366 2212221222222222,
1553 5299 1623 5368 quod
1643 5301 1679 5356 22
1699 5301 1823 5356 heredem
1844 5317 1905 5368 per-

1101 5371 1182 5434 uenit,
1200 5369 1269 5422 actio
1285 5367 1376 5422 datur:
1395 5367 1496 5422 sufficit
1511 5369 1581 5424 euim
1598 5387 1652 5426 non
1668 5371 1696 5426 in
1714 5371 1789 5426 luero
1805 5371 1906 5426 2222221

1104 5443 1116 5488 1
1153 5451 1212 5490 eum
1229 5437 1366 5500 heredem,
1391 5451 1444 5490 nou
1461 5435 1542 5492 etiam
1559 5437 1682 5494 damnum
1700 5441 1797 5494 subire.
1831 5437 1906 5492 Haec

1102 5607 1146 5668 (12)
1164 5605 1235 5656 sioF
1274 5611 1314 5668 (11)
1332 5605 1426 5670 quique
1434 5611 1467 5674 ri]
1478 5611 1530 5662 turn
1540 5629 1645 5676 quoque,
1653 5611 1698 5662 ubi
1706 5629 1752 5662 aer.
1802 5611 1846 5674 (12)
1864 5625 1905 5660 eo·

249 5673 280 5734 (2)
298 5673 451 5740 222122121121
534 5677 566 5736 (2)
584 5673 1052 5740 quodininterdictcdeviermatare·
1101 5687 1158 5722 rum
1171 5673 1197 5720 F
1274 5673 1319 5736 (12)
1336 5677 1437 5728 nomine
1451 5681 1497 5730 122.
1578 5683 1620 5744 (11)
1638 5675 1905 5744 possidendorum

251 5743 642 5806 ceptumesisimiliaaedcficiuni
701 5743 732 5806 (1)
752 5745 832 5794 etscr.
893 5745 927 5806 (2)
944 5743 1059 5794 2122111
1105 5737 1221 5790 Graecis:
1238 5739 1362 5804 possidere
1372 5743 1499 5798 desiitscr.
1564 5749 1611 5812 (lat
1631 5745 1785 5810 quoquedel.

252 5809 518 5876 (11122222122221111
561 5813 594 5872 ts)
612 5811 836 5872 sicsec.B,egoF
872 5813 905 5872 (2)
923 5807 1054 5860 1221221ἾΞ
1148 5855 1149 5858 ,

1673 5899 1703 5948 tt
