4376 6258
530 879 641 936 LIBER
659 877 801 934 PRIMUS.

354 987 366 1036 i
393 987 430 1036 De
448 985 548 1036 iustItia
566 987 591 1032 et
608 985 669 1034 iure.

340 1057 367 1104 Ii
392 1055 429 1104 De
447 1053 501 1104 iure
519 1053 627 1102 naturali
645 1057 669 1104 et
684 1053 798 1120 gentium
816 1059 841 1106 et
857 1053 936 1104 civili.

329 1125 367 1174 III
392 1123 430 1172 De
449 1123 503 1172 iure
519 1137 687 1188 personarum.

315 1189 366 1240 1111
393 1191 430 1240 De
448 1191 571 1254 ingenuis.

345 1259 366 1308 V
392 1259 430 1308 De
447 1257 579 1308 libertinis.

332 1329 366 1376 VI
393 1325 443 1380 Qui
458 1337 487 1374 es
506 1325 595 1388 quibus
613 1325 694 1376 causis
709 1325 885 1376 manumittere
895 1343 944 1376 non
954 1331 1067 1392 possunt.

317 1395 365 1444 Vll
392 1395 429 1442 De
447 1393 501 1458 lege
518 1395 588 1444 Fufia
608 1393 714 1444 Oaninla
733 1393 837 1444 sublata.

303 1463 366 1512 VIII
392 1461 429 1512 De
446 1461 486 1512 his
504 1461 548 1526 qui
566 1463 605 1512 sui
623 1463 662 1512 rel
680 1461 758 1512 alieni
775 1463 838 1512 iuris
857 1465 923 1512 suut.

290 1531 365 1582 VIIII
390 1529 427 1578 De
445 1531 527 1594 patria
544 1535 675 1594 potestate.
880 1531 881 1534 ’

340 1599 365 1648 X
392 1599 428 1648 De
446 1597 552 1662 nuptiis.

327 1667 364 1716 XI
389 1667 427 1716 De
445 1665 630 1730 adoptionibus.

314 1737 364 1784 XII
390 1735 487 1790 Quibus
504 1735 584 1784 modis
602 1735 641 1782 ius
659 1735 792 1798 potestatis
810 1733 922 1784 solvitur.

295 1803 363 1854 XIII
389 1803 426 1850 De
445 1803 539 1852 tutelis.

284 1871 363 1920 XIIII
389 1869 438 1926 Qui
458 1871 513 1920 dari
531 1875 626 1920 tutores
644 1873 792 1920 testamento
810 1875 922 1934 possunt.

313 1939 361 1990 XV
388 1939 425 1986 De
442 1937 556 2002 legItima
573 1937 739 2000 adgnatorum
757 1939 843 1988 tutela.

300 2007 361 2056 XVI
389 2007 426 2056 De
443 2007 536 2070 capitis
554 2007 701 2058 minutione.

288 2075 362 2124 XVII
389 2075 426 2124 De
443 2073 557 2140 legitima
575 2079 738 2140 patronorum
755 2073 840 2124 tutela.

275 2143 361 2192 XVIII
388 2143 425 2190 De
443 2143 558 2208 legitima
576 2143 719 2208 parentium
737 2141 824 2196 tutela.

263 2211 361 2262 XVIIII
387 2211 424 2260 lle
441 2211 573 2260 fiduciaria
590 2213 678 2262 tutela.

311 2279 360 2328 XX
386 2279 424 2328 De
443 2279 555 2330 Atiliano
573 2283 655 2328 tutore
674 2277 713 2328 vel
731 2295 759 2328 eo
777 2279 821 2344 qui
839 2279 942 2344 exlege
961 2279 1026 2328 Iulia
1045 2285 1069 2328 et

418 2347 486 2394 Titia
505 2343 618 2398 dabatur.

299 2415 362 2464 XXI
389 2415 426 2464 De
444 2415 594 2464 auctoritate
612 2415 729 2464 tutorum.

287 2483 363 2532 XXII
389 2481 487 2538 Quibus
506 2483 586 2532 modis
605 2481 684 2532 tutela
702 2481 797 2532 finitur.

274 2551 362 2600 XXIII
389 2553 426 2600 De
444 2549 609 2602 curatorIbus.

261 2619 362 2668 XXIIII
389 2619 426 2668 De
444 2619 609 2668 satisdatione
627 2621 740 2670 tutorum
756 2623 780 2670 et
798 2625 951 2672 curatorum.

290 2687 362 2736 XXV
387 2687 424 2736 De
443 2687 654 2738 excusationibus.

275 2755 360 2806 XXVI
387 2755 424 2804 De
443 2757 567 2820 suspectIs
585 2753 711 2804 tutoribus
731 2759 756 2804 ct
773 2753 940 2812 curatoribus.

498 2903 609 2958 LIBER
628 2903 823 2960 SECUNDUS.

347 3011 360 3058 I
386 3009 524 3058 Dareium
543 3009 677 3060 divisione.

333 3079 359 3126 II
386 3077 423 3126 De
441 3077 515 3126 rebus
533 3075 743 3140 incorporalibus.

319 3147 358 3194 III
386 3145 422 3194 De
441 3143 612 3194 servitutibus.

306 3213 358 3264 IIII
384 3213 421 3262 De
440 3213 596 3262 usufructu.

335 3281 357 3332 V
385 3283 422 3330 De
440 3297 488 3330 usu
506 3285 531 3332 ct
548 3281 713 3330 habitatione.

323 3351 358 3400 VI
384 3351 422 3398 De
440 3349 640 3414 usucapionibus
659 3353 684 3400 et
701 3349 772 3414 longi
791 3347 912 3414 temporis
930 3351 1066 3412 possessio·

418 3417 501 3468 nibus.

251 3539 253 3542 ,
307 3485 355 3536 VII
382 3487 420 3534 De
438 3483 627 3538 donationibus.

293 3555 356 3604 VIII
383 3553 481 3610 Quibus
500 3555 610 3604 alienare
628 3555 690 3604 licet
706 3553 747 3604 vel
764 3569 822 3604 non.

279 3621 356 3674 VIIII
383 3625 431 3672 Per
448 3639 510 3686 quas
528 3639 649 3688 personas
667 3621 741 3672 nobis
760 3621 913 3684 adquiriiur.

332 3689 356 3738 X
382 3693 420 3740 De
439 3691 595 3742 testamentis
614 3689 770 3740 ordinandis.

321 3759 356 3808 XI
383 3759 420 3808 De
438 3759 544 3810 militari
563 3763 720 3810 testamento.

303 3825 356 3876 XII
383 3825 481 3882 Quibus
499 3843 550 3876 non
569 3831 606 3876 est
623 3827 773 3892 permissum
791 3827 942 3876 testamenta
959 3825 1048 3876 lacere.

285 3891 352 3942 XIII
378 3893 415 3944 De
433 3895 626 3944 exheredatione
643 3895 788 3946 liberorum.

276 3957 353 4008 XIIII
378 3961 416 4010 De
434 3961 568 4014 heredibus
586 3963 759 4014 instituendis.
848 4005 850 4010 .

305 4025 353 4074 XV
379 4029 417 4078 De
435 4029 534 4094 vulgari
552 4029 741 4082 substitutione.

293 4093 354 4144 XVI
380 4095 417 4144 Da
436 4097 558 4160 paptilari
575 4095 764 4148 subsIItntione.

280 4161 354 4214 XVII
381 4161 480 4216 Quibus
499 4165 579 4214 medis
597 4167 747 4216 testamenta
764 4163 933 4216 infirmantur.

266 4231 355 4282 XVIII
381 4229 419 4280 De
437 4229 578 4280 inofficioso
596 4235 753 4284 testamento.

251 4299 356 4352 XVIIII
383 4299 420 4348 De
437 4297 558 4346 heredum
575 4299 697 4362 qualitate
716 4305 741 4350 et
760 4299 909 4352 differentia.

302 4365 352 4416 XX
380 4365 416 4416 De
434 4365 534 4428 legatis.

290 4433 354 4484 XXI
380 4433 417 4484 Dc
436 4431 595 4498 ademptione
612 4431 762 4494 legatorum.

279 4503 356 4554 XXII
381 4503 418 4552 Dc
436 4499 492 4566 lege
508 4499 630 4550 Falcidia.

265 4569 355 4622 XXIII
380 4569 418 4620 Dc
435 4567 674 4620 fideicommissariis
691 4567 882 4620 hereditatibus.

251 4637 354 4690 XXIIII
380 4637 417 4688 De
436 4637 545 4702 singulis
563 4633 636 4686 rebus
654 4649 699 4698 per
716 4633 936 4686 fideicommissum
959 4635 1062 4690 relietIs.

280 4707 353 4758 XXV
379 4707 417 4758 De
435 4703 569 4758 codicillis.

1377 885 1488 942 LIBER
1506 891 1668 948 TERTIUS.

1235 989 1246 1038 I
1272 989 1309 1040 De
1321 991 1502 1042 hereditatibus
1515 1011 1577 1056 quae
1589 997 1620 1044 ab
1632 995 1752 1046 intestato
1766 993 1921 1046 deferuntur.

1220 1059 1247 1106 II
1273 1059 1309 1108 De
1328 1059 1441 1122 legitima
1458 1061 1621 1124 adgnatorum
1639 1065 1800 1114 successione.

1208 1127 1248 1174 III
1274 1127 1311 1176 De
1329 1131 1428 1176 senatus
1447 1131 1560 1176 consulto
1578 1131 1733 1182 Tertulliano

1195 1195 1248 1242 IIiI
1275 1197 1311 1246 Dc
1331 1201 1431 1246 senatus
1450 1195 1563 1246 consulto
1582 1197 1701 1246 Orfitiano

1226 1263 1248 1310 V
1276 1265 1313 1314 De
1331 1265 1487 1314 successione
1505 1269 1675 1328 cognatorum.

1214 1329 1251 1380 VI
1277 1333 1313 1380 De
1331 1333 1450 1396 gradibus
1469 1333 1634 1396 cognationis.

1200 1397 1249 1446 VII
1276 1401 1313 1450 De
1331 1399 1484 1450 successione
1502 1401 1658 1450 libertorum.

1187 1465 1250 1516 VIII
1276 1469 1313 1518 De
1331 1469 1505 1534 adsignatione
1523 1469 1677 1518 libertorum.

1175 1533 1251 1584 VIIII
1277 1537 1313 1586 De
1330 1537 1452 1586 bonorum
1469 1533 1676 1602 possessionibus.

1227 1603 1251 1650 X
1277 1605 1313 1668 De
1331 1605 1500 1668 adquisitione
1517 1621 1561 1668 per
1579 1605 1773 1668 adrogationcm.

1214 1671 1251 1718 XI
1277 1673 1314 1722 Dc
1332 1689 1360 1722 eo
1379 1673 1419 1722 cui
1438 1673 1563 1722 libertatis
1582 1689 1657 1722 eausa
1680 1673 1745 1722 bona
1763 1671 1922 1722 addicuntur.

1201 1737 1251 1788 XII
1278 1741 1314 1790 De
1332 1741 1531 1804 successionibus
1550 1739 1662 1800 sublatis,
1683 1755 1744 1802 quae
1763 1739 1856 1788 fiebant
1881 1755 1923 1800 per

1308 1809 1430 1856 bonorum
1443 1809 1646 1858 venditi0nc1nct
1659 1823 1688 1856 cx
1701 1805 1923 1856 senatusconsulto

1311 1875 1457 1924 Claudiano.

1187 1941 1253 1990 XIII
1281 1945 1317 1994 De
1335 1943 1541 2006 obligationibus.

1176 2009 1255 2058 XIIII
1283 2011 1379 2066 Quibus
1397 2013 1478 2060 modis
1496 2027 1521 2060 re
1541 2013 1698 2060 contrabium
1716 2011 1845 2076 obligatio.

1209 2077 1256 2126 XV
1282 2081 1319 2130 De
1337 2079 1468 2130 verborum
1486 2077 1647 2142 obligatione.

1196 2145 1256 2196 XVI
1282 2149 1318 2198 De
1337 2147 1433 2196 duobus
1451 2147 1500 2196 reis
1519 2147 1658 2210 stipulaudi
1677 2151 1702 2196 et
1720 2145 1881 2212 promittendi

1182 2213 1257 2262 XVII
1283 2217 1320 2264 Dc
1338 2215 1505 2278 stipulatione
1522 2229 1656 2264 servorum.

1167 2281 1256 2330 XVIII
1283 2283 1319 2332 De
1338 2283 1461 2332 divisione
1480 2283 1679 2346 stipulationum.

1151 2349 1252 2398 XViIlI
1278 2351 1314 2400 De
1332 2351 1468 2400 inutilibus
1487 2351 1695 2416 stipulationibus

1204 2415 1251 2466 XX
1277 2419 1314 2466 De
1332 2417 1528 2468 fideIussoribus.

1188 2485 1251 2534 XXI
1277 2487 1314 2534 De
1331 2485 1472 2536 litterarum
1491 2485 1653 2550 obligatione.

1175 2553 1251 2602 XXII
1277 2555 1314 2602 De
1332 2569 1454 2604 consensu
1472 2553 1633 2616 obligatione.

1162 2621 1251 2670 XXIII
1278 2623 1315 2672 De
1334 2623 1461 2686 emptione
1480 2625 1505 2670 ct
1521 2623 1674 2670 vcndItionc.

1147 2687 1251 2738 XXIIII
1277 2691 1314 2738 De
1331 2689 1456 2738 locatione
1475 2693 1500 2738 et
1519 2691 1691 2740 conductione.

1178 2757 1251 2806 XXV
1277 2757 1315 2806 De
1333 2757 1458 2808 societate.

1166 2823 1249 2874 XXVI
1276 2825 1313 2874 De
1331 2827 1454 2872 mandato.

1148 2891 1248 2942 XXVII
1277 2895 1313 2942 De
1332 2891 1530 2954 obligationibus
1550 2891 1622 2956 quasi
1640 2907 1669 2942 ex
1688 2897 1825 2942 contractu.

1134 2957 1248 3008 XXVIII
1274 2961 1323 3010 Per
1340 2973 1401 3022 quas
1419 2975 1539 3024 personas
1554 2961 1626 3010 nobis
1641 2961 1763 3024 obligatio
1778 2961 1926 3026 adquiritur,

1119 3027 1246 3078 XXVIIIi
1274 3027 1371 3084 Quibus
1390 3027 1470 3078 medis
1489 3027 1612 3092 obligatio
1631 3029 1736 3078 tollitur.

1370 3177 1482 3232 uranu
1501 3177 1674 3246 nunnius

1234 3283 1247 3330 I
1274 3281 1311 3330 Dc
1329 3283 1529 3346 obIIgationibus
1548 3297 1611 3346 qnae
1630 3299 1659 3332 ea
1678 3285 1769 3334 delicto
1783 3285 1932 3332 nascuntur.

1221 3351 1248 3396 li
1275 3351 1307 3398 Vi
1325 3351 1448 3398 benorum
1467 3353 1604 3414 raptorum.

1208 3417 1248 3466 Ili
1275 3417 1312 3466 lle
1331 3417 1386 3480 lege
1405 3417 1518 3480 Aquilia.

1195 3485 1249 3536 IIII
1276 3485 1314 3534 De
1332 3485 1444 3534 iniuriis.
1954 3531 1955 3534 ,

1228 3553 1250 3604 V
1276 3555 1313 3604 De
1331 3553 1531 3618 obligationibus
1550 3571 1614 3618 quae
1632 3555 1704 3618 quasi
1722 3571 1752 3604 er
1767 3555 1860 3604 delicto
1874 3569 1930 3602 nas·

1312 3627 1410 3672 cuntur.

1219 3689 1254 3738 Vi
1280 3691 1317 3740 De
1336 3691 1488 3742 actionibus.

1206 3759 1256 3808 VII
1283 3759 1355 3814 Quod
1375 3775 1430 3810 cum
1449 3777 1492 3820 eo,
1517 3759 1562 3822 qui
1586 3759 1613 3806 in
1637 3757 1719 3806 aliena
1743 3759 1868 3820 potestate
1886 3759 1932 3816 est,

1311 3829 1441 3890 negotium
1458 3831 1557 3890 gestum
1575 3841 1627 3874 esse
1646 3825 1748 3874 dicitur.

1187 3893 1252 3944 VIII
1279 3893 1317 3944 De
1334 3893 1467 3944 noxalibus
1486 3893 1636 3942 autlenibus.

1178 3963 1252 4012 VIIII
1279 3961 1307 4010 Si
1326 3963 1467 4026 quadrupes
1485 3961 1632 4026 pauperiem
1649 3959 1739 4008 fecisse
1758 3957 1860 4008 dieitur.

1226 4029 1251 4078 X
1277 4029 1314 4080 De
1331 4031 1371 4080 his
1389 4047 1434 4094 per
1452 4045 1515 4092 quos
1532 4043 1605 4092 agere
1624 4043 1762 4092 possumus.

1211 4097 1249 4146 XI
1276 4097 1314 4146 De
1331 4097 1547 4146 satisdationibu-s.

1196 4165 1249 4216 XII
1274 4165 1312 4214 De
1325 4165 1453 4230 perpetuis
1460 4167 1486 4212 et
1498 4163 1678 4228 temporalibus
1685 4161 1827 4218 actionibus
1835 4167 1929 4228 atquae

1310 4233 1341 4282 ad
1358 4233 1461 4282 heredes
1480 4231 1519 4280 rel
1537 4233 1564 4280 iu
1583 4231 1685 4284 heredes
1703 4235 1842 4284 transeunt.

1184 4299 1251 4350 XIII
1278 4301 1314 4350 De
1334 4299 1532 4362 exceptionibus.

1173 4367 1253 4418 XIIII
1280 4369 1317 4416 De
1335 4365 1554 4430 replicationibus.

1206 4433 1253 4482 XV
1280 4435 1316 4482 De
1334 4433 1485 4482 Interdictis.

1192 4501 1253 4550 XVI
1279 4501 1316 4548 De
1334 4515 1416 4566 poena
1434 4503 1527 4552 temere
1544 4503 1711 4568 litigantium.

1178 4569 1252 4618 XVII
1277 4567 1316 4616 De
1334 4567 1416 4616 officie
1435 4569 1536 4620 iudicis.

1163 4635 1252 4688 XVIII
1278 4635 1314 4686 De
1332 4635 1442 4698 publicis
1459 4635 1570 4688 iudiciis.
