4366 6258
282 359 405 424 XXXll
1073 349 1135 422 4511
1340 297 1341 304 ¹
1732 369 1778 416 nu
1798 367 1937 416 nnenrrs

281 545 422 600 heredibus
457 545 676 612 atrisacceperat‚
695 541 1084 600 sedmortuoseoundomarito
1136 541 1189 598 sibi
1205 541 1305 598 exstrui
1321 541 1439 610 volebat,
1461 541 1500 596 114
1517 541 1600 596 osuit:
1625 547 1729 610 ‘corpus
1753 555 1839 594 meum
1860 541 1937 594 uxori

281 563 1084 682 441441441114414414(14144444444444441,4414444444
1137 613 1218 664 ‘meae
1234 609 1294 666 4414
1311 609 1382 664 tradi
1398 609 1576 680 sepeliendum
1593 609 1622 664 in
1638 608 1720 665 fundo
1737 607 1784 664 illo
1801 613 1935 664 4144444-

281 697 314 736 ex
335 697 418 736 causa
438 679 633 736 fideicommissi
653 679 731 734 freni
754 679 894 736 defunctae
914 685 1037 734 teneatur
1058 679 1086 732 in
1137 681 1261 734 ‘mentum
1289 679 1389 734 exstrui
1416 695 1448 734 us
1466 695 1500 734 44
1529 677 1562 732 ad
1591 679 1794 748 quadringentos
1825 679 1936 734 aureos’.

281 765 339 804 enm
357 749 504 816 pecuniam,
524 763 603 816 quam
618 747 756 818 percipere
792 753 870 814 osset,
893 747 915 802 si
932 747 1021 802 dotem
1037 749 1085 802 sti·
1136 763 1244 816 quaero,
1268 763 1329 802 cum
1344 747 1374 802 in
1390 697 1547 802 (1444441414
1563 751 1638 816 parte
1655 763 1709 802 non
1731 745 1842 816 amplius
1860 763 1937 814 quam

281 817 389 886 pulatus
406 823 484 870 esset.
518 817 657 884 respondit
676 833 759 872 secun
778 835 823 870 um
843 831 875 870 ea
897 831 965 884 quae
986 833 1085 894 propo·
1136 823 1242 870 centum
1258 815 1448 886 quinquaginta
1458 817 1533 872 aurei
1549 831 1583 872 ex
1598 815 1675 872 bonis
1686 815 1774 868 mariti
1785 815 1819 868 ad
1830 831 1937 868 uxorem

282 889 296 940 8
330 889 457 940 narentur
473 901 527 938 non
548 883 641 940 teneri.
677 885 760 942 Eius¹
782 885 858 940 heres
881 887 921 940 441
941 885 1086 954 legatarius
1134 883 1296 952 perveniant,
1313 901 1349 938 an
1364 885 1560 954 haeseriptura
1573 885 1607 940 ab
1625 883 1728 940 444414
1742 889 1938 940 monumentum

281 951 1085 1088 ferit.“latrant“ttrttfttttttttb‘
1135 951 1938 1090 lanthfridittutsmttsffltnhttrr

516 1059 523 1084 ‚
1078 1061 1084 1072 ,
1927 1051 1937 1062 .

281 1087 430 1156 quaesitum
447 1091 495 1152 est,
515 1085 538 1140 si
555 1103 608 1140 non
626 1087 798 1156 adoptaverit,
817 1101 852 1142 au
868 1087 894 1142 41
911 1089 957 1157 qui
973 1089 1085 1156 adopta·
1135 1087 1316 1144 struendumt
1493 1093 1495 1096 '

280 1159 324 1210 144
341 1171 396 1210 444
413 1161 453 1210 441
470 1153 540 1208 44114
558 1155 937 1222 quaedamexfideieomrnisso
951 1157 1084 1224 competit.
1169 1151 1209 1214 43
1231 1155 1338 1210 Census
1358 1155 1425 1210 libro
1454 1157 1548 1226 quinto
1577 1155 1677 1210 decimo
1709 1155 1739 1210 di
1757 1161 1873 1210 errorem
1912 1157 1940 1210 Si

281 1223 417 1292 respondit
437 1221 679 1292 fideicommissum,
703 1241 754 1292 qno
777 1223 834 1290 quis
856 1229 965 1292 rogetur
986 1229 1017 1276 ut
1038 1223 1085 1276 ad·
1136 1223 1205 1278 filiae
1227 1229 1305 1292 pater
1327 1223 1415 1278 dotem
1438 1223 1569 1278 arbitratu
1593 1229 1711 1278 tutorum
1782 1223 1788 1236 '
1812 1225 1938 1288 iussisset,

281 1295 296 1344 9
331 1297 526 1360 optenturum
547 1307 600 1346 non
621 1309 687 1348 esse.
729 1291 801 1360 ‘Agri
815 1291 933 1360 plagam,
956 1307 1023 1360 quae
1045 1297 1086 1346 est
1136 1291 1244 1348 Tubero
1261 1291 1368 1362 perinde
1385 1291 1437 1346 hoo
1454 1291 1605 1346 habendum
1616 1291 1654 1344 eit
1670 1309 1702 1346 ao
1719 1291 1743 1348 si
1758 1291 1881 1348 nisibeni
1898 1309 1937 1346 ar·

281 1357 317 1410 ‘in
333 1357 503 1426 regioneillo‚
521 1359 630 1414 Maeuiis
639 1361 733 1414 Publio
752 1357 853 1414 etGaio
866 1359 1084 1426 transcribirolo‚
1135 1359 1236 1414 11114414
1252 1361 1368 1430 legatum
1384 1359 1427 1414 sit.
1470 1359 1561 1414 Labeo
1580 1359 1697 1428 quaerit,
1722 1359 1938 1430 quemadmodum

281 1427 373 1548 :Hmlm
391 1425 534 1506 faeto'riri
555 1429 618 1482 boni
639 1427 981 1548 4441142414141144144411114111
1002 1427 1085 1508 illuto,
1135 1431 1256 1548 {pparet
1274 1427 1939 1528 444414444444844144444411441441414144-

281 1509 389 1618 ,titt
403 1495 1086 1642 11111141111111141111141141114111
1136 1495 1940 1630 1111411111*41111141ἒὲ4111111141114

281 1635 423 1700 ‘partemve
439 1645 496 1686 erus
514 1633 548 1686 ad
566 1631 672 1686 Seium³
694 1635 847 1700 posterosre
871 1631 927 1686 eius
953 1647 1008 1684 non
1024 1647 1084 1698 per·
1136 1635 1323 1684 testamentum
1340 1631 1461 1686 facientis
1479 1633 1626 1686 aestimare.

280 1703 424 1752 ‘uenturam
441 1717 547 1768 quaqua
563 1699 683 1754 ratione'.
719 1697 866 1766 quaesitum
884 1705 937 1764 est,
962 1715 998 1752 an
1014 1699 1039 1754 le
1057 1715 1084 1752 a·
1171 1695 1211 1754 44
1229 1697 1400 1752 Possumus
1415 1699 1613 1754 libroseoundo
1631 1699 1806 1756 4484114144
1841 1699 1940 1752 81144-

279 1773 335 1820 tum
351 1765 450 1834 441441,
474 1783 534 1822 curn
555 1767 666 1822 Publius
689 1781 775 1844 emere
798 1765 874 1832 velit,
903 1765 986 1820 Gaius
1010 1715 1083 1820 44111.
1136 1765 1186 1820 dus
1208 1765 1311 1834 legatus
1335 1765 1371 1822 sit
1394 1783 1454 1820 oum
1481 1765 1524 1822 his
1547 1783 1616 1834 quae
1639 1767 1677 1822 ibi
1699 1771 1790 1830 eruut,
1835 1781 1885 1820 uae
1908 1765 1941 1820 ad

278 1835 414 1904 respondit
425 1851 492 1902 eurn,
512 1837 558 1904 qui
569 1835 799 1888 fideicommissum
810 1835 943 1902 praestari·
953 1835 1004 1890 sibi
1015 1835 1085 1900 44111,
1136 1839 1240 1900 tempus
1262 1833 1301 1888 ibi
1323 1838 1386 1888 sunt
1407 1849 1461 1888 non
1492 1833 1614 1888 videntur
1629 1837 1740 1904 ¹legatas
1764 1839 1791 1888 et
1814 1783 1873 1888 1444
1896 1849 1941 1902 pe·

278 1919 357 1974 posse
374 1909 477 1972 partem
494 1903 627 1958 dimidiam
644 1901 699 1956 eins
718 1901 775 1970 agri
792 1903 838 1972 qui
859 1903 963 1972 legatus
980 1908 1023 1958 est
1038 1919 1084 1972 pe·
1137 1903 1239 1968 cuniae,
1258 1915 1326 1972 quae
1343 1901 1498 1956 faenerandi
1516 1917 1598 1958 consa
1613 1903 1652 1956 ibi
1667 1903 1788 1966 fuerunt,
1811 1919 1865 1956 non
1882 1907 1942 1956 sunt

278 1979 343 2036 tere,
361 1973 477 2042 quamvis
500 1971 567 2026 alter
591 1969 714 2040 persequi
736 1969 810 2026 nolit.
851 1971 914 2026 item
938 1969 1086 2040 quaesitum
1136 1969 1248 2038 logniae.

278 2045 327 2106 est,
347 2041 442 2106 cautio,
467 2055 534 2108 quae
551 2039 683 2106 interponi
706 2039 801 2092 debeat
825 2039 969 2094 secundum
992 2039 1085 2094 volun·
1171 2035 1210 2092 45
1235 2035 1379 2092 1144444444
1394 2037 1461 2092 libro
1479 2037 1602 2092 41444444
1627 2035 1941 2092 reconsecrationem

278 2113 367 2174 tatem,
385 2125 434 2176 pro
471 2113 536 2162 uota
556 2111 633 2176 parte
656 2107 752 2174 cuique
777 2107 902 2162 heredum
924 2107 1086 2176 praestanda
1136 2103 1195 2158 Hoc
1211 2105 1328 2172 legatum
1350 2107 1449 2160 ‘uxoris
1473 2119 1555 2160 causa
1578 2105 1694 2172 perata,
1716 2105 1839 2172 generale
1859 2111 1943 2160 estet

278 2175 320 2230 sit.
355 2191 452 2244 respon
472 2177 492 2230 't
512 2191 561 2244 pro
585 2189 616 2228 eo
638 2175 774 2244 portione,
805 2191 872 2244 quae
895 2191 928 2230 ex
950 2175 1085 2230 fideicom-
1137 2173 1254 2228 44411441
1270 2179 1943 2242 tamvestemquamargentumaurnmornamenta

281 2249 311 2298 10
344 2245 424 2298 misso
442 2249 602 2312 praestatur.
644 2243 733 2298 Sorori
756 2245 852 2312 legavit
875 2245 994 2298 homines
1018 2259 1084 2310 quos
1137 2247 1291 2308 ceteraque,
1316 2255 1383 2310 quae
1406 2239 1497 2296 uxoris
1520 2241 1607 2308 gratia
1631 2245 1768 2308 parantur.
1808 2241 1854 2296 sed
1877 2257 1943 2308 quae

278 2313 420 2368 nominarit
436 2315 594 2368 testamento
611 2311 720 2380 eiusque
737 2311 799 2368 fidei
818 2311 955 2378 commisit,
993 2317 1024 2366 ut
1040 2327 1085 2368 ea·
1137 2309 1276 2364 rideantur
1293 2311 1384 2364 uxoris
1403 2323 1485 2362 causa
1522 2309 1614 2362 arari?
1631 2309 1743 2364 Sabinus
1761 2309 1835 2364 libris
1853 2309 1943 2362 odvi-

278 2381 337 2436 dem
354 2379 487 2452 mancipia
503 2379 564 2434 filiis
577 2379 632 2434 suis
645 2395 705 2434 oum
718 2381 804 2434 obiret
815 2381 973 2434 restitueret.
1004 2395 1086 2448 quan·
1136 2325 1566 2446 14111444114441144114444114
1583 2393 1635 2432 usu
1652 2377 1863 2446 frequentissime
1886 2393 1942 2432 ver·

278 2449 357 2502 situm
373 2455 422 2512 est,
440 2449 555 2516 adgnata
572 2465 606 2502 ex
622 2447 663 2500 his
678 2461 713 2500 an
730 2447 848 2502 defuncti
860 2447 926 2500 fiffie
943 2447 1085 2502 heredibus
1136 2451 1220 2512 satur,
1238 2451 1269 2500 ut
1283 2447 1314 2500 in
1329 2447 1422 2514 legatis
1440 2445 1532 2500 anons
1549 2445 1681 2500 adiciatur
1699 2445 1779 2514 ‘quod
1795 2447 1853 2500 eius
1864 2461 1944 2500 causa

278 2515 439 2572 restituenda
457 2515 510 2570 sint
526 2521 588 2584 post
605 2521 714 2568 mortem
726 2513 869 2584 legatariae
887 2531 921 2568 an
932 2521 1086 2570 remaneant
1137 2515 1241 2582 ‘parata
1262 2515 1350 2580 sint’⁹,
1367 2515 1437 2568 hano
1453 2513 1698 2582 interpretationem
1723 2513 1850 2582 optinuit,
1875 2515 1943 2594 qnod

278 2585 350 2652 apud
365 2583 475 2638 heredes
493 2581 559 2638 eius.
594 2581 731 2704 tergendit
748 2585 806 2648 ea⁵,
830 2599 898 2652 quae
920 2589 1016 2654 postea
1039 2583 1085 2638 ad·
1137 2581 1221 2650 magIs
1244 2581 1335 2636 uxoris
1363 2597 1444 2656 causa
1470 2597 1548 2704 quam
1578 2581 1722 2636 eommunis
1749 2581 1944 2650 promiscaque

276 2659 357 2720 gnata
375 2657 486 2716 essent,
516 2651 603 2706 uerbis
655 2651 831 2718 deicommissi
862 2667 916 2708 non
949 2651 1085 2706 contineri.
1136 2665 1202 2704 usus
1226 2665 1308 2704 causa
1329 2655 1454 2718 paratum
1489 2655 1556 2706 oret.
1601 2665 1687 2718 neque
1709 2649 1838 2708 interesse
1861 2649 1944 2704 risum

279 2725 306 2774 tl
344 2721 424 2776 Pater
440 2719 570 2776 naturalis
593 2719 662 2776 filiae
685 2737 750 2776 suae
773 2737 806 2776 ex
822 2725 980 2776 testamento
998 2719 1087 2774 mariti
1136 2723 1185 2782 est,
1204 2725 1266 2774 ante
1284 2717 1392 2772 ductam
1408 2733 1518 2772 uxorem
1535 2719 1563 2770 id
1580 2723 1657 2788 pater
1673 2719 1786 2772 familias
1798 2719 1944 2786 parauisset

277 2789 333 2842 eins
350 2787 546 2842 fideicommissi
569 2787 687 2854 debitor,
712 2803 773 2842 cum
796 2803 828 2842 44
850 2789 945 2842 mulier
967 2787 1014 2842 alii
1036 2805 1085 2842 44-
1137 2793 1291 2854 empostae,
1309 2803 1345 2840 an
1362 2787 1441 2842 etiam
1458 2803 1492 2840 ex
1508 2787 1549 2840 his
1567 2785 1754 2854 rebusquibus
1771 2785 1829 2854 ipse
1845 2785 1886 2838 411
1903 2803 1943 2840 44-

277 2857 359 2920 beret,
377 2873 430 2910 non
447 2857 574 2910 mandatu
592 2857 708 2912 mulieris
726 2857 816 2912 dotem
832 2857 927 2912 marito
939 2857 996 2912 eius
1015 2857 1087 2912 dedit
1136 2855 1203 2908 leret
1220 2853 1299 2908 uxori
1315 2853 1415 2922 aliquid
1427 2853 1626 2922 adsignavisset,
1646 2855 1707 2908 dnm
1715 2853 1744 2908 id
1757 2855 1873 2908 mulieris
1892 2855 1944 2908 usi-

277 2931 303 2980 et
320 2925 371 2980 sibi
387 2925 462 2980 reddi
479 2941 538 2980 eam
556 2925 696 2992 stipulatus
715 2925 813 2990 est‚si
836 2925 892 2980 sine
914 2925 1005 2980 liberis
1032 2925 1087 2980 11114
1139 2923 1190 2978 bus
1208 2923 1315 2992 proprie
1333 2923 1497 2976 adtributum
1514 2929 1593 2978 esset.

277 2999 435 3048 moreretur:
454 2995 549 3050 mulier
564 2993 645 3048 filiam
662 2993 793 3064 suscepit:
819 2993 967 3064 quaesitum
985 2999 1034 3058 est,
1053 3009 1087 3048 an
1172 2989 1212 3048 46
1230 2989 1431 3048 subaustero
1448 2991 1566 3046 secando
1584 2989 1621 3046 nd
1640 2991 1774 3046 Vitelliam
1799 2991 1842 3044 Ea
1858 2997 1945 3046 tamen

276 3061 507 3118 fideicommissum
524 3067 633 3132 epatre
650 3063 755 3132 exigere
772 3065 865 3132 possit.
900 3061 1045 3132 respondit,
1064 3063 1087 3118 si
1139 3061 1251 3116 adiectio
1268 3061 1385 3128 legatum
1403 3061 1469 3116 alias
1487 3061 1620 3130 exiguius,
1645 3061 1710 3116 alias
1727 3059 1832 3130 plenius
1855 3059 1944 3114 efficit.

277 3147 325 3186 nec
342 3137 426 3184 ratam
449 3133 588 3188 habuisset
611 3133 699 3186 dotem
722 3131 825 3196 datam,
848 3147 990 3202 superesse
1011 3129 1086 3186 fidei-
1138 3133 1257 3198 augetur,
1282 3145 1342 3184 cnm
1361 3129 1398 3184 sic
1416 3127 1545 3196 scriptum
1565 3133 1620 3184 est:
1645 3133 1773 3198 ‘quaeque
1789 3129 1847 3184 eius
1866 3145 1946 3184 causa

278 3199 603 3282 44444414414411114444.ι
622 3201 691 3256 idem
710 3199 831 3280 quaesiit,
849 3199 1086 3282 4441441444-
1138 3201 1242 3268 ‘parata
1259 3199 1345 3278 sunt’:
1367 3199 1395 3252 id
1418 3197 1488 3280 enim
1511 3197 1643 3268 significat
1663 3203 1691 3252 et
1711 3197 1734 3252 si
1758 3197 1821 3266 qnid
1841 3203 1944 3280 praeter

276 3267 791 3406 ttttdrtt..trutinasti
809 3269 1087 3406 firmarint
1137 3265 1947 3404 4441114114,1444441144

276 3421 441 3474 responsum,
459 3421 571 3474 eumque
588 3413 704 3476 patrem,
732 3405 834 3474 dequo
852 3411 1039 3474 quaereretur,
1064 3405 1087 3460 si
1136 3403 1275 3472 prehensis
1293 3419 1326 3458 ea
1343 3403 1401 3458 sola
1412 3401 1582 3470 definiuntur,
1601 3419 1668 3472 quae
1686 3403 1742 3458 eius
1757 3409 1947 3472 conseparata

275 3475 313 3526 114
325 3473 448 3538 dedisset,
467 3481 497 3528 ut
509 3475 602 3530 mulier
612 3481 700 3528 ratum
712 3475 831 3540 haberet,
845 3489 924 3542 posse
938 3473 1085 3530 condicere.
1137 3477 1207 3526 sunt.

279 3545 308 3594 12
344 3541 432 3598 Seium
450 3543 574 3596 maritum
592 3541 699 3612 scripsit
716 3541 840 3596 heredem
854 3541 930 3610 eique
948 3543 1087 3598 substituit
1172 3537 1211 3598 47
1235 3539 1380 3596 1144444444
1395 3541 1464 3596 libro
1481 3541 1605 3598 vicesimo
1622 3539 1739 3594 secundo
1764 3541 1802 3594 441
1820 3537 1946 3594 Sabinum

276 3609 390 3678 Appiam
407 3609 543 3664 alumnam
559 3611 672 3680 fideique
690 3609 795 3664 heredis
815 3611 953 3676 commisit,
978 3615 1009 3664 ut
1024 3615 1086 3680 post
1138 3607 1167 3662 Si
1185 3609 1249 3676 quid
1266 3625 1358 3664 earum
1373 3625 1464 3664 rernm
1481 3613 1544 3664 ante
1562 3607 1726 3676 compararit
1742 3625 1823 3678 quam
1839 3625 1947 3664 uxorem

277 3683 386 3732 mortem
403 3693 479 3732 suam
496 3679 669 3734 hereditatem
687 3679 773 3734 eidem
796 3679 918 3734 alumnae
935 3679 1087 3734 restitueret
1138 3677 1221 3744 duxit,
1241 3677 1263 3732 si
1280 3677 1308 3730 id
1325 3679 1397 3732 4141
1413 3683 1534 3732 uteretur
1546 3677 1664 3742 tradidit,
1681 3677 1791 3748 perinde
1807 3681 1855 3744 est,
1874 3679 1946 3746 quasi

276 3751 330 3812 ant,
348 3747 371 3802 si
383 3745 452 3868 guid
469 3751 531 3802 ante
548 3747 702 3816 contigisset
719 3747 849 3812 41444444,
867 3751 933 3802 tunc
944 3745 1086 3802 Valeriano
1136 3751 1233 3814 postea
1249 3747 1406 3814 paravisset.
1442 3761 1476 3800 ex
1493 3761 1524 3800 eo
1542 3751 1632 3800 autern
1652 3745 1739 3814 legato
1766 3763 1798 3802 ea
1815 3747 1947 3814 pertinent

274 3815 365 3868 fratris
403 3815 438 3868 lio
456 3815 608 3870 restitueret
626 3817 737 3870 eandem
754 3815 936 3870 hereditatem.
999 3815 1086 3870 44441-
1138 3815 1173 3868 ad
1190 3829 1308 3880 uxorem,
1328 3829 1395 3882 quae
1414 3815 1470 3868 eius
1489 3829 1572 3868 causa
1589 3819 1678 3882 empta
1696 3819 1851 3882 comparata
1868 3829 1946 3884 quae-

275 3889 332 3936 tum
349 3887 398 3948 est,
416 3883 439 3938 si
458 3883 533 3938 Seius
550 3883 633 3950 41444,
651 3883 779 3952 quidquid
796 3883 831 3936 ad
848 3899 908 3938 eum
932 3833 1086 3938 441444411-
1138 3897 1189 3950 que
1199 3887 1311 3952 ,retenta
1328 3887 1403 3936 sunt:
1421 3881 1555 3952 inquibus
1568 3883 1649 3936 etiarn
1666 3897 1734 3952 quae
1745 3883 1842 3952 prioris
1857 3883 1946 3936 444414

275 3957 330 4006 1414
346 3951 519 4020 pervenisset,
542 3951 663 4006 alumnae
681 3951 855 4018 restituisset,
879 3967 914 4006 an
940 3951 1086 4006 secuudum
1138 3965 1259 4020 quaeque
1276 3949 1347 4006 filiae
1363 3951 1479 4018 neptis¹¹
1496 3949 1538 4004 441
1552 3965 1637 4006 nurus
1655 3949 1764 4006 fuerunt
1772 3951 1945 4006 continentur.

275 4021 435 4076 voluntatem
454 4019 594 4074 defunctae
611 4021 640 4074 id
654 4021 751 4078 ianime
763 4019 908 4076 videreturr
928 4021 1086 4090 praesertim
1141 4029 1151 4072 1
1187 4019 1261 4072 inter
1279 4023 1396 4088 emptum
1413 4025 1440 4074 et
1452 4019 1649 4090 paratumquid
1661 4017 1781 4084 interest,
1800 4021 1945 4088 quaeritur:

276 4105 336 4144 oum
352 4091 419 4144 haec
435 4089 507 4144 idem
532 4089 675 4144 substituta
699 4095 777 4146 esset.
812 4089 963 4158 respondit,
988 4087 1086 4146 414144
1137 4087 1947 4156 41444444444411444414ρ4441444144444,14444414444

276 4159 336 4214 Seio
353 4159 443 4228 Appia
461 4159 630 4224 decessisset,
654 4175 709 4214 non
731 4173 790 4214 4444
814 4157 954 4214 liberatum
977 4157 1086 4214 afidei-
1138 4157 1263 4212 continuo
1274 4155 1767 4226 emptumeonnneri122vcludsiquis
1778 4157 1947 4236 quaeprioris

278 4233 307 4282 13
344 4225 483 4282 commisso
495 4225 639 4280 Valeriano
656 4227 759 4282 relicto.
795 4225 923 4282 Scaevola
934 4227 1086 4296 respondit:
1137 4225 1230 4280 uxoris
1248 4241 1331 4280 causa
1349 4225 1463 4294 emisset,
1481 4225 1623 4294 posteriori
1632 4225 1710 4280 uxori
1721 4225 1884 4290 tradidisset,
1902 4241 1947 4280 444

277 4311 338 4350 curn
354 4293 431 4350 heres
450 4295 567 4364 scriptus
584 4299 695 4362 rogetus
713 4297 791 4360 esset,
810 4309 871 4348 cum
888 4297 966 4362 44141,
985 4295 1030 4348 alii
1044 4309 1086 4348 rc-
1138 4309 1180 4348 res
1199 4309 1260 4348 eum
1268 4293 1425 4362 posterioris
1442 4293 1534 4348 uxoris
1546 4309 1629 4348 causa
1637 4293 1780 4362 paravisse,
1789 4309 1845 4348 non
1854 4295 1947 4348 emisse

275 4363 384 4420 stituere
402 4363 585 4428 hereditatem,
601 4361 707 4418 interim
718 4379 774 4418 non
785 4367 828 4416 est
840 4363 1038 4432 compellendus
1052 4363 1086 4418 ad
1138 4367 1251 4416 constat.
1287 4361 1401 4432 ideoque
1419 4363 1538 4432 quamvis
1555 4361 1667 4416 maritus
1685 4361 1841 4430 posterioris
1858 4361 1947 4416 uxoris

275 4431 505 4488 fideicommissum
513 4433 531 4486 ⁶.
571 4429 726 4486 Chronius:
742 4435 804 4500 post
821 4437 933 4498 mortem
951 4431 1021 4486 enirn
1033 4431 1086 4486 uti-
1138 4445 1221 4484 eausa
1238 4429 1304 4484 nihil
1320 4429 1421 4496 emerit,
1439 4435 1529 4486 tamen
1545 4429 1674 4486 tradendo
1693 4445 1763 4498 quae
1774 4429 1849 4498 prior
1865 4431 1947 4484 habu-

278 4507 307 4556 14
344 4517 395 4570 que
412 4501 529 4556 creditur
546 4499 645 4554 datum.
680 4499 792 4554 Heredis
816 4501 909 4570 scripti
933 4499 997 4556 114141
1014 4517 1086 4554 com·
1136 4499 1195 4564 erit,
1214 4499 1272 4554 eius
1291 4513 1373 4552 causa
1390 4505 1488 4566 parate
1503 4501 1604 4554 sunt¹³.
1639 4499 1690 4554 etsi
1705 4497 1880 4568 eiadsignata
1896 4513 1947 4552 non

276 4567 396 4634 miserat,
423 4575 455 4624 41
471 4567 548 4624 Seiae
566 4569 643 4624 uxori
665 4567 816 4622 uniuersam
839 4569 993 4624 restitueret
1009 4569 1086 4624 here·
1136 4573 1211 4632 sunt,
1239 4567 1328 4636 legato
1350 4567 1461 4622 cedunt:
1488 4573 1607 4636 atquae
1633 4567 1730 4636 prioris
1753 4567 1845 4622 uxoris
1868 4581 1948 4620 causa

275 4637 385 4694 ditatam
408 4643 435 4692 41
459 4637 549 4692 uxoris
573 4637 636 4690 fidei
653 4635 785 4692 commisit
807 4637 836 4690 in
852 4639 920 4692 haec
938 4639 1033 4692 verba:
1061 4639 1086 4690 ‘a
1136 4639 1233 4702 parata
1250 4639 1319 4702 sunt,
1337 4635 1376 4688 114
1391 4635 1534 4704 posteriori
1557 4635 1701 4702 debentur,
1724 4633 1746 4688 si
1768 4635 1793 4690 ei
1810 4633 1948 4702 adsignata

276 4713 318 4770 te,
338 4705 405 4770 Seia,
423 4711 494 4774 peto,
521 4709 551 4758 41
569 4703 696 4774 quidquid
713 4703 749 4758 ad
766 4711 792 4758 14
810 4721 844 4760 ex
860 4705 1008 4760 hereditate
1026 4721 1086 4760 mea
1137 4703 1198 4768 sint,
1217 4703 1281 4772 quin
1291 4719 1346 4758 non
1360 4703 1481 4758 estita²⁴
1498 4703 1531 4756 de
1542 4703 1689 4770 posteriore
1701 4717 1786 4756 uxore
1796 4703 1947 4772 cogitatum,

276 4773 1086 4912 1111114111114111111111114111
1137 4777 1750 4918 114111111111444,1444
1784 4835 1948 4894 rnna

276 4911 413 4968 ι41441444.
443 4927 461 4964 4
477 4925 531 4978 qna
539 4909 601 4964 Seia
612 4909 677 4964 satis
688 4909 759 4976 exigi
770 4915 838 4974 veto,
858 4927 919 4964 oum
932 4909 1014 4964 sciam
1027 4925 1086 4964 eam
1137 4905 1242 4976 qmdem
1261 4907 1333 4974 quod
1349 4907 1477 4962 traditum
1493 4911 1548 4972 est,
1569 4907 1593 4962 si
1613 4911 1708 4976 postca
1730 4905 1884 4974 ademptum
1907 4907 1947 4972 sit,

275 4979 373 5050 ‘potius
401 4993 458 5032 rem
486 4983 627 5032 aucturam
655 4993 735 5046 quam
763 4975 920 5032 detrimento
949 4977 1085 5032 futuram'.
1135 4975 1224 5042 legato
1243 4975 1327 5030 cedet.

275 5047 423 5116 quaesitum
445 5051 500 5112 est,
524 5059 560 5098 an
584 5045 673 5100 statim
690 5045 795 5098 Maesia
820 5045 1086 5100 fideicommissuma
1172 5039 1212 5098 49
1235 5041 1381 5096 Uarianos
1397 5043 1465 5098 libro
1482 5043 1606 5098 41444144
1630 5041 1748 5096 secundo
1766 5041 1803 5096 ad
1820 5039 1947 5098 Sabinam

275 5113 336 5170 Seia
351 5119 442 5184 petere
458 5113 553 5182 possit.
588 5112 726 5182 respondit
743 5113 809 5166 nihil
824 5113 947 5182 proponi,
966 5127 1015 5168 cur
1032 5127 1086 5166 non
1136 5109 1203 5164 ltem
1220 5109 1315 5178 legato¹
1327 5109 1497 5164 contuentur
1512 5107 1653 5178 mancipio,
1671 5113 1738 5178 puta
1748 5107 1887 5178 lecticarii,
1904 5107 1947 5178 qui

275 5181 367 5252 possit.
1137 5179 1222 5232 solam
1238 5183 1350 5232 matrem
1367 5177 1483 5232 familias
1519 5179 1652 5232 ortabant.
1686 5177 1751 5232 item
1766 5177 1886 5232 iumenta
1909 5173 1949 5230 441

307 5247 348 5308 42
365 5249 447 5304 Innn
461 5247 529 5302 libro
547 5249 684 5320 tripesc'mo
702 5251 781 5302 144114
799 5249 963 5320 clipeatorum
999 5245 1085 5302 Titius
1136 5245 1234 5302 1441144
1249 5245 1293 5300 441
1308 5245 1374 5300 sella
1390 5245 1433 5300 441
1448 5195 1585 5302 44414444
1594 5249 1624 5300 ²⁵.
1658 5245 1722 5300 item
1739 5245 1874 5314 mancipia
1890 5245 1947 5310 4114,

273 5317 384 5372 heredes
401 5317 518 5372 instituit
534 5315 622 5370 Seiam
638 5331 750 5370 uxorem
767 5331 801 5370 ex
824 5323 902 5386 parte
919 5315 1084 5378 duodecima,
1137 5313 1244 5384 puellae
1260 5313 1392 5380 fortassis,
1417 5329 1484 5380 quas
1508 5311 1560 5368 sibi
1582 5319 1701 5368 cometes
1713 5315 1734 5348 ¹⁸
1757 5313 1881 5370 mulieres
1903 5329 1947 5368 ex·

273 5383 403 5440 Maeniam
421 5401 456 5440 ex
472 5383 582 5452 reliquis
599 5383 721 5452 partibus
739 5389 767 5440 et
783 5383 817 5438 de
830 5389 1002 5440 monumento
1013 5383 1086 5452 quod
1140 5387 1149 5434 1
1190 5383 1325 5436 44444111.
1361 5381 1414 5436 Sed
1430 5387 1458 5434 et
1475 5381 1500 5436 si
1516 5381 1587 5436 forte
1603 5381 1690 5436 virilia
1707 5381 1732 5436 ei
1748 5383 1886 5452 {quaedam
1902 5383 1947 5436 do·

274 5553 541 5620 (1)SeiusHoffioeno
653 5557 686 5616 (41
705 5555 1084 5620 expromissaJpromissaascr.
1135 5561 1191 5604 rato
1202 5559 1313 5620 emptum
1323 5555 1449 5604 contineri
1457 5555 1573 5620 Kraeper
1675 5555 1718 5616 (11)
1735 5557 1879 5620 supplesse:
1895 5557 1947 5604 4144

272 5619 622 5686 (414414444111,441444111
683 5625 714 5684 (41
733 5623 838 5674 11111441.
899 5623 931 5686 (41
948 5621 1086 5674 444141112
1136 5623 1482 5686 oausalparavissevidetur:
1497 5637 1611 5688 quaeque
1625 5621 1773 5690 eiusonnsn]
1787 5627 1877 5686 parata
1890 5625 1947 5674 sunt

274 5691 305 5752 (11
325 5685 526 5740 solvendumins.
583 5693 618 5756 (1)
636 5691 866 5742 extruendumedd.
924 5693 958 5756 (4)
974 5689 1086 5740 411448
1137 5689 1316 5754 1141114444.
1400 5693 1444 5754 (111
1463 5691 1947 5758 444441144411444144144144411144414

275 5759 306 5820 [sl
324 5761 441 5820 paratum
450 5755 484 5804 sit
493 5775 538 5806 scr.
608 5759 652 5820 (11)
671 5759 845 5808 detractataF
910 5761 951 5824 (11)
969 5757 1085 5822 neptisve
1136 5773 1195 5808 nes:
1211 5757 1494 5824 itemleolioarelsella
1602 5761 1947 5830 (1slcomitesllyalcerrluet

276 5843 319 5874 scr.
389 5827 434 5890 (th
453 5823 480 5872 in
490 5829 574 5894 empto
584 5841 635 5878 non
644 5827 767 5878 continuo
776 5831 891 5890 paratum
900 5827 992 5892 inesse,
1002 5827 1029 5876 in
1039 5841 1083 5894 ps·
1136 5833 1180 5894 (111
1200 5827 1730 5900 444114444141444411444144411414114
