4366 6258
262 387 309 434 bn
327 379 432 428 REBUS
454 377 606 424 cadmitis

866 951 999 1026 LIBER
1020 947 1306 1026 caccabatus,

637 1147 678 1204 1¹.

255 1255 299 1306 DE
318 1249 426 1302 REBUS
446 1247 601 1298 CREDITIS
621 1245 651 1294 SI
674 1243 813 1294 Gnarum
836 1243 993 1294 PETETUR
1016 1243 1061 1294 ΕΤ

506 1315 551 1362 DE
569 1311 806 1364 CONDIOTIONE.

290 1417 303 1474 1
330 1415 474 1470 Uarrsrus
495 1411 562 1468 libro
580 1413 817 1468 varmaricario
835 1411 872 1466 od
888 1411 1002 1466 edictam
1036 1411 1060 1464 Ε

254 1501 282 1538 re
300 1489 347 1546 est,
366 1483 519 1550 priusquam
536 1479 571 1534 ad
587 1479 726 1534 verborum
740 1479 987 1548 interpretationem
1000 1495 1059 1548 per-

254 1551 395 1612 veniamus,
413 1563 501 1616 pauca
518 1547 551 1600 de
566 1547 756 1616 significatione
768 1549 852 1616 ipsius
866 1549 937 1602 tituli
951 1547 1059 1602 referre.

257 1625 266 1670 1
305 1617 432 1684 Quoniam
456 1615 535 1684 igitur
552 1617 635 1670 multa
653 1615 687 1670 ad
704 1621 858 1672 contractus
875 1615 962 1670 varios
979 1617 1059 1684 perti-

255 1687 343 1740 nentia
359 1685 419 1738 iura
436 1687 486 1738 sub
503 1685 555 1738 hoc
572 1685 649 1738 titulo
668 1689 775 1754 praetor
791 1685 916 1750 inseruit,
941 1685 1000 1738 ideo
1018 1699 1059 1738 re-

254 1771 311 1806 rum
329 1753 490 1806 creditarum
507 1753 613 1806 titulum
649 1753 780 1808 raemisit:
799 1757 891 1808 ornnes
909 1753 978 1806 enim
996 1769 1059 1808 con·

254 1825 370 1886 tractus,
389 1835 454 1889 quos
473 1821 585 1874 alienam
602 1771 681 1876 iiim
698 1821 783 1876 secuti
800 1821 977 1888 instituimus
996 1837 1059 1876 con-

253 1889 389 1956 plectitur:
417 1905 492 1952 nam,
516 1895 546 1942 ut
568 1891 635 1944 libro
659 1891 743 1958 primo
767 1891 951 1958 quaestionum
969 1889 1059 1942 Celsus

253 1957 297 2020 ait,
317 1957 440 2008 credendi
457 1957 584 2024 generalis
608 1957 749 2026 appellatio
773 1963 828 2012 est:
851 1957 910 2010 ideo
935 1957 984 2010 sub
1008 1957 1060 2012 hoc

253 2023 329 2076 titulo
347 2029 455 2090 praetor
472 2029 499 2078 et
516 2025 549 2078 de
567 2025 732 2080 commodato
750 2029 777 2078 et
794 2025 827 2080 de
844 2025 954 2094 pignore
971 2023 1058 2078 edixit.

254 2107 314 2144 uam
332 2091 487 2158 cuicumque
504 2093 541 2146 rei
556 2091 735 2146 adsentiamur
750 2093 864 2146 alienam
879 2093 957 2146 iidem
975 2093 1058 2146 secuti

254 2175 314 2212 mox
330 2161 462 2226 recepturi
480 2161 556 2226 quid,
581 2177 613 2214 ex
635 2161 687 2216 lroc
711 2167 852 2214 contractu
870 2161 978 2214 credere
996 2161 1059 2214 dici·

253 2243 319 2278 mur.
346 2227 384 2280 rei
402 2243 506 2296 quoquc
523 2229 630 2282 verbum
647 2235 678 2282 ut
699 2229 822 2296 generale
845 2235 952 2296 praetor
975 2227 1058 2296 elegit.

287 2291 305 2350 2
323 2293 441 2348 Pramus
457 2295 524 2350 libro
542 2297 684 2350 vicensimo
701 2303 795 2350 octavo
809 2297 846 2350 ad
860 2299 974 2350 edictam
998 2297 1059 2350 Mu-

254 2367 329 2414 tuum
352 2363 445 2416 damus
469 2365 600 2432 recepturi
624 2381 678 2418 non
704 2365 815 2418 eandem
841 2365 955 2432 speciem
975 2379 1059 2432 quam

254 2431 371 2482 dedimus
396 2431 521 2500 (alioquin
545 2431 739 2486 commodatum
763 2431 813 2486 erit
830 2437 877 2484 aut
894 2431 1059 2500 depositum),

254 2497 299 2550 sed
316 2497 385 2550 idem
401 2515 498 2566 genus:
522 2515 584 2552 nam
600 2499 623 2552 si
640 2501 713 2554 aliud
734 2515 833 2568 genua,
857 2499 937 2554 veluti
959 2505 990 2554 ut
1011 2515 1059 2568 pro

257 2569 265 2616 ι
303 2565 390 2620 tritico
408 2567 497 2620 vinum
514 2567 680 2634 recipiamus
699 2583 753 2620 ιιοιι
771 2569 821 2620 crit
835 2571 963 2622 mutuum.
998 2567 1059 2620 Mu-

254 2633 291 2686 tui
310 2633 381 2686 datio
401 2635 522 2688 consistit
543 2635 571 2688 in
593 2635 634 2688 his
658 2634 752 2698 rebus,
779 2651 849 2704 quac
871 2635 988 2704 pondere
1010 2653 1059 2688 nu-

253 2717 322 2754 mero
340 2717 465 2756 mensura
491 2701 669 2768 consistunt2,
692 2703 818 2772 quoniam
841 2717 932 2756 eorum
954 2701 1060 2756 datione

252 2785 392 2836 possumus
409 2769 436 2822 in
455 2769 582 2824 creditum
599 2769 645 2834 ire,
665 2773 746 2838 ιιιιι3
763 2771 791 2824 in
807 2785 903 2836 genere
917 2787 965 2824 suo
982 2769 1059 2824 iunc-

252 2837 348 2890 tionem
366 2839 498 2906 rccipiunt
518 2853 567 2916 per
589 2839 747 2892 solutionem
769 2853 849 2906 quam
872 2839 974 2906 specie:
998 2853 1060 2890 nam

252 2905 279 2956 in
302 2905 395 2956 ceteris
418 2907 498 2958 rebus
515 2905 575 2960 ideo
592 2905 620 2958 in
637 2905 766 2958 creditum
783 2905 822 2958 ire
838 2921 893 2958 nou
910 2921 1059 2974 possumus,

253 2971 313 3040 quia
331 2971 403 3026 aliud
420 2989 468 3040 pro
488 2973 538 3028 alie
556 2971 636 3028 inrito
655 2973 780 3028 creditori
797 2973 863 3028 solvi
885 2989 939 3026 non
962 2979 1058 3040 potest.

253 3045 267 3094 2
302 3043 444 3108 Appellata
462 3049 502 3094 est
519 3047 607 3094 autem
624 3041 709 3096 mutui
726 3041 798 3094 datio
816 3041 851 3096 ab
869 3055 914 3106 ιο,
938 3041 1009 3108 quod
1028 3041 1060 3096 de

252 3125 309 3162 mco
327 3115 402 3160 tuum
420 3109 462 3160 iit:
483 3115 509 3162 et
525 3109 598 3172 iden,
618 3109 639 3160 si
656 3125 711 3162 non
728 3109 776 3160 fiat
793 3115 882 3172 tuum,
900 3125 955 3162 non
972 3109 1059 3162 nasci·

252 3181 267 3228 3
301 3181 345 3226 tur
362 3175 495 3242 obligatio.
532 3175 666 3228 Creditum
683 3191 744 3244 ergo
762 3191 779 3228 a
796 3181 888 3228 mutuo
907 3175 994 3228 differt
1008 3191 1061 3244 qua

251 3259 333 3310 genus
350 3259 366 3296 a
382 3243 481 3310 specie:
500 3259 562 3296 nam
579 3241 707 3298 creditum
722 3243 845 3296 consistit
860 3247 934 3296 extra
948 3259 993 3306 eas
1008 3259 1059 3308 res,

252 3327 319 3382 quae
337 3311 453 3380 pondera
470 3327 579 3364 numero
603 3325 729 3364 mensura
752 3313 923 3366 continentur
946 3311 998 3376 sic,
1021 3317 1059 3376 ut,

252 3381 275 3434 ιι
292 3379 401 3434 eandem
419 3395 474 3432 rem
491 3379 624 3448 recepturi
641 3393 740 3442 sumus,
759 3379 889 3432 creditum
908 3379 973 3430 esti.
997 3379 1059 3430 item

251 3453 371 3500 mutuum
397 3463 450 3500 non
475 3451 563 3514 potest
587 3461 657 3510 esse,
689 3445 741 3500 nisi
768 3445 954 3514 proficiscatur
979 3461 1059 3512 pecu-

251 3517 310 3580 nia,
335 3513 464 3568 creditum
488 3517 576 3566 autem
600 3511 734 3566 interdum·
758 3513 838 3566 etiam
867 3511 889 3566 si
915 3511 980 3564 nibil
996 3529 1058 3580 pro-

253 3587 268 3634 4
302 3583 445 3646 ficiscatur,
461 3581 541 3634 veluti
556 3581 649 3648 sipost
658 3581 765 3648 nuptias
775 3581 822 3634 dos
831 3579 1010 3648 promittatur.
1029 3583 1059 3634 lu

252 3649 336 3704 mutui
362 3649 468 3704 datione
494 3653 598 3718 oportet
623 3647 758 3702 dominurri
781 3663 840 3702 esse
863 3649 983 3712 dantem,
1011 3663 1059 3700 nec

251 3719 335 3784 obest,
354 3717 424 3786 quod
442 3717 512 3772 iilius
528 3715 642 3770 familias
657 3721 687 3770 et
698 3733 789 3770 servus
805 3715 897 3770 dantes
911 3715 1059 3784 peculiares

252 3801 372 3840 nummos
397 3785 527 3852 obligant:
551 3783 579 3838 id
597 3785 664 3838 enim
682 3787 736 3838 tale
755 3791 808 3850 est,
832 3783 911 3852 quale
928 3785 950 3838 si
967 3785 1059 3838 volun-

251 3859 306 3910 tate
326 3869 384 3908 mea
400 3859 430 3906 tu
448 3853 495 3906 des
512 3853 665 3922 pecuniam:
689 3869 751 3906 nam
773 3853 838 3904 mihi
856 3853 925 3906 actio
944 3851 1059 3922 adquiri-

252 3929 266 3976 5
301 3931 353 3988 tur,
371 3923 434 3976 licet
451 3921 503 3976 mei
520 3921 618 3974 nummi
635 3937 690 3974 non
706 3919 813 3974 fuerint.
849 3919 945 3974 Verbis
955 3937 1059 3988 quoquc

252 3991 381 4044 credimus
396 3989 511 4056 quodam
525 3993 588 4042 actu
603 3989 637 4042 ad
651 3987 837 4058 obligationem
854 3989 1059 4056 comparandam

251 4057 415 4126 interposito,
431 4057 513 4110 veluti
527 4057 705 4124 stipulatione.
873 4091 874 4094 κ

285 4123 302 4182 3
321 4125 492 4178 Pomponius
508 4123 576 4178 libro
593 4125 734 4178 uicensimo
752 4123 864 4192 septimo
880 4123 917 4178 ad
930 4121 1059 4178 Sabinam

252 4195 316 4248 (lum
334 4193 398 4262 quid
416 4197 536 4246 mutuum
555 4191 716 4258 dederimus,
741 4193 790 4246 etsi
807 4207 862 4246 non
880 4191 1011 4258 cauimus,
1030 4195 1059 4246 ut

251 4277 334 4330 aeque
352 4261 451 4314 bonum
470 4259 546 4312 nobis
562 4261 723 4326 redderetur,
742 4261 873 4314 nonlicet
887 4261 999 4314 debitori
1014 4261 1059 4314 dc-

251 4331 371 4384 teriorem
396 4343 464 4392 rem,
490 4343 558 4396 quae
581 4343 613 4384 ex
636 4327 726 4384 eodem
749 4343 845 4396 genere
868 4327 916 4392 sit,
941 4327 1059 4394 reddere,

251 4397 330 4450 veluti
348 4397 437 4450 vinum
455 4411 551 4450 norum
567 4413 615 4464 pro
633 4403 735 4450 vetere:
753 4411 817 4450 uam
832 4397 861 4450 in
878 4397 1059 4450 contrahendo

251 4465 322 4534 quod
339 4465 426 4532 agitur
442 4479 491 4532 pro
511 4471 589 4520 cauto
607 4465 759 4518 habendum
778 4471 832 4530 est,
856 4465 885 4518 id
908 4471 996 4520 autem
1019 4465 1061 4534 agi

251 4533 421 4600 intellegitur,
449 4537 480 4586 ut
503 4533 620 4588 eiusdem
642 4533 746 4600 generis
770 4539 796 4588 ιι
822 4533 915 4588 eadem
940 4533 1060 4588 bonitate

251 4603 375 4666 solvatur,
395 4615 448 4670 qua
466 4599 557 4654 datum
575 4601 616 4654 sit.

285 4667 304 4726 4
328 4669 473 4724 Uarianos
494 4669 561 4724 libro
587 4671 741 4740 tripartiae
758 4677 858 4750 quarto
876 4669 914 4724 ad
930 4667 1059 4724 Sabinam

251 4735 279 4790 st
302 4737 360 4806 quis
383 4753 432 4792 nec
458 4753 567 4792 causam
590 4753 639 4792 nec
656 4745 822 4804 propositum
839 4737 994 4792 faenerandi
1010 4737 1059 4792 ha-

252 4803 338 4858 huerit
362 4811 388 4858 ιι
405 4811 435 4858 ιιι
453 4811 589 4874 empturus
607 4803 716 4876 praedia
734 4805 924 4860 desideraveris
941 4813 1059 4860 mutuam

251 4873 390 4936 pecuniam
416 4889 466 4928 nco
491 4873 606 4928 volueris
632 4873 750 4928 creditae
779 4873 886 4928 nomine
917 4879 1059 4942 antequam

252 4941 357 4994 emisses
376 4941 512 5008 suscipere
529 4947 609 5010 atquc
626 4941 664 4996 ita
683 4941 811 5004 creditor,
836 4943 898 5010 quia
915 4943 1059 4996 necessita·

251 5011 302 5062 tem
318 5007 388 5062 forte
404 5009 591 5076 proficiscendi
607 5011 738 5074 habebat,
763 5009 915 5090 deposuerit
938 5011 1011 5090 apud
1033 5017 1059 5066 te

251 5071 319 5156 hanc
338 5077 447 5132 eandem
464 5077 618 5146 pecuniam,
642 5077 871 5144 ut,siem1ssas,
896 5077 989 5132 crediti
1011 5095 1058 5134 no·

251 5157 319 5198 mme
337 5145 468 5214 obligatus
486 5161 566 5212 esses,
584 5149 635 5202 boc
650 5147 801 5216 depositum
814 5145 931 5214 periculo
947 5153 988 5200 est
1002 5147 1057 5200 eius

251 5213 294 5280 qui
318 5215 442 5294 suscepit.
470 5231 532 5270 uam
556 5221 582 5270 ιι
599 5215 716 5284 quirem
734 5215 897 5270 vendendam
916 5215 1058 5282 acceperit,

254 5285 264 5332 1
299 5287 331 5334 ut
344 5289 429 5350 pretio
444 5287 571 5348 uteretur,
587 5285 704 5350 periculo
719 5299 768 5338 suo
782 5299 838 5338 rem
852 5279 969 5336 habebit.
1004 5281 1059 5338 Res

251 5347 353 5416 panori
377 5351 440 5404 data
462 5351 576 5418 pecunia
593 5353 681 5406 soluta
698 5353 801 5406 condiri
818 5355 915 5420 potest.
943 5355 969 5404 ιι
986 5349 1058 5404 fruc·

251 5419 294 5470 tus
311 5431 345 5470 cx
361 5419 461 5472 iniusta
479 5435 561 5472 causa
578 5419 698 5488 percepti
716 5419 873 5476 condicendi
897 5423 973 5474 sunt:
997 5433 1059 5472 nam

284 5589 313 5652 (ι)
332 5589 460 5644 Sat.1...r.
472 5601 492 5642 ι.
504 5601 532 5642 ιι.
542 5601 635 5650 raam
650 5593 699 5642 Ed.
710 5603 732 5644 ι.
743 5603 774 5644 ro.
785 5603 817 5644 ta.
828 5603 915 5644 tr...ea
926 5603 961 5644 ιι.
971 5603 1006 5644 ιι.
1017 5601 1056 5650 tm

251 5653 313 5722 Pop.
324 5669 357 5710 ιι.
368 5671 454 5710 ιι...ιι.
463 5687 497 5696 -
506 5659 569 5710 Bos.
581 5659 620 5720 ιι,
630 5671 648 5710 ι.
657 5685 692 5696 -
704 5659 741 5726 Cf.
755 5659 813 5710 Cori.
822 5661 847 5720 4,
856 5671 895 5710 ιι
948 5661 980 5722 ιι)
999 5673 1056 5708 oon·

252 5725 319 5772 stant
329 5727 390 5778 Hal.
492 5731 524 5790 (ι)
543 5727 611 5790 quia]
621 5741 684 5790 quae
694 5729 752 5776 Hal,
860 5731 891 5786 ιιι
908 5731 958 5790 ιιι]
968 5727 1056 5776 siteor.

251 5791 283 5858 (a)
302 5793 368 5846 adr
451 5797 483 5862 (t)
502 5797 536 5846 ιιι
544 5815 603 5860 ιιι,
653 5797 701 5860 ’(7)
719 5793 885 5862 ιιιιιςιιιιιιιἾΞ
963 5794 996 5860 (8)
1015 5791 1056 5844 td·

1114 1141 1141 1192 ιι
1163 1137 1185 1190 ιι
1207 1137 1320 1204 Ιιιιιοιιιι
1343 1141 1404 1204 post
1426 1135 1539 1192 lustrum
1562 1139 1719 1206 completum
1736 1141 1839 1196 ιιιιιιιιι
1856 1149 1916 1206 per-

1113 1223 1144 1262 ce
1163 1207 1226 1270 erit,
1251 1205 1354 1260 condiri
1372 1221 1416 1260 eos
1435 1209 1542 1260 constat
1563 1205 1601 1260 ita
1625 1207 1740 1274 demum,
1764 1207 1788 1264 si
1809 1223 1862 1262 ιιοιι
1886 1219 1916 1258 ιι

1112 1223 1247 1330 voiuntate
1265 1273 1362 1330 domini
1379 1273 1497 1344 percepti
1514 1279 1590 1328 sunt:
1608 1289 1670 1328 nam
1688 1277 1710 1330 si
1728 1293 1760 1330 ex
1773 1279 1916 1340 voluntate,

1112 1347 1127 1396 2
1162 1343 1257 1412 procul
1274 1343 1353 1396 dubio
1372 1351 1459 1396 cessat
1476 1343 1617 1410 condictio.
1651 1341 1706 1408 Ea,
1730 1361 1799 1414 quae
1820 1345 1845 1398 ri
1866 1343 1916 1398 liu·

1112 1409 1212 1464 minum
1228 1411 1371 1480 importata
1388 1417 1458 1476 sunt,
1477 1411 1581 1466 ιοιιιιιιι
1596 1417 1716 1480 possunt.

1146 1477 1164 1534 5
1184 1477 1353 1534 Pomrorrrrs
1368 1479 1435 1534 libro
1452 1481 1594 1534 uicensimo
1606 1479 1723 1534 secando
1738 1479 1775 1534 ad
1788 1479 1916 1536 Sabinam

1112 1545 1295 1614 Qucdtemilri
1310 1547 1374 1600 dare
1388 1551 1510 1616 oporteat
1524 1549 1547 1602 si
1561 1547 1588 1600 id
1603 1551 1696 1616 postea
1709 1547 1823 1616 perierit,
1838 1565 1917 1618 quam

1111 1629 1160 1738 per
1177 1621 1203 1670 te
1220 1614 1321 1670 factum
1339 1617 1388 1670 erit
1412 1615 1551 1684 quominus
1573 1615 1618 1668 id⁵
1640 1615 1704 1670 mihi
1727 1615 1818 1680 dares,
1842 1623 1917 1672 tuum

1124 1699 1170 1738 ore
1187 1683 1215 1738 id
1232 1683 1414 1738 detrimentum
1433 1689 1545 1738 constat.
1574 1683 1620 1738 sed
1637 1699 1697 1738 cum
1715 1689 1864 1754 quaeratur,
1883 1701 1917 1738 an

1103 1767 1159 1822 ‘per
1175 1759 1203 1808 te
1219 1751 1321 1808 factum
1339 1753 1380 1820 ιιι,
1398 1753 1571 1808 animadverti
1588 1753 1701 1818 debebit,
1719 1769 1773 1806 non
1791 1753 1875 1806 solum
1889 1755 1917 1806 in

1111 1825 1244 1890 potestate
1260 1827 1307 1876 tua
1323 1821 1404 1876 fuerit
1420 1821 1448 1876 id
1464 1837 1513 1876 nec
1532 1837 1565 1876 ιιι
1583 1827 1629 1876 ιιι
1646 1821 1707 1876 ιιοιι
1732 1821 1801 1876 malo
1824 1821 1917 1876 iecoris

1112 1889 1251 1958 quominus
1271 1891 1358 1944 esset⁶
1375 1891 1415 1944 rel
1433 1891 1513 1944 fuerit
1529 1907 1579 1950 nec
1597 1905 1643 1954 nc,
1668 1889 1715 1942 sed
1733 1889 1812 1942 etiam
1829 1891 1852 1942 si
1868 1891 1916 1942 ali·

1112 1971 1164 2026 qua
1181 1957 1252 2010 iusta
1270 1973 1351 2012 causa
1369 1957 1410 2024 sit,
1429 1963 1632 2032 propterquam
1645 1957 1794 2026 intellegere
1808 1957 1917 2012 deberes

1111 2029 1138 2080 ιι
1156 2023 1218 2080 dare
1235 2031 1365 2092 oportere.

1146 2089 1164 2150 6
1180 2091 1298 2146 Parcus
1304 2093 1371 2148 libro
1381 2095 1521 2148 uicensimo
1531 2099 1624 2148 octauo
1634 2093 1671 2146 ad
1679 2091 1792 2146 edictam
1811 2091 1918 2144 Certum

1112 2167 1165 2224 est,
1190 2161 1264 2214 errius
1283 2161 1383 2230 species
1399 2161 1441 2214 vel
1458 2161 1607 2230 quantitas,
1631 2175 1698 2230 quae
1715 2161 1743 2212 in
1760 2157 1920 2226 obligatione

1111 2235 1239 2294 versatur,
1257 2235 1304 2282 aut
1319 2229 1423 2284 nomine
1439 2245 1486 2284 suo
1502 2233 1550 2282 aut
1565 2245 1596 2284 ea
1611 2229 1834 2284 demonstratione
1850 2243 1919 2294 quae

1112 2297 1224 2350 nominis
1241 2297 1298 2350 rice
1312 2297 1431 2366 fungitur
1446 2297 1530 2366 qualis
1545 2303 1698 2366 quantaque
1712 2297 1747 2350 sit
1761 2295 1916 2352 ostenditur.

1112 2379 1173 2416 nam
1183 2371 1209 2416 et
1216 2365 1313 2416 Pedius
1322 2365 1389 2418 libro
1398 2365 1482 2434 primo
1493 2365 1524 2418 de
1530 2365 1743 2434 stipulationibus
1750 2365 1815 2416 nihil
1820 2363 1918 2416 referre

1112 2431 1163 2496 ait,
1186 2431 1294 2500 proprio
1318 2433 1422 2486 nomine
1444 2449 1486 2488 ros
1510 2433 1656 2500 appelletur
1679 2447 1712 2484 an
1730 2431 1810 2500 digito
1829 2437 1917 2486 osten-

1112 2499 1192 2552 datur
1205 2515 1240 2554 an
1253 2501 1389 2554 vocabulis
1399 2501 1557 2568 quibusdam
1566 2501 1771 2554 demonstretur:
1787 2503 1918 2568 quatenns

1112 2571 1205 2620 mutua
1221 2569 1278 2620 rice
1294 2567 1439 2634 fungantur
1445 2569 1464 2632 ⁷,
1483 2583 1551 2636 quae
1568 2567 1722 2620 tantundem
1739 2573 1883 2634 praestent.

1147 2631 1165 2690 7
1180 2633 1398 2690 Πιιιιιιιιιιιιιο
1407 2635 1549 2690 uicensimo
1558 2641 1635 2688 sexto
1642 2635 1680 2688 ad
1685 2633 1796 2688 edictum
1816 2635 1917 2698 Omnia,

1112 2717 1180 2770 quae
1203 2701 1284 2756 inseri
1307 2701 1520 2770 stipulationibus
1543 2707 1669 2770 possunt,
1693 2701 1783 2754 eadem
1807 2709 1917 2770 possunt

1112 2771 1191 2824 etiam
1209 2769 1384 2824 numerationi
1400 2771 1543 2838 pecuniae,
1568 2775 1595 2822 et
1617 2769 1677 2824 ideo
1695 2773 1722 2824 ιι
1739 2769 1917 2824 condatense.

1147 2833 1164 2894 8
1182 2837 1353 2892 Pomponius
1367 2837 1435 2890 libro
1453 2843 1531 2890 reato
1546 2853 1583 2890 cx
1597 2835 1705 2890 Plautio
1730 2837 1845 2892 Proinde
1860 2853 1917 2892 mu·

1111 2905 1151 2956 tui
1168 2905 1240 2958 datio
1258 2905 1390 2958 interdum
1406 2905 1518 2974 pendet,
1542 2909 1573 2956 ut
1597 2921 1629 2958 ex
1651 2905 1802 2972 postfacto
1821 2905 1918 2958 confir-

1112 2977 1212 3028 metur:
1238 2971 1320 3026 ueluti
1343 2973 1365 3026 si
1389 2971 1448 3026 dem
1469 2971 1518 3026 tibi
1544 2977 1650 3026 mutuos
1673 2989 1808 3038 nummos,
1832 2979 1877 3038 ut,
1895 2975 1920 3028 ιι

1112 3039 1233 3094 condicio
1251 3039 1341 3108 aliqua
1358 3039 1501 3104 exstiterit,
1526 3041 1566 3092 tui
1583 3039 1649 3094 fiant
1666 3041 1753 3108 sisque
1770 3041 1833 3094 mihi
1851 3041 1917 3096 obli-

1128 3115 1201 3160 atus:
1229 3109 1292 3160 item
1319 3109 1341 3160 si
1365 3109 1478 3174 legatam
1501 3109 1641 3174 pecuniam
1667 3111 1743 3162 heres
1770 3109 1920 3172 crediderit,

1110 3125 1206 3228 deinde
1223 3175 1365 3242 legatarius
1385 3189 1442 3226 eam
1465 3175 1551 3226 noluit
1574 3175 1608 3226 ad
1632 3191 1660 3228 se
1684 3175 1829 3242 pertinere,
1856 3175 1918 3242 quia

1111 3239 1215 3296 heredis
1241 3255 1274 3294 ex
1299 3241 1341 3294 die
1367 3239 1455 3294 aditae
1479 3241 1633 3296 hereditatis
1665 3241 1785 3294 videntur
1818 3241 1917 3294 nummi

1110 3309 1206 3372 fuisse,
1232 3313 1263 3362 ut
1280 3307 1381 3362 credita
1397 3307 1511 3376 pecunia
1527 3307 1584 3376 peti
1620 3309 1693 3362 ussit.
1720 3325 1781 3364 nam
1799 3309 1917 3364 Iulianus

1111 3377 1149 3430 ait
1175 3383 1201 3430 et
1225 3375 1381 3430 traditiones
1408 3375 1441 3430 ab
1467 3375 1564 3430 herede
1589 3325 1676 3430 licias
1702 3379 1737 3430 ad
1761 3377 1789 3430 id
1814 3383 1917 3448 tempus

1110 3443 1206 3510 redigi,
1234 3459 1284 3510 quo
1308 3443 1440 3496 hereditas
1457 3443 1530 3496 adita
1546 3443 1640 3508 fuerit,
1667 3459 1727 3498 curn
1751 3445 1917 3514 repudiatum

1111 3511 1146 3564 ιιι
1161 3511 1186 3562 ιι
1205 3515 1278 3562 atum
1295 3517 1342 3564 aut
1358 3511 1533 3580 adpositumst

1145 3575 1164 3634 9
1187 3525 1411 3632 barrrroslr'brc
1425 3577 1821 3634 oicrrrsimorecctocdcdictom
1848 3577 1918 3634 Certi
1957 3591 1958 3594 ’

1111 3645 1243 3700 condato
1262 3647 1389 3714 competit
1406 3661 1437 3700 ιι
1454 3645 1526 3700 omni
1549 3661 1644 3712 causa,
1668 3661 1701 3700 ex
1724 3647 1795 3702 omni
1817 3647 1917 3716 obliga-

1110 3715 1191 3778 tione,
1210 3729 1243 3766 ex
1259 3729 1312 3782 qua
1330 3721 1429 3768 certum
1446 3715 1553 3782 petitur,
1572 3713 1626 3770 sire
1643 3731 1676 3768 ex
1691 3721 1762 3770 certo
1778 3721 1917 3770 contractu

1111 3787 1219 3850 petatur
1241 3781 1296 3836 sire
1322 3799 1354 3836 ex
1376 3783 1490 3836 incerto:
1516 3781 1579 3838 licet
1601 3781 1670 3836 enim
1692 3783 1768 3838 nobis
1793 3799 1826 3838 ex
1848 3785 1919 3838 omni

1112 3855 1251 3904 contractu
1269 3855 1370 3904 ιιιιιιιιι
1394 3851 1548 3916 condicere,
1572 3851 1712 3904 dummodo
1736 3867 1861 3920 praesens
1884 3853 1920 3906 ιιι

1111 3919 1251 3988 obligatio:
1271 3925 1385 3974 ceterum
1403 3919 1425 3972 si
1442 3919 1470 3972 in
1487 3919 1556 3974 diem
1573 3919 1664 3974 situel
1682 3919 1731 3974 sub
1745 3919 1919 3974 ιοιιιιιιιιιιι9

1111 3985 1251 4054 obligatio,
1278 3993 1340 4042 ante
1367 3987 1433 4042 diem
1463 3987 1505 4042 rel
1534 3987 1714 4042 condicionem
1746 4003 1800 4042 non
1824 3993 1917 4056 potero

1114 4059 1125 4108 l
1162 4069 1247 4122 ogere.
1283 4053 1347 4124 Com
1367 4055 1414 4108 etit
1430 4055 1497 4110 hacc
1515 4055 1586 4110 actio
1601 4055 1680 4108 etiam
1696 4071 1728 4108 ex
1742 4055 1821 4124 legati
1836 4071 1919 4110 causa

1112 4127 1138 4176 et
1157 4137 1188 4176 ex
1205 4123 1262 4192 lege
1279 4123 1320 4192 Aq
1342 4123 1393 4176 'ia
1419 4123 1466 4176 sed
1485 4129 1512 4178 et
1529 4139 1561 4178 ex
1579 4139 1660 4178 causa
1673 4123 1772 4178 iurtira
1785 4139 1833 4194 per
1847 4123 1918 4178 hanc

1112 4191 1244 4246 actionem
1267 4191 1422 4246 condicitur.
1449 4191 1541 4246 sedet
1564 4193 1587 4246 si
1610 4207 1642 4246 ex
1666 4197 1773 4246 senatus
1797 4191 1917 4246 consulto

1112 4265 1211 4328 agetur,
1229 4261 1356 4328 competit
1371 4261 1438 4312 haec
1456 4261 1534 4324 actic,
1553 4261 1633 4314 veluti
1650 4261 1708 4314 siis
1724 4261 1766 4314 cui
1780 4259 1918 4314 fiduciaria

1112 4333 1126 4382 2
1161 4327 1293 4382 hereditas
1319 4327 1443 4382 restituta
1469 4333 1509 4384 est
1535 4345 1611 4396 agere
1634 4329 1711 4384 uolet.
1748 4327 1806 4384 Sive
1829 4333 1919 4382 autem

1112 4411 1159 4450 suo
1178 4395 1284 4450 nomine
1301 4395 1358 4464 quis
1376 4397 1507 4466 obligatus
1526 4397 1560 4450 sit
1577 4397 1631 4450 sire
1654 4395 1753 4462 ιιιιιιο,
1776 4411 1825 4474 per
1847 4395 1918 4448 hanc

1112 4469 1126 4520 3
1162 4465 1293 4518 actionem
1319 4471 1392 4518 recte
1416 4465 1579 4520 convenitur.
1623 4465 1751 4534 Quoniam
1780 4463 1860 4530 igitur
1885 4477 1918 4516 cx

1111 4533 1232 4588 omnibus
1256 4533 1437 4588 contractibus
1460 4533 1528 4588 haec
1552 4533 1617 4588 certi
1634 4531 1764 4586 condictio
1784 4531 1917 4600 competit,

1112 4601 1165 4656 sire
1181 4617 1212 4656 re
1228 4601 1309 4656 fuerit
1327 4607 1479 4658 contractas
1496 4601 1585 4656 iactus
1603 4601 1656 4654 sire
1673 4599 1758 4654 verbis
1776 4597 1830 4654 sire
1854 4615 1917 4654 con·
1943 4663 1944 4666 Ἴ

1111 4669 1230 4738 iunctim,
1245 4669 1399 4726 referendae
1413 4675 1475 4726 sunt
1488 4669 1566 4724 nobis
1581 4669 1710 4738 quaedam
1724 4669 1834 4736 species,
1849 4683 1918 4736 quae

1112 4739 1219 4808 dignum
1235 4739 1336 4792 habent
1353 4745 1512 4802 tractatum,
1535 4753 1570 4790 an
1587 4737 1654 4790 haec
1672 4735 1742 4814 actio
1760 4735 1795 4790 ad
1811 4737 1916 4804 petitio-

1112 4811 1127 4860 4
1161 4823 1224 4862 nem
1249 4823 1340 4862 eorum
1364 4807 1488 4860 sufficiat,
1532 4803 1674 4858 Numeravi
1700 4803 1749 4857 trbi
1774 4803 1866 4858 decem
1892 4813 1917 4860 ιι

1110 4875 1178 4930 haec
1204 4875 1249 4930 alii
1277 4875 1416 4944 stipulatus
1443 4889 1515 4926 sum:
1543 4871 1616 4924 nulla
1643 4875 1683 4924 est
1708 4871 1857 4940 stipulatio:
1883 4889 1919 4928 an

1112 4943 1251 4998 condicere
1274 4943 1365 4996 decem
1388 4957 1436 5010 per
1458 4939 1528 4992 hanc
1551 4939 1682 4992 actionem
1704 4939 1815 5008 possim,
1842 4943 1919 5010 quasi

1112 5011 1215 5066 duobus
1247 5009 1428 5066 coamantibus
1453 5007 1700 5086 interpedientibus,
1733 5025 1785 5064 uno
1817 5009 1863 5092 qui
1888 5025 1918 5064 re

1110 5079 1199 5134 iactus
1218 5085 1272 5146 est,
1295 5079 1322 5134 id
1346 5081 1602 5142 adnumeratione,
1626 5077 1677 5132 alio
1700 5077 1745 5146 qui
1766 5079 1868 5144 verbrs,
1888 5083 1918 5138 id

1112 5153 1153 5202 cst
1173 5149 1313 5212 inutiliter,
1337 5145 1461 5214 quoniam
1483 5143 1528 5198 alii
1551 5145 1674 5214 stipulari
1696 5163 1749 5200 noa
1772 5147 1866 5216 potui?
1892 5157 1917 5200 et

1111 5221 1125 5270 5
1160 5221 1226 5284 puto
1244 5229 1331 5284 posse.
1366 5213 1438 5266 Idem
1455 5211 1512 5278 erit,
1530 5213 1554 5266 si
1571 5215 1699 5284 apupillo
1714 5215 1788 5270 tuero
1805 5215 1861 5268 sine
1876 5221 1918 5268 tn-

1110 5283 1176 5338 tcris
1194 5281 1354 5338 auctoritate
1371 5279 1522 5350 stipulatus,
1541 5283 1584 5336 cui
1599 5287 1689 5338 tutore
1706 5285 1844 5337 auctore1⁰
1861 5299 1917 5336 cre-

1112 5351 1179 5404 didi:
1202 5365 1264 5404 nam
1288 5353 1315 5402 et
1331 5353 1396 5404 tunc
1413 5347 1530 5404 manebit
1547 5351 1610 5404 milri
1628 5349 1758 5404 condictio
1777 5365 1810 5404 ex
1827 5365 1918 5404 nume·

1112 5423 1128 5472 6
1161 5417 1272 5472 ratione.
1309 5417 1374 5470 item
1401 5419 1491 5486 quaeri
1516 5421 1633 5488 potest¹¹
1661 5423 1689 5472 ct
1710 5419 1746 5482 si,
1773 5417 1845 5486 quod
1870 5419 1918 5472 tibi

1109 5587 1227 5638 mesitum
1236 5587 1290 5648 Fl‘,
1301 5587 1419 5638 amissum
1428 5589 1517 5642 Biante
1652 5591 1685 5652 (ιι)
1703 5587 1874 5638 ιοιιιιιιιιιιιιιι
1886 5587 1917 5636 ιιιι

1111 5659 1155 5718 (tt)
1175 5659 1275 5706 auctore
1286 5659 1344 5708 odd.
1354 5659 1482 5710 secuudum
1493 5659 1526 5720 Β,
1536 5677 1580 5708 om.
1590 5655 1635 5708 Fa
1703 5657 1743 5720 (ιι)
1760 5655 1821 5704 item
1831 5655 1916 5718 quaeri

1110 5719 1202 5790 potest]
1212 5723 1328 5788 idemque
1337 5727 1386 5776 erit
1395 5745 1441 5776 scr.
