4366 6258
221 361 321 426 monii
340 361 524 408 nicomiam
545 365 700 412 niounair
999 349 1073 426 519.
1452 307 1453 310 ¹
1705 355 1827 422 XXXV
1851 361 1875 418 3

223 529 338 602 putationi
365 527 454 580 locum
485 543 545 582 esse
575 529 673 584 Pedius
706 531 756 596 ait,
788 535 818 584 ut
848 533 1013 596 aestimetur,
1066 531 1125 596 quis
1143 535 1283 598 pecuniam
1300 553 1377 592 suam
1395 539 1481 592 solvat
1503 535 1544 588 rel
1566 547 1622 586 rem
1638 531 1740 584 uadat:
1763 533 1869 586 sivero

237 595 301 650 nauti
317 595 350 648 sit
383 595 438 646 nod
453 595 482 646 in
501 595 570 648 diem
592 595 709 664 legatum
732 603 771 650 est
789 603 816 650 et
832 603 937 652 tantum
956 613 1013 652 cre·
1064 597 1206 664 pecuniam
1222 599 1410 656 hereditariam
1427 601 1561 658 soluatvel
1577 615 1634 652 reni
1650 595 1747 660 tradat,
1765 597 1871 662 quidam

224 619 288 720 datur
304 613 500 738 moed-egotam,
530 665 675 738 quantum¹
695 661 777 714 efficit
799 667 960 730 aestimatio,
985 669 1014 716 ut
1064 677 1118 716 uon
1134 667 1230 728 putant
1247 669 1401 732 cavendum,
1421 669 1483 736 quia
1500 683 1549 720 nec
1566 665 1651 718 teneri
1667 667 1756 732 potest
1773 677 1805 714 eo
1821 679 1870 716 no-

224 747 261 804 ιιι
276 729 349 782 modo
367 743 423 780 eius
442 743 474 782 ex
493 727 614 782 omnibns
635 729 729 796 legatis
755 731 847 790 statim,
866 733 931 798 legis
949 731 1014 784 Fal·
1064 729 1134 788 mine
1150 729 1244 794 uictus,
1262 745 1324 784 oum
1340 749 1395 786 non
1410 733 1545 800 possideat
1562 733 1604 786 vel
1621 733 1681 784 dolo
1699 727 1800 794 iecerit,
1819 745 1870 796 quo

224 809 235 856 l
264 797 341 852 cidiae
357 795 424 848 ratio
443 795 583 848 habeatur.
620 795 749 862 Quotiens
766 797 886 850 futurum
910 803 964 862 est,
983 803 1014 850 ιι
1064 793 1151 850 miuus
1169 795 1313 862 possideat.
1348 799 1401 852 hoc
1423 801 1447 852 si
1469 803 1531 854 aute
1547 805 1647 854 motam
1664 797 1869 852 controversiam

224 869 296 940 palam
312 865 345 918 sit
362 867 388 916 et
404 867 467 916 ante
486 863 555 916 diem
572 863 719 918 venientem
735 865 789 916 iam
805 863 954 916 Falcidiam
972 865 1011 916 lo·
1064 861 1163 916 solvat:
1190 863 1262 930 quod
1283 863 1305 916 si
1330 869 1437 930 postea,
1458 867 1592 920 tenebitur
1620 865 1715 934 culpae
1739 863 1869 916 namuel.

224 951 273 992 cum
287 933 387 996 habere,
405 931 504 982 totiens
523 931 685 998 computatio
698 931 754 986 elus
771 931 810 982 fit.
827 945 890 982 nani
907 931 931 984 si
949 947 1012 984 con·
1045 953 1047 956 ·
1064 933 1079 982 3
1115 929 1167 982 Sed
1184 945 1245 982 cum
1262 929 1295 982 de
1312 929 1418 982 nomine
1435 929 1578 988 interduos
1589 931 1709 998 quaestio
1727 937 1775 994 est,
1794 947 1870 982 nuni·

225 1003 281 1060 dicio
296 1001 323 1052 iii
334 1003 465 1060 moreest,
484 997 696 1066 exspectabimus
716 997 906 1060 condicionem,
925 997 1013 1064 quoad
1064 995 1128 1066 quid
1154 1009 1207 1048 non
1233 995 1268 1066 sit
1295 995 1506 1068 ιιιιιιιιιιιί,
1549 997 1790 1066 uihereditariam
1814 1013 1871 1050 rein

225 1069 328 1126 ιιιίιιιιι
350 1067 373 1120 si
389 1069 478 1118 autern
497 1065 554 1120 dies
572 1071 707 1132 superest,
731 1065 785 1118 iam
801 1065 845 1118 hic
861 1063 1012 1132 intercape-
1063 1063 1167 1126 tradat,
1197 1063 1259 1130 quia
1289 1059 1438 1116 omnimodo
1455 1077 1525 1116 unns
1553 1063 1681 1120 beratur:
1700 1063 1869 1132 quemadmo-

225 1139 279 1194 dinis
294 1133 416 1202 temporis
434 1131 527 1186 habita
544 1133 648 1186 ratione
665 1139 746 1200 atque
756 1129 938 1184 aestimatione
956 1131 1014 1184 sic²
1064 1133 1128 1190 dum
1145 1129 1170 1184 si
1191 1145 1236 1186 aes
1257 1129 1588 1190 alienumhereditarium.
1609 1133 1744 1188 soluatur?
1778 1133 1827 1186 sed
1848 1133 1871 1186 si

225 1209 250 1262 de
264 1201 375 1258 Falcidia
393 1201 588 1268 disputabimus
605 1207 633 1254 et
651 1199 800 1256 committit
815 1197 1013 1266 stipulationem
1062 1199 1162 1266 petitor
1181 1213 1256 1252 snam
1311 1195 1519 1256 ¹cuniamsolret
1541 1201 1663 1252 autrem
1679 1215 1756 1254 suain
1771 1201 1870 1262 nudat,

226 1273 379 1328 idicemus.
399 1267 524 1334 Quamuis
541 1273 629 1320 antem
648 1283 738 1320 omnes
756 1265 877 1334 legatarii
895 1269 921 1318 et
938 1265 1012 1318 fidei·
1064 1281 1118 1320 non
1138 1265 1221 1318 babet
1243 1279 1280 1322 un
1334 1261 1449 1322 retineat
1472 1267 1499 1316 et
1521 1261 1584 1316 ideo
1609 1267 1761 1334 necessaria
1782 1273 1824 1322 est
1847 1267 1873 1320 ei

226 1335 377 1396 commissarii
395 1351 504 1390 necesse
520 1335 638 1390 habeant
655 1335 707 1388 bac
725 1333 896 1402 stipulatione
911 1347 1013 1398 carere,
1064 1333 1163 1388 ιιιιὶι.
1304 1379 1315 1392 ,,
1361 1373 1362 1376 ι
1446 1363 1447 1366 =
1489 1381 1499 1388 ,,
1645 1347 1655 1384 1

226 1419 296 1462 umen
313 1403 468 1472 quibusdam
491 1403 590 1468 remitti
611 1403 664 1456 diri
689 1403 788 1456 fratres
807 1399 1012 1468 rescripserunt,
1098 1399 1311 1462 bibitionibus
1337 1399 1405 1454 libro
1435 1399 1560 1456 vicesimo
1584 1399 1679 1478 primo
1695 1399 1734 1454 ,ill
1752 1407 1870 1454 errorum

226 1479 319 1544 utputa
344 1471 392 1536 his,
419 1471 516 1540 quibus
540 1471 642 1524 minuta
671 1471 798 1522 alimenta
822 1473 885 1524 sunt
910 1469 1013 1522 relicta.
1067 1469 1218 1534 Videamus,
1236 1483 1272 1528 an
1289 1465 1425 1534 stipulatio
1445 1469 1506 1534 ‘qua
1522 1465 1635 1534 amphus
1656 1481 1705 1534 per
1746 1467 1870 1522 alcidiam

226 1543 345 1610 Pompeiae
375 1539 445 1594 enim
473 1539 618 1594 Faustinae
646 1537 841 1606 rescripserunt
866 1537 919 1592 sic:
952 1543 1014 1592 ‘non
1064 1537 1176 1606 ‘ceperis
1197 1535 1318 1594 Ιίιιιιιι7
1343 1533 1410 1590 dari'
1434 1535 1560 1588 aduersus
1586 1549 1647 1588 eum
1669 1535 1869 1602 nonsulliciat,

227 1611 327 1666 ‘eandem
345 1623 453 1660 causam
470 1623 530 1662 esse
548 1609 638 1662 decem
656 1621 804 1672 aureorum,
824 1621 891 1674 quos
909 1621 1013 1660 annuos
1064 1607 1110 1672 qui
1135 1605 1251 1674 legatum
1274 1603 1324 1656 alii·
1340 1603 1482 1658 restituere
1508 1617 1541 1662 eir
1565 1599 1763 1660 fideicommissi
1788 1619 1871 1662 cansa

229 1677 273 1732 titt
293 1679 448 1730 testamento
465 1675 607 1744 Pompeiae
625 1675 781 1742 Crispianae
793 1679 933 1742 ,patronae
950 1681 1013 1726 tuae
1065 1673 1152 1728 debet.
1174 1671 1295 1732 ¹sufficiet
1316 1669 1479 1726 antenorei
1500 1669 1566 1726 nihil
1580 1669 1644 1726 eiua
1665 1667 1731 1722 -fidei
1748 1673 1871 1726 commis

227 1745 321 1798 ‘relictos
338 1743 472 1812 proponis,
491 1749 571 1810 atque
588 1741 640 1796 init
656 1743 843 1798 alimentorum
860 1749 887 1798 et
895 1741 1013 1798 vestiarii
1064 1757 1123 1794 sum
1140 1743 1227 1798 esse⁸:
1251 1739 1356 1800 cavebit
1372 1739 1473 1800 scilicet
1490 1739 1617 1808 legatario
1636 1741 1667 1798 etj
1679 1735 1715 1800 is,
1733 1737 1779 1804 qui
1795 1739 1870 1794 fidei·

227 1811 316 1866 ‘libertis
333 1811 492 1876 relictorum,
521 1811 615 1879 quibus
632 1817 776 1880 propterea
794 1811 925 1866 cannonis
945 1827 1012 1866 onus
1064 1811 1233 1864 commissum
1245 1807 1368 1878 accipiet,
1386 1807 1518 1862 niciforus
1532 1807 1639 1860 maleit
1656 1805 1803 1874 legatarius,
1818 1807 1870 1860 cir-

227 1889 237 1934 t
266 1879 450 1934 ‘remittendum
467 1879 691 1936 existimavimus.
726 1879 955 1942 itemseiendum
973 1885 1014 1934 est
1065 1879 1138 1930 cuitu
1156 1879 1261 1934 sublato
1278 1877 1370 1936 heredi
1378 1877 1474 1936 caveri
1493 1873 1540 1930 sed
1548 1879 1574 1930 et
1586 1875 1713 1944 legatario
1728 1879 1871 1942 praeterea

226 1949 301 2002 hein
323 1947 391 2002 hanc
415 1947 566 2002 cautionem
582 1963 636 2002 non
657 1949 726 2014 pati,
749 1947 796 2002 sed
813 1947 926 2016 perinde
950 1963 1012 2002 con·
1065 1946 1212 2002 carendum
1237 1951 1290 2012 est,
1318 1945 1403 2010 silut
1427 1945 1583 2014 plerumque
1599 1959 1722 2012 ,aequum
1737 1947 1794 2008 est)
1820 1959 1869 2010 pro

227 2015 291 2068 ienhi
306 2029 393 2080 posse,
417 2029 450 2068 ac
476 2015 499 2068 si
518 2015 636 2068 cavisset.
674 2021 775 2070 ceteros
800 2021 900 2080 autem,
924 2015 1013 2068 ouius-
1064 2019 1124 2068 rata
1141 2029 1173 2068 er
1190 2013 1394 2070 fideicommisso
1416 2013 1530 2078 retinere
1553 2011 1578 2068 ei
1601 2011 1799 2072 eoncedendum
1821 2017 1870 2078 est,

227 2097 319 2150 cunque
336 2081 468 2150 dignitatis
487 2083 552 2146 sint,
578 2083 641 2138 licet
657 2083 711 2136 iam
731 2083 1012 2152 legataperceperint,
1064 2083 1182 2152 quamvis
1200 2087 1304 2136 tantum
1326 2099 1358 2136 eii
1379 2083 1470 2150 legato,
1486 2081 1649 2150 apudeum‘
1661 2079 1712 2134 erit
1731 2095 1869 2138 remansu-

227 2149 330 2218 conpelli
346 2149 441 2204 debere
462 2149 497 2202 ad
516 2149 659 2204 cavendum
678 2149 753 2206 dirus
771 2151 837 2206 Pius
860 2149 1011 2218 rescripsit:
1064 2167 1134 2214 rum,
1158 2153 1193 2204 ιι
1211 2149 1334 2206 sufficere
1355 2151 1443 2220 possit
1463 2149 1498 2212 ad
1523 2149 1713 2218 praestandum
1730 2147 1869 2208 ,fideicom-

227 2233 252 2272 m
266 2233 309 2284 quo
326 2217 453 2286 rescripto
472 2219 550 2272 etiam
566 2219 633 2274 illud
654 2219 714 2272 acci
731 2221 825 2284 imus„
840 2219 912 2288 quod
933 2217 1014 2272 etiam
1048 2219 1180 2272 missum.
1232 2273 1233 2276 ,
1301 2275 1302 2278 ,
1364 2275 1365 2278 ,
1412 2267 1413 2272 ,
1661 2273 1662 2276 ,

227 2293 274 2354 post
296 2285 378 2338 soluta
410 2287 500 2354 legata
528 2287 611 2340 uohiit
642 2287 695 2354 stip
726 2287 847 2342 ationem
870 2287 1011 2356 interponi.
1098 2283 1117 2344 6
1148 2287 1365 2348 enarraremus
1390 2287 1460 2344 libro¹
1490 2289 1587 2356 quarto
1613 2287 1872 2358 dampnationibus

228 2359 238 2406 ι·
266 2353 289 2406 Si
304 2351 442 2420 legatarius
459 2353 559 2418 heredi,
578 2353 847 2422 quicontroversiam
858 2355 1013 2410 hereditatis
1064 2357 1131 2410 (lum
1148 2371 1203 2410 non
1223 2353 1302 2414 facile
1325 2353 1524 2416 satisdationem
1537 2355 1644 2416 ,offerre
1664 2355 1807 2422 legatarius
1829 2353 1871 2408 uel

227 2421 378 2498 petitoriam
401 2421 444 2474 vel
465 2427 569 2488 sperat,
596 2421 628 2476 de
659 2423 824 2484 restituendo
850 2423 936 2490 legato
961 2423 1014 2476 sibi
1064 2423 1323 2478 fideicommissarius
1338 2425 1434 2490 possit
1451 2431 1478 2478 et
1498 2425 1619 2486 futurum
1638 2423 1694 2488 sit,
1708 2429 1739 2480 ut
1760 2427 1871 2494 propter

228 2491 336 2556 praestito
354 2487 450 2542 caverit
476 2497 503 2542 et
521 2489 606 2542 evicta
623 2491 757 2544 hereditas
784 2489 834 2554 sit,
860 2491 908 2544 sed
924 2491 1012 2558 negle-
1063 2491 1116 2546 hoc
1139 2507 1156 2546 a
1177 2491 1304 2560 petitione
1325 2491 1493 2548 liberalitatis
1519 2509 1551 2546 ex
1570 2497 1737 2554 ,tetamento
1751 2491 1869 2550 submo-

227 2553 297 2622 gentla
312 2553 351 2608 uel
368 2553 429 2634 dolo
448 2555 504 2610 eius
524 2557 569 2626 qui
592 2557 709 2626 legatum
725 2557 871 2624 praestitit,
896 2557 1020 2612 dicemus
1064 2561 1203 2624 secuturi
1221 2557 1350 2626 numquid
1367 2575 1434 2614 onus
1445 2559 1633 2622 satisdatiouis
1650 2561 1717 2614 eis¹⁰
1733 2561 1870 2614 remitten-

228 2637 269 2674 ιιι
287 2627 408 2698 committi
429 2623 627 2692 stipulationem
650 2629 761 2692 propter
785 2623 833 2678 riri
855 2625 920 2678 boni
942 2627 1011 2680 arbi·
1065 2627 1128 2680 dum
1145 2627 1212 2696 erit?
1230 2627 1302 2694 quod
1317 2627 1428 2680 videtur¹
1439 2627 1558 2682 adiuuari
1574 2627 1869 2696 rescriptodiriGom·

229 2695 237 2740 l
265 2695 342 2752 trium,
360 2689 432 2756 quod
448 2689 519 2742 inest
534 2689 597 2744 huic
614 2691 789 2758 stipulationi.
823 2693 890 2746 Item
908 2693 930 2746 si
947 2693 1012 2760 ipse,
1064 2695 1180 2748 modiin
1196 2695 1376 2748 haecirerba:
1405 2695 1452 2760 ‘is,
1472 2695 1551 2748 ,cuius
1574 2695 1605 2748 de
1628 2711 1659 2752 ea
1682 2711 1713 2750 re
1729 2695 1869 2758 notioest,

229 2755 262 2824 qui
275 2755 399 2834 praestitit
416 2755 540 2836 legatum,
560 2773 592 2810 er
608 2757 663 2812 alia
680 2773 762 2812 causa
782 2759 833 2814 sibi
849 2759 964 2824 evicerit,
983 2767 1014 2814 ut
1047 2761 1161 2816 “aditus
1181 2761 1203 2816 si
1222 2761 1386 2830 compererit,
1399 2761 1462 2820 ideo
1482 2763 1632 2820 cautorem
1652 2779 1670 2814 a
1691 2767 1719 2816 te
1736 2763 1817 2830 exigi,
1840 2767 1869 2814 nt

228 2829 279 2892 puta
290 2839 351 2902 qma
367 2823 501 2878 invenitur
519 2825 639 2892 sequenti
656 2829 815 2880 testamento
833 2827 910 2880 heres
929 2827 1012 2896 scrip·
1065 2833 1089 2882 ιι
1106 2827 1301 2888 fideicommissi
1311 2827 1588 2896 petitionearertaris,
1607 2845 1674 2884 onus
1688 2831 1869 2884 sadsdationis

228 2899 270 2954 tus,
289 2905 315 2942 m
337 2905 387 2958 quo
410 2891 526 2958 legatum
546 2893 596 2944 iste
622 2893 765 2960 legatarius
788 2909 841 2946 non
864 2899 1013 2962 acceperat,
1064 2897 1121 2950 ‘tibi
1139 2897 1237 2950 remitti
1254 2895 1404 2952 curabit„

229 2959 324 3036 dicemus
344 2959 486 3036 'committi
515 2959 711 3036 stipulationem
739 2965 849 3028 propter
873 2961 923 3014 riri
950 2963 1014 3016 boni
1099 2959 1254 3018 7Pnunirs
1269 2965 1337 3024 libro
1354 2965 1466 3034 septimo
1489 2965 1527 3018 od
1547 2965 1632 3034 lcpcm
1645 2965 1755 3020 iollam
1772 2971 1799 3018 ct
1815 2965 1869 3018 Pa-

230 3031 240 3080 t
268 3025 404 3080 arbitrium.
433 3025 471 3078 Et
487 3027 646 3094 generaliter
662 3027 823 3094 ubicumque
836 3027 1020 3098 ,hereditatem
1059 3031 1138 3100 ptum
1155 3031 1239 3084 Diuus
1256 3031 1321 3086 Pius
1339 3031 1488 3098 absequi
1505 3047 1593 3084 annua
1610 3033 1699 3100 legata
1715 3031 1870 3100 praecipere

229 3093 259 3148 iel
273 3093 440 3162 quantitatem
461 3095 503 3148 rel
524 3093 729 3148 emolumentum
770 3095 885 3148 raestitit
905 3097 942 3160 is,
985 3097 1014 3148 ui
1064 3097 1099 3152 ad
1117 3097 1327 3168 distribuendum
1343 3097 1434 3154 iussus
1451 3103 1515 3164 erat,
1533 3097 1617 3154 uetuit
1634 3099 1784 3160 eandorem
1801 3099 1870 3166 exigi

229 3163 267 3214 luc
281 3161 446 3238 stipulatione
463 3161 516 3216 sibi
537 3169 725 3232 prospexerat,
745 3111 885 3216 dicendum
903 3169 943 3216 est
959 3115 1013 3218 idi‘l
1065 3165 1226 3224 cessantium
1246 3163 1449 3234 partesreddi,
1475 3165 1527 3220 nisi
1550 3171 1641 3234 aperte
1664 3181 1759 3220 cavere
1778 3167 1869 3220 iussus

230 3229 335 3284 conmitti
352 3245 417 3296 eain,
437 3227 460 3284 si
476 3229 555 3282 modo
566 3231 644 3298 culpa
661 3231 738 3284 abest
755 3229 789 3282 ab
809 3245 848 3294 ιο,
867 3229 912 3298 qui
929 3231 1012 3298 stipu-
1064 3237 1143 3286 esset.
1373 3281 1374 3284 ,
1527 3279 1528 3282 ,

230 3303 240 3352 l
267 3299 328 3350 latus
346 3303 394 3352 est.
413 3295 566 3364 Quaesitum
584 3303 632 3364 est,
650 3313 686 3350 an
704 3297 810 3366 saepius
822 3299 1012 3352 committatur.
1100 3295 1310 3356 SMancmrrus
1325 3299 1397 3354 ,libro
1418 3297 1519 3352 decium
1541 3299 1806 3366 fideicommissorum
1841 3299 1870 3352 Si

230 3373 249 3418 ιι
262 3365 339 3434 placet
356 3365 435 3418 etiam
452 3365 558 3432 saepius
577 3379 635 3418 eam
653 3363 793 3428 committi,
818 3365 906 3430 siper
923 3369 1017 3432 partes
1064 3367 1142 3418 heres
1178 3369 1262 3418 artem
1279 3367 1410 3418 bonorum
1426 3365 1469 3418 vel
1491 3363 1572 3418 etiam
1587 3365 1713 3420 uniuersa
1734 3367 1805 3418 bona
1823 3365 1869 3418 de-

231 3439 253 3486 ll
281 3433 364 3486 ablata
381 3437 423 3486 ιιι
439 3431 579 3486 hereditas.
615 3431 777 3498 dilegatum
797 3429 878 3484 fuerit
900 3433 1012 3500 praesti·
1064 3433 1119 3484 lata
1137 3381 1282 3484 adiissem
1300 3431 1407 3496 diceret,
1427 3435 1562 3488 constaret
1578 3435 1668 3484 autem
1685 3431 1717 3484 de
1735 3431 1868 3484 fideicom-

229 3505 272 3554 ιιι
289 3505 347 3554 ante
367 3499 552 3568 interpositam
572 3499 642 3550 banc
663 3499 874 3566 stipulationem,
896 3515 932 3550 an
950 3513 1013 3550 ιοι-
1063 3499 1153 3562 misso,
1172 3497 1307 3556 decretum
1324 3503 1371 3562 est,
1390 3501 1421 3554 ut
1457 3497 1545 3550 etitori
1562 3499 1668 3550 carenti
1682 3497 1776 3554 ‘evicta
1791 3499 1868 3550 here-

229 3567 360 3638 dicipossit,
378 3571 408 3620 ut
420 3565 509 3620 cautio
527 3565 579 3620 ista
596 3565 799 3636 interponatur?
815 3571 903 3620 movet
919 3579 1012 3634 quaes·
1064 3565 1156 3618 ‘ditate
1173 3565 1326 3618 ιιιιιιιιι11
1343 3563 1386 3624 iri'
1403 3513 1557 3620 sederetur.
1730 3609 1731 3612 ι
1794 3613 1795 3616 ,

229 3637 321 3700 tionem,
338 3635 406 3704 quod
425 3649 471 3700 ea,
490 3649 558 3702 quae
575 3649 624 3702 per
642 3631 1014 3688 erroremomissarelsoluta
1097 3629 1117 3704 9
1136 3631 1215 3686 Ιιιι
1230 3631 1297 3688 libro
1315 3631 1470 3692 duodecimo
1485 3631 1751 3700 fideicommissorum
1769 3631 1797 3686 Si
1814 3649 1869 3684 non

230 3711 283 3772 suut,
299 3703 399 3760 conffici
416 3707 531 3772 possunt
548 3709 575 3756 et
591 3703 708 3770 bicergo
726 3701 802 3770 qnasi
817 3701 878 3772 plus
897 3699 1014 3754 solutum
1051 3699 1092 3754 in
1110 3699 1343 3754 controuersiasit
1354 3699 1522 3768 proprietas,
1541 3697 1588 3754 sed
1604 3715 1669 3754 usus
1688 3697 1791 3758 fructus
1810 3703 1868 3766 (po-

229 3773 312 3826 sidetur
332 3787 363 3826 ex
383 3787 430 3836 eo,
461 3769 533 3838 quod
554 3769 643 3832 cautio
668 3769 819 3824 intermissa
845 3773 893 3824 ιιι.
928 3773 955 3820 ιι
977 3767 1015 3820 ait
1063 3773 1116 3822 test
1134 3767 1203 3824 enim
1220 3767 1267 3830 rei,
1286 3767 1365 3824 cuius
1379 3767 1527 3834 proprietas
1546 3767 1616 3820 Titio
1632 3765 1719 3832 legata
1736 3771 1786 3830 est,
1803 3781 1869 3820 usus

230 3841 368 3910 Pomponius
387 3837 581 3892 condictionem
601 3833 810 3904 interponendae
832 3835 1013 3890 satisdationis
1064 3833 1167 3888 fructus
1185 3833 1231 3888 alii
1247 3833 1347 3902 legari),
1365 3837 1430 3886 ιιιι
1439 3833 1512 3888 deeo
1529 3833 1692 3886 restituendo
1703 3847 1758 3886 uon
1767 3833 1867 3898 heredi

229 3907 359 3976 gratiamm
378 3913 450 3962 etere
464 3911 489 3958 ιι
506 3911 573 3974 puto
591 3905 642 3958 hoc
659 3905 828 3972 probandum
845 3901 917 3970 quod
933 3903 1012 3956 Pom-
1064 3901 1110 3954 sed
1129 3901 1199 3956 Titio
1211 3901 1305 3954 ¹cttreri
1316 3901 1454 3962 ,debeatli
1471 3899 1603 3960 interdum
1626 3905 1652 3954 et
1670 3899 1692 3954 si
1714 3901 1748 3954 ab
1771 3901 1869 3954 herede

229 3975 313 4044 polu'us,
330 3975 366 4030 ιιΙ
380 3973 451 4028 'tatis
468 3973 562 4040 gratia.
951 4021 952 4024 ,
1063 3963 1164 4036 legetur
1181 3983 1247 4022 usus
1264 3967 1385 4032 unctus,
1398 3967 1476 4032 ¹Titio
1499 3965 1644 4020 carendum
1658 3973 1720 4020 ,esti
1747 3967 1829 4020 ueluti
1845 3967 1869 4020 si

254 4041 270 4100 4
284 4041 321 4096 Pr
327 4057 396 4096 utus
410 4041 479 4096 libro
502 4039 698 4110 septnaqcsimc
725 4037 819 4108 quicto
836 4037 875 4090 od
898 4035 1013 4094 edictum
1064 4035 1183 4094 deuacto
1201 4051 1253 4090 usn
1270 4033 1361 4096 fructu
1377 4035 1526 4102 proprietas
1544 4033 1569 4090 ei
1585 4035 1695 4102 legetur,
1712 4051 1778 4096 usus
1794 4033 1866 4088 irue-
1883 4077 1896 4082 ,ι

229 4111 287 4166 Haeo
302 4117 387 4164 autem
404 4107 543 4164 satisdatio
566 4107 655 4174 locum
677 4105 769 4172 babet,
795 4105 818 4160 si
838 4105 909 4160 iusta
931 4119 1014 4158 eausa
1063 4109 1107 4162 tus
1125 4103 1200 4160 Seio:
1219 4101 1282 4172 quid
1299 4103 1509 4160 enimattinebit
1524 4103 1650 4158 boccasu
1667 4103 1759 4158 heredi
1770 4103 1867 4168 careri

229 4195 273 4234 esse
290 4177 429 4232 ridebitur:
452 4191 513 4230 nam
533 4175 653 4244 iniquum
674 4179 733 4228 erat
755 4171 903 4228 omnimodo
926 4171 1014 4226 careri
1064 4171 1098 4226 ad
1111 4219 1112 4222 ,
1125 4187 1203 4240 quem
1232 4171 1437 4236 emolumentum
1466 4171 1647 4232 intercidentis
1673 4187 1738 4230 ιιιιι
1763 4171 1867 4224 fructus

230 4245 327 4300 nondum
341 4245 415 4300 illata
434 4243 632 4300 ιοιιιοιιιιίι5
650 4243 711 4308 litis,
731 4257 792 4298 cum
809 4243 912 4308 possint
929 4241 954 4294 ei
970 4241 1012 4294 lu·
1063 4255 1118 4294 non
1135 4239 1170 4296 sit
1187 4239 1380 4308 spectandum?
1397 4255 1488 4294 rerum
1506 4239 1528 4294 si
1540 4237 1691 4300 usufructu
1703 4239 1763 4294 Seio
1781 4239 1867 4306 legato

230 4315 297 4368 sorice
321 4315 405 4366 minae
430 4311 501 4366 fieri:
537 4311 649 4380 ideoque
677 4327 736 4366 eam
763 4325 819 4364 rem
842 4315 951 4378 praetor
978 4309 1013 4362 ad
1064 4307 1214 4378 proprietas
1231 4307 1302 4360 Titio
1318 4307 1357 4368 ita
1374 4307 1491 4376 legetur,
1509 4313 1551 4372 nt,
1570 4313 1632 4362 cum-
1647 4307 1683 4362 ad
1700 4307 1789 4362 Seium
1805 4321 1866 4372 per-

231 4385 239 4432 l
268 4381 433 4448 cognitionem
451 4395 528 4434 suam
544 4385 660 4434 reuocat.
686 4377 715 4432 Si
731 4377 784 4432 duo
803 4393 836 4442 ex
852 4383 1011 4432 testamento
1063 4375 1148 4430 tinere
1165 4375 1280 4440 desierit,
1298 4375 1397 4430 babeat
1412 4375 1621 4444 proprietatem,
1631 4381 1696 4438 tunc
1712 4373 1804 4434 heredi
1822 4387 1865 4426 ca-

228 4447 378 4502 bereditatem
404 4447 573 4502 insolidum
598 4445 650 4508 sibi
676 4445 821 4512 vindicent,
848 4445 919 4500 forte
941 4445 1012 4516 quod
1064 4443 1119 4498 reri
1136 4443 1269 4512 oportebit
1286 4459 1302 4498 ι
1319 4443 1481 4510 fructuario,
1503 4445 1537 4498 ab
1558 4443 1655 4498 herede
1675 4447 1764 4498 autem
1787 4441 1866 4506 Titio,

230 4513 327 4594 ciusdem
341 4513 537 4580 summissim,
560 4519 614 4582 tam
635 4515 663 4568 in
684 4529 867 4582 possessorem
884 4529 963 4584 quam
983 4513 1011 4568 in
1064 4513 1126 4594 quia
1143 4513 1249 4568 nonsit
1268 4517 1369 4568 certum
1385 4529 1437 4570 usu
1459 4511 1548 4576 fructu
1569 4513 1748 4582 intercepto,¹³
1768 4509 1803 4566 ad
1820 4509 1866 4564 Ti-

230 4585 346 4646 pebtorem
367 4587 520 4650 competunt
542 4583 660 4636 actiones
683 4589 711 4636 et
734 4583 908 4638 creditoribus
926 4589 952 4636 et
974 4583 1017 4644 le·¹
1064 4587 1130 4636 tium
1147 4581 1337 4650 proprietatem
1353 4597 1527 4638 reuersurum.
1563 4617 1564 4620 =
1649 4617 1650 4620 =

230 4651 240 4698 l
266 4649 391 4716 gutariis⁶.
425 4651 500 4706 Haec
519 4651 607 4706 cautio
625 4651 717 4720 utique
739 4651 891 4708 necessaria
912 4657 965 4720 est,
989 4651 1012 4706 si
1493 4687 1495 4692 s

230 4813 251 4874 (1)
266 4819 650 4896 imntums‚quar1‹“2‚0m.l‹’1
839 4827 871 4888 (nl
889 4825 1010 4876 iactaics.
1062 4825 1218 4882 fereutHui.
1236 4847 1237 4850 ¹
1283 4829 1317 4894 (a)
1336 4829 1386 4880 dici
1394 4827 1460 4880 nibil
1469 4827 1586 4880 einsidei
1593 4819 1750 4880 ‘commissum
1758 4827 1808 4882 csse
1818 4833 1866 4884 dcl.

230 4879 253 4956 (il
266 4887 391 4936 omittes.
484 4891 517 4954 (sl
533 4890 617 4941 tibin*
709 4893 740 4954 (t)
758 4891 844 4942 heredi
852 4891 1010 4944 etinterdum
1061 4895 1103 4960 (8¹)
1122 4891 1248 4946 mabsam
1346 4899 1380 4964 (a)
1397 4899 1570 4950 submoveatur
1578 4895 1618 4948 Ιιη
1676 4905 1677 4908 ’
1731 4903 1776 4964 (lt)
1795 4901 1866 4954 still

230 4949 357 5034 thammata
365 4957 585 5008 controversistae.
688 4959 722 5022 (6)
741 4963 1009 5020 §ttoidcniureouti-
1062 4963 1102 5028 (ll)
1121 4963 1246 5016 restiinF
1281 4967 1324 5032 [lt]
1343 4967 1684 5024 tuncamvmtrlebeatdct
1726 4973 1769 5038 (itt
1787 4971 1864 5026 inter-

230 5027 300 5066 ιιιιιι
311 5023 390 5082 fuisse
404 5033 426 5072 et
447 5027 645 5092 §aiaterporitu
660 5045 711 5080 esse
737 5041 767 5080 ιι
797 5039 894 5080 auctore
917 5033 1010 5082 diverso
1062 5031 1215 5086 uidenteser.
1755 5043 1756 5046 ’

229 5079 254 5140 lt)
268 5083 327 5144 quod
340 5087 444 5152 amphus
458 5107 532 5154 quam
545 5109 589 5158 per
603 5095 741 5146 Falcidiam
755 5095 855 5148 licuerit
863 5099 957 5164 ceperis
964 5119 1010 5152 scr.
1228 5107 1229 5110 ’
