4376 6258
259 353 351 420 VIIII
371 357 390 418 2
699 381 700 384 ¹
1070 345 1128 420 13⁰
1565 375 1612 420 nu
1634 375 1749 422 mean
1769 373 1935 432 noummn

257 537 324 602 liae,
348 531 441 606 quanti
466 531 564 586 actoris
587 531 697 586 interest
718 549 806 590 noxas
828 535 918 606 potius
936 535 1078 608 deditiones
1121 531 1156 586 ad
1174 549 1241 602 quos
1258 549 1291 588 ιι
1299 537 1322 568 ¹⁰
1339 537 1473 590 hereditas
1490 537 1642 604 pertineret,
1661 539 1683 590 si
1700 537 1853 600 rescissent,
1872 551 1935 604 pro-

258 603 367 672 deiungi
383 613 464 670 quam
479 599 533 654 litis
550 599 741 664 aestimatione.
1121 601 1233 656 bibitum
1250 603 1291 656 iri.

295 667 335 728 38
353 671 432 722 Inar!
453 667 519 720 libre
537 683 608 720 nono
626 667 801 736 aptemur-um
836 669 864 722 Si
887 683 917 722 eo
941 675 1068 736 tempore,
1155 665 1196 726 44
1220 669 1366 730 ULPIANUS
1380 669 1449 726 libro
1482 669 1690 742 uadraqensimo
1703 669 1821 724 seeundo
1836 669 1873 722 ad
1887 669 1938 722 Sn-

259 753 312 806 quo
330 735 380 788 tibi
397 747 471 786 meus
489 749 580 788 servus
598 749 676 802 quem
692 733 766 790 hona
787 735 840 790 fide
863 735 950 790 emisti
971 735 1068 790 sarvie·
1121 735 1212 790 binum
1253 737 1286 792 In
1317 737 1376 804 lege
1401 687 1509 806 Aqudia
1541 743 1569 790 ιι
1593 737 1724 792 levissima
1749 737 1830 804 culpa
1853 735 1934 790 venit.

259 807 320 866 bat,
344 803 402 870 ipse
419 815 436 852 a
454 815 528 854 servo
545 807 593 856 tuo
611 801 765 858 mineratus
783 809 838 868 est,
860 803 962 870 placuit
985 801 1068 858 omni-
1123 808 1134 855 l
1172 801 1300 870 Quotiens
1318 805 1419 858 sciente
1436 803 1543 860 domiuo
1562 819 1652 858 sersus
1669 803 1791 858 ιιιιιιιιι
1808 803 1850 858 ιιι
1864 803 1936 858 occi-

258 869 337 924 modo
355 883 397 922 me
413 873 502 922 tecum
519 875 593 924 recte
609 869 666 936 lege
682 871 789 940 Aquilia
807 870 927 938 experiri.
1121 869 1167 934 dit,
1185 873 1293 940 Aquilia
1311 873 1447 926 domiuum
1464 873 1550 926 teneri
1568 871 1677 926 dubium
1694 885 1748 924 non
1766 877 1815 924 est.

293 933 333 996 39
351 935 522 990 Postremus
543 937 610 990 libro
634 939 747 1008 septimo
770 939 871 992 decimo
889 939 927 992 cd
943 937 1068 1002 Quintum
1155 935 1194 994 45
1213 939 1333 994 Pronus
1355 939 1422 994 libro
1445 939 1546 994 maimo
1569 939 1607 992 ud
1628 939 1758 994 Sabinum
1793 937 1936 992 Scientiam

258 1005 378 1060 Mucium
413 1003 526 1070 Quintus
534 1005 642 1056 Mucius
657 1005 762 1060 scribit:
782 1021 849 1074 equa
865 1021 926 1058 cum
938 1005 966 1058 in
982 1005 1068 1056 alieno
1120 1005 1164 1060 hic
1181 1021 1231 1074 pro
1249 1005 1379 1074 patientia
1396 1005 1558 1074 accipimus,
1575 1011 1607 1058 ιιι
1624 1007 1669 1074 qui
1686 1005 1829 1074 prohibere
1845 1005 1935 1074 potnit

255 1075 427 1140 pasceretur,
452 1071 480 1122 in
504 1071 621 1138 cogendo
646 1071 717 1140 quod
740 1087 870 1140 praegnas
896 1077 954 1124 erat
977 1071 1067 1122 eiecit:
1122 1077 1134 1124 1
1172 1079 1308 1138 teneatur,
1327 1073 1350 1126 ιι
1367 1089 1422 1126 non
1438 1073 1540 1126 fecerit.
1574 1073 1646 1140 Lege
1662 1071 1770 1140 Aquilia
1786 1071 1830 1140 agi
1845 1077 1935 1140 potest

257 1137 449 1206 quaerebatur,
475 1137 596 1192 dominus
615 1139 671 1194 eius
688 1145 813 1208 possetne
831 1155 891 1192 cum
909 1155 940 1192 ec
959 1137 1005 1216 qui
1023 1151 1068 1190 co·
1120 1143 1134 1192 2
1172 1147 1199 1194 et
1216 1145 1310 1196 sanato
1323 1139 1462 1194 vvdnerato
1478 1155 1561 1194 servo.
1598 1139 1626 1194 Si
1640 1155 1727 1192 meum
1743 1155 1854 1202 servum,
1874 1155 1935 1192 cum

257 1207 355 1274 egisset
371 1205 428 1274 lege
445 1205 552 1272 Aquilia
575 1221 666 1274 agere,
692 1207 756 1274 quia
777 1221 873 1274 equam
894 1207 922 1258 in
944 1203 1068 1260 icrendo¹
1119 1209 1233 1264 liberum
1257 1213 1381 1278 putares,
1409 1207 1552 1272 occideris,
1578 1207 1636 1274 lege
1660 1207 1768 1276 Aquilia
1791 1207 1933 1260 teneberis

257 1277 374 1344 ruperat.
416 1273 439 1332 si
464 1275 641 1340 percussisset
665 1281 713 1328 aut
740 1275 861 1328 consulto
887 1271 1068 1326 vehementius
1121 1279 1135 1328 3
1172 1275 1239 1330 Cum
1256 1281 1404 1330 stramenta
1421 1275 1542 1328 ardentia
1559 1275 1723 1328 transilirent
1740 1275 1802 1338 duo,
1821 1289 1933 1326 concru-

259 1347 270 1392 1
341 1341 412 1404 sset,
427 1341 512 1392 visum
527 1347 747 1412 estagereposse.
774 1341 949 1394 Pomponius.
968 1341 1067 1408 Quam·
1119 1349 1213 1396 rammi
1236 1343 1367 1410 amboque
1385 1341 1539 1398 ceciderunt
1556 1347 1584 1396 et
1600 1341 1668 1394 alter
1685 1341 1791 1394 flamma
1810 1355 1933 1392 consum-

255 1407 296 1464 vis
341 1407 428 1462 'enum
445 1421 527 1476 pecus
543 1407 571 1462 in
589 1425 651 1480 agro
670 1427 718 1464 suo
737 1409 796 1476 quis
821 1407 1005 1476 deprehendit,
1029 1407 1068 1460 sic
1119 1415 1182 1478 ptus
1207 1415 1262 1464 est:
1289 1411 1356 1464 nihil
1379 1425 1410 1464 eo
1428 1409 1536 1464 nomine
1559 1409 1616 1476 agi,
1641 1407 1663 1462 si
1685 1423 1740 1462 non
1762 1407 1933 1476 intellegitur,

256 1475 322 1530 illud
346 1475 475 1544 expellere
497 1477 589 1542 debet,
638 1475 752 1530 uomodo
776 1475 799 1528 si
821 1491 898 1528 suum
921 1475 1066 1544 deprehen·
1118 1481 1135 1528 4
1170 1481 1230 1530 nter
1247 1477 1282 1530 ab
1299 1483 1360 1532 utro
1379 1493 1486 1532 eversus
1510 1477 1553 1530 sit.
1589 1477 1654 1544 Qui,
1679 1491 1739 1530 cum
1764 1475 1841 1528 ahter
1863 1475 1932 1528 tueri

257 1543 372 1608 disset2,
390 1543 515 1612 quoniam
533 1545 555 1598 si
578 1495 659 1614 quid³
676 1559 710 1596 ex
733 1557 765 1596 ιι
788 1557 816 1596 re
839 1543 964 1596 damnum
989 1541 1067 1610 cepit,
1119 1557 1148 1596 se
1165 1559 1220 1596 nou
1236 1547 1391 1610 possent¹²,
1410 1545 1501 1598 damni
1519 1545 1624 1614 culpam
1635 1545 1655 1578 ἰ
1673 1543 1806 1606 dederint,
1830 1543 1933 1596 innoxii

256 1611 339 1666 habet
360 1611 482 1680 proprias
506 1613 633 1668 actiones.
665 1611 756 1678 itaque
779 1611 824 1678 qui
866 1623 927 1664 ecus
952 1611 1068 1664 alienum
1121 1615 1198 1664 eunt:
1223 1611 1275 1662 vim
1299 1611 1368 1664 enim
1390 1611 1417 1664 vi
1434 1611 1577 1666 defendere
1594 1627 1684 1666 omnes
1701 1611 1772 1680 leges
1790 1609 1879 1662 omnia
1897 1625 1933 1664 ue

255 1679 301 1732 iui
319 1695 381 1746 agro
401 1695 450 1734 suo
468 1679 678 1750 deprehenderit,
695 1693 751 1730 non
767 1677 825 1732 iure
838 1627 865 1730 id
879 1677 999 1740 includit,
1017 1693 1068 1754 nee
1118 1677 1178 1732 iura
1211 1677 1356 1731 ermittunt.
1382 1677 1431 1732 sed
1446 1679 1470 1732 si
1484 1677 1643 1734 defendendi
1656 1679 1707 1734 mei
1722 1691 1804 1730 causa
1818 1627 1933 1746 lapidem

257 1761 336 1816 agere
351 1745 417 1802 illud
434 1747 511 1802 aliter
529 1747 608 1800 debet
625 1761 705 1816 quam
722 1749 847 1812 utsupra
861 1743 975 1800 diximus
991 1761 1068 1812 quasi
1118 1745 1146 1800 in
1163 1761 1180 1800 ι
1199 1745 1344 1798 versarium
1361 1745 1473 1810 misero,
1496 1745 1544 1800 sed
1566 1761 1620 1800 non
1645 1761 1718 1808 eum,
1743 1743 1791 1798 sed
1814 1749 1932 1812 praeter·

257 1831 347 1870 suum:
371 1815 475 1868 sedvel
492 1815 598 1882 abigere
616 1813 695 1866 debet
711 1813 786 1866 ιιιιι5
803 1811 898 1866 damno
916 1813 958 1866 vel
975 1813 1067 1866 admo-
1119 1817 1226 1867 euntem
1243 1827 1408 1880 percussero,
1426 1813 1538 1866 tenebor
1553 1813 1611 1882 lege
1628 1815 1653 1866 A
1670 1813 1746 1866 uilia:
1772 1811 1845 1864 illum
1863 1813 1932 1866 enim

256 1899 319 1938 nere
337 1881 479 1944 dominum,
497 1887 528 1932 ut
545 1897 623 1934 suum
640 1881 693 1934 reci
713 1881 759 1932 iat.
1119 1881 1205 1936 solum
1241 1879 1268 1932 ui
1289 1881 1342 1934 vim
1365 1879 1446 1932 infert
1469 1879 1548 1932 ferire
1572 1897 1638 1934 conc
1673 1881 1740 1944 itur,
1768 1885 1794 1932 et
1816 1879 1883 1944 hoc,
1910 1881 1933 1934 si

290 1947 330 2008 40
348 1947 468 2002 Pennus
482 1947 549 2004 libro
568 1947 645 2002 tertio
664 1965 681 1998 a
716 1947 830 2002 edictum
863 1947 895 2000 lu
911 1947 968 2016 lege
983 1947 1066 2016 Aqui·
1118 1947 1211 2002 tuendi
1223 1897 1381 2012 dumtaxat,
1399 1963 1453 2000 non
1472 1947 1550 2000 etiarn
1568 1947 1714 2002 ulciscendi
1731 1961 1813 2000 eausa
1829 1947 1932 2000 iactum

255 2017 300 2082 lia,
318 2017 342 2070 ιι
359 2015 474 2070 deletum
492 2013 696 2082 chirographum
710 2013 775 2068 mihi
791 2031 848 2070 esse
863 2013 958 2080 dicam,
974 2017 1067 2084 inquo
1120 2019 1134 2070 5
1170 2015 1212 2070 sit.
1248 2013 1300 2082 Qui
1316 2015 1441 2068 idoneum
1455 2015 1585 2082 parietem
1599 2017 1713 2080 sustulit,
1732 2013 1823 2068 damni
1836 2013 1935 2070 iniuria

257 2087 306 2138 snb
326 2083 481 2138 condicione
498 2083 562 2136 mihi
578 2081 693 2152 pecunia
710 2083 798 2136 debita
815 2083 903 2146 fuerit,
923 2087 949 2136 et
962 2081 1068 2138 interim
1120 2081 1225 2138 domino
1245 2083 1302 2136 eius
1319 2087 1433 2136 tenetur.
1897 2111 1898 2114 =

256 2151 371 2208 testibus
387 2167 492 2220 quoque
509 2151 537 2204 id
552 2151 668 2220 probare
691 2151 806 2218 possim,
830 2151 876 2220 qui
899 2155 981 2206 testes
1004 2165 1068 2220 pos·
1153 2145 1194 2206 46
1217 2149 1364 2204 Uarrrnus
1384 2151 1453 2206 libro
1477 2151 1718 2232 quinquagensimo
1742 2149 1779 2202 uel
1801 2147 1904 2202 Sabinu

257 2225 321 2274 sunt
337 2235 391 2274 non
409 2235 467 2274 esse
484 2235 515 2274 co
532 2225 659 2286 tempore,
677 2233 730 2286 quo
749 2217 870 2272 condicio
889 2219 984 2286 extitit,
1002 2223 1028 2274 ιι
1046 2217 1068 2272 ιι
1120 2217 1148 2272 Si
1169 2217 1308 2272 vulnerato
1334 2233 1410 2274 servo
1435 2217 1493 2286 lege
1515 2217 1623 2286 Aqniha
1648 2225 1737 2272 actum
1763 2217 1811 2280 sit,
1837 2223 1934 2284 postes

257 2287 407 2342 summatim
430 2303 460 2342 re
483 2287 603 2356 exposita
626 2285 661 2340 ad
683 2287 860 2356 suspicionem
883 2285 997 2342 iudicem
1019 2285 1067 2340 ad·
1119 2289 1224 2340 mortuo
1249 2301 1282 2340 ex
1307 2301 1338 2342 eo
1362 2287 1471 2342 vulnere
1488 2287 1531 2356 agi
1547 2287 1605 2354 lege
1621 2285 1728 2354 Aquilia
1745 2285 1827 2338 nihilo
1844 2285 1934 2340 nunus

257 2355 367 2420 ducam,
393 2355 504 2410 debeam
526 2355 645 2408 vincere:
678 2353 725 2408 sed
750 2359 815 2408 tunc
841 2355 1067 2410 condemnationis
1118 2359 1215 2422 potest.

257 2425 361 2478 exactio
380 2425 516 2492 competit,
534 2439 594 2476 cunr
611 2421 692 2478 debiti
710 2421 831 2476 condicio
850 2425 978 2478 extiterit:
997 2421 1068 2490 quod
1153 2419 1193 2478 47
1211 2421 1356 2478 terrenus
1376 2423 1443 2478 libro
1468 2421 1648 2492 oetuqensimo
1671 2425 1749 2474 sento
1767 2419 1932 2490 diqestorum

257 2493 281 2546 si
298 2491 432 2556 deiecerit,
451 2491 634 2544 condemnatio
653 2491 739 2544 nullas
756 2489 825 2544 vires
842 2491 959 2544 habebit.
1119 2489 1172 2544 Sed
1190 2489 1212 2544 si
1229 2489 1319 2558 priore
1334 2491 1434 2546 iudicio
1451 2489 1634 2558 aestimatione
1650 2487 1731 2552 facta,
1749 2493 1844 2556 postea
1861 2503 1932 2540 mor·

292 2557 330 2616 41
356 2557 501 2612 Uarrenus
521 2559 589 2610 libro
614 2559 720 2626 quadra
740 2559 840 2612 ausimo
852 2559 945 2628 primo
962 2557 1001 2610 aci
1016 2555 1067 2610 Su·
1118 2563 1166 2610 tuo
1192 2571 1282 2622 servo,
1307 2557 1341 2610 de
1364 2559 1453 2612 occiso
1472 2571 1549 2624 agere
1567 2555 1687 2616 dominus
1705 2555 1861 2628 instituerit,
1887 2571 1932 2610 ιι-

257 2625 348 2680 binum
382 2625 411 2678 Si
428 2625 486 2694 quis
503 2629 691 2678 testamentum
726 2625 846 2688 elevent,
865 2643 900 2678 an
920 2625 1009 2678 damni
1025 2623 1066 2676 in·
1119 2625 1241 2692 ceptione
1258 2625 1311 2678 doli
1328 2625 1392 2678 mali
1409 2625 1533 2694 opposita
1550 2625 1734 2692 compelletur,
1759 2625 1790 2676 ιι
1808 2637 1840 2676 ex
1857 2627 1931 2676 utro·

257 2693 342 2748 iuriae
359 2691 429 2746 actio
454 2697 601 2760 competat,
625 2691 768 2746 videamus.
796 2697 823 2746 ιι
839 2693 982 2746 Marcellus
999 2691 1066 2744 libro
1119 2709 1170 2760 que
1186 2691 1284 2746 iudicio
1299 2693 1365 2746 nihil
1378 2693 1490 2760 amplius
1505 2697 1692 2760 consequatur,
1710 2707 1789 2758 quarn
1805 2691 1932 2760 consequi

257 2761 350 2828 quinto
369 2759 528 2826 digestorum
545 2757 669 2812 dubitans
687 2765 767 2826 negat
785 2765 948 2828 competere:
974 2775 1065 2826 quem·
1119 2759 1234 2824 deberet,
1253 2761 1276 2814 si
1292 2759 1367 2814 initio
1386 2759 1419 2814 de
1436 2759 1525 2814 occiso
1542 2757 1651 2814 homine
1668 2759 1770 2826 egisset.

257 2827 400 2882 admodum
418 2827 494 2892 enim,
512 2827 605 2894 inquit,
624 2827 771 2880 aestimatio
786 2827 914 2880 inibitur?
932 2841 979 2894 ego
995 2823 1068 2892 apud
1154 2823 1194 2884 48
1213 2827 1332 2880 Pennus
1353 2827 1420 2880 libro
1439 2829 1595 2898 trigessimo
1612 2843 1682 2882 nono
1700 2825 1737 2880 ad
1754 2823 1868 2880 edictum
1903 2825 1932 2880 Si

258 2909 318 2948 eum
335 2895 425 2948 notavi
440 2893 469 2946 iu
485 2899 612 2948 testatore
629 2893 735 2962 quidem
749 2895 800 2946 hoc
815 2909 873 2948 esse
887 2909 987 2958 verum,
1005 2891 1068 2962 quia
1119 2909 1209 2948 servus
1228 2899 1290 2948 aute
1307 2895 1407 2948 aditam
1424 2893 1598 2948 hereditatem
1616 2893 1740 2948 damnum
1756 2893 1784 2946 in
1801 2907 1830 2946 re
1853 2893 1932 2946 here-

257 2963 329 3032 quod
345 2961 455 3016 interest
472 2961 528 3014 eius
542 2961 676 3016 aestimari
690 2977 744 3014 non
758 2967 855 3030 potest,
872 2967 1068 3014 verumtamen
1119 2961 1215 3016 ditaria
1231 2961 1333 3018 dederit
1348 2967 1374 3014 et
1388 2961 1455 3016 liber
1468 2961 1557 3016 iactus
1571 2963 1601 3016 in
1617 2979 1650 3016 ea
1659 2963 1679 2994 ¹³
1696 2977 1725 3016 re
1738 2961 1863 3014 damnum
1878 2961 1932 3024 det,

256 3031 285 3084 in
302 3029 399 3084 herede
416 3029 457 3082 vel
473 3029 606 3098 legatariis
625 3029 770 3094 diversum,
794 3029 890 3096 quibus
907 3035 1068 3084 testamenta
1118 3035 1233 3098 utraque
1256 3031 1361 3084 actione
1384 3029 1530 3096 tenebitur,
1554 3031 1617 3100 quia
1639 3029 1746 3084 almrius
1772 3033 1797 3084 et
1822 3029 1932 3084 alterins

256 3113 344 3166 paene
368 3097 543 3166 chirographa
565 3099 654 3150 sunit
685 3097 783 3152 ibidem
806 3097 950 3152 Marcellus
976 3095 1068 3152 scribit
1118 3099 1184 3152 facti
1201 3099 1252 3152 hae
1269 3113 1312 3152 res
1330 3101 1401 3152 sunt.

259 3165 432 3234 chirographo
450 3165 535 3218 deleto
551 3169 701 3234 competere
716 3165 780 3234 legis
788 3165 909 3234 Aquiliae
926 3165 1066 3220 actionem.
1153 3163 1194 3222 49
1217 3165 1364 3220 arrietes
1383 3165 1452 3222 iidro
1476 3181 1548 3220 nouo
1571 3165 1783 3236 disputationum
1820 3165 1847 3218 Si
1871 3157 1953 3234 quis}

257 3233 305 3288 sed
328 3239 355 3288 ιι
377 3233 401 3288 ιι
424 3233 482 3300 quis
505 3233 611 3288 tabulas
628 3233 780 3288 testamenti
797 3233 869 3300 apud
887 3249 915 3288 ιι
933 3233 1067 3302 depositas
1118 3233 1190 3288 fumo
1214 3233 1287 3288 iacto
1311 3249 1376 3302 apes
1400 3233 1500 3288 alienas
1517 3233 1648 3302 fugaverit
1664 3233 1704 3288 rel
1722 3233 1801 3286 etiam
1820 3245 1952 3288 necere-t

257 3299 382 3356 deleverit
399 3303 440 3354 vel
458 3299 578 3368 pluribus
595 3301 780 3368 praesentibus
797 3303 898 3370 legerit,
917 3303 1009 3354 utilius
1026 3307 1067 3354 est
1118 3301 1166 3366 rit,
1190 3317 1233 3354 ma
1252 3303 1272 3356 ἰ
1298 3317 1407 3356 eausam
1428 3303 1520 3356 mortis
1544 3303 1707 3370 praestitisse
1730 3301 1834 3354 videtur
1868 3315 1952 3354 uam

256 3369 285 3422 in
309 3369 413 3424 iactum
435 3375 462 3422 et
485 3369 641 3422 iniuriarum
663 3371 720 3438 agi,
745 3369 769 3424 si
792 3369 903 3424 iniuriae
928 3369 1068 3422 faciendae
1121 3373 1131 3420 l
1169 3369 1228 3424 occi
1248 3371 1308 3434 ιιι,
1318 3369 1411 3424 etideo
1420 3369 1448 3424 in
1457 3371 1561 3424 facturn
1570 3369 1674 3424 acdona
1682 3369 1826 3422 tenebitur.
1851 3317 1933 3436 diuod

263 3441 272 3490 l
310 3451 393 3492 causa
425 3441 527 3490 secreta
551 3437 709 3492 iudiciorum
734 3437 886 3506 publicavit.
931 3437 1068 3490 Interdum
1119 3435 1216 3492 dicitur
1234 3439 1359 3492 damnum
1372 3437 1468 3492 iniuria
1483 3437 1574 3492 datum
1589 3437 1695 3506 Aquilia
1705 3437 1724 3470 ¹⁴
1742 3435 1874 3504 persequi,
1894 3437 1934 3490 sic

259 3505 363 3558 evenire
379 3503 540 3570 Pomponius
560 3505 694 3572 eleganter
710 3505 756 3570 ait,
774 3509 805 3558 ut
822 3507 879 3574 quis
896 3505 1003 3558 tabulas
1022 3503 1066 3558 de·
1119 3505 1169 3558 erit
1193 3507 1251 3560 acci
1270 3507 1392 3570 iendum,
1416 3511 1447 3558 ut
1470 3507 1592 3558 videatur
1614 3507 1740 3558 damnum
1763 3503 1860 3558 iniuria
1883 3505 1931 3558 da-

257 3573 336 3626 lendo
353 3569 419 3624 furti
437 3587 490 3626 non
506 3577 636 3636 teneatur,
656 3573 703 3626 sed
719 3579 824 3626 tanturn
842 3573 930 3626 damni
946 3573 1066 3634 iniuriae,
1118 3577 1183 3636 tum,
1200 3523 1340 3642 quodcum
1350 3573 1579 3626 damuoiniuriam
1593 3573 1712 3626 attulerit
1721 3575 1753 3624 ¹⁵:
1770 3573 1821 3626 uisi
1836 3587 1933 3640 magna

257 3645 289 3692 ut
311 3645 378 3708 pute
405 3639 427 3690 ιι
453 3655 506 3692 non
532 3639 618 3692 anirno
644 3639 710 3694 furti
734 3639 863 3706 faciendi,
890 3639 938 3692 sed
962 3645 1068 3692 tantum
1118 3639 1144 3692 vi
1161 3645 1272 3708 cogente
1288 3641 1369 3694 fuerit
1385 3639 1495 3706 factum,
1514 3645 1545 3694 ut
1562 3639 1653 3694 Celsus
1668 3639 1761 3694 scribit
1777 3641 1931 3704 circaeam,

260 3705 348 3762 damni
365 3705 447 3758 dandi
464 3705 570 3760 delevit:
595 3723 657 3762 nam
673 3707 738 3760 furti
756 3723 810 3762 non
834 3707 981 3762 tenebitur:
1006 3723 1067 3762 cum
1120 3707 1164 3774 qui
1181 3707 1296 3762 incendii
1319 3709 1427 3762 arcendi
1448 3709 1535 3776 gratia
1556 3707 1656 3762 vicinas
1679 3707 1757 3762 aedes
1781 3707 1930 3760 intercidit:
1948 3707 1959 3776 ,i

257 3775 332 3830 facto
351 3773 420 3828 enim
437 3773 517 3828 etiam
534 3775 650 3828 animum
668 3775 734 3828 furis
751 3775 852 3830 furtum
869 3775 956 3844 exigit.
1120 3791 1183 3828 nam
1197 3775 1242 3830 hie
1256 3777 1349 3830 scribit
1364 3791 1470 3830 cessare
1483 3777 1548 3844 legis
1556 3777 1679 3844 Aquiliae
1694 3775 1842 3830 acticnem:
1859 3775 1955 3830 iustos

287 3839 333 3898 ,42
351 3841 372 3894 Ι
372 3855 495 3894 ratenus
510 3843 578 3896 libro
597 3843 823 3922 quadragensimo
841 3849 933 3898 cetrum
952 3843 1067 3924 diqesto-
1119 3843 1188 3896 enim
1205 3849 1277 3898 metu
1294 3843 1399 3908 ductus,
1417 3859 1450 3896 ue
1468 3843 1503 3898 ad
1520 3859 1549 3898 se
1565 3843 1633 3912 ignis
1651 3843 1812 3912 perveniret,
1830 3843 1932 3896 vicinas

258 3927 318 3966 rum
355 3909 405 3978 Qui
427 3909 533 3962 tabulas
555 3915 707 3964 testamenn
731 3911 865 3978 depositas
889 3917 936 3964 aut
953 3909 1067 3966 ahcuius
1119 3911 1199 3966 aedes
1221 3911 1369 3966 intercidit:
1395 3917 1422 3966 ιι
1439 3911 1493 3966 sive
1510 3911 1629 3982 pervenit
1645 3913 1711 3980 ignis
1730 3911 1785 3964 sive
1803 3915 1866 3964 ante
1884 3925 1929 3962 ex-

259 3981 298 4034 rei
314 3981 518 4032 instrumentum
536 3979 573 4034 ita
591 3979 699 4044 delevit,
717 3985 747 4032 ιιι
763 3979 813 4046 legi
830 3993 885 4032 non
902 3981 1002 4048 possit,
1021 3977 1066 4032 de·
1118 3979 1218 4032 tinctus
1236 3985 1284 4044 est,
1304 3979 1437 4034 existimet
1452 3981 1517 4050 legis
1532 3981 1654 4050 Aquiliae
1668 3977 1799 4034 achonem
1815 3993 1929 4032 cessare.

259 4049 340 4118 positi
359 4045 463 4100 ardone
480 4053 505 4100 et
523 4047 556 4100 ad
581 4047 756 4100 exhibendum
779 4053 897 4112 tenetur,
921 4047 983 4116 quia
1008 4061 1067 4102 cor·
1153 4045 1192 4104 50
1217 4047 1444 4104 Uiennensium
1460 4053 1540 4104 sexto
1558 4049 1713 4116 opinionum
1748 4047 1800 4116 Qui
1823 4047 1931 4098 domum

259 4123 366 4184 ruptam
382 4129 437 4168 rem
454 4115 599 4170 restituerit
615 4121 663 4168 aut
680 4115 835 4168 exhibuerit.
862 4115 927 4182 legis
945 4115 1067 4184 quoque⁷
1119 4115 1232 4170 ahenam
1254 4115 1335 4170 invito
1360 4115 1464 4170 domino
1489 4115 1599 4170 demetit
1623 4121 1650 4170 ιι
1673 4131 1707 4170 ec
1733 4115 1793 4170 loco
1821 4113 1932 4168 balneas

258 4183 381 4264 Aquiliae
399 4181 468 4236 actio
488 4199 520 4236 ex
538 4183 629 4236 eadem
647 4197 729 4236 eausa
753 4183 893 4250 competit:
918 4183 1068 4252 corrupisse
1120 4183 1263 4248 exstruxit,
1286 4187 1392 4250 praeter
1416 4185 1538 4236 naturale
1554 4183 1611 4248 ius,
1636 4185 1707 4252 quod
1724 4181 1877 4250 superficies
1896 4179 1930 4232 ad

260 4269 329 4306 emm
346 4251 452 4302 tabulas
470 4259 542 4304 recte
560 4251 656 4304 dicitur
673 4257 704 4304 ιι
717 4251 762 4318 qui
779 4265 824 4302 eas
840 4251 1007 4304 interleverit.
1119 4251 1254 4304 dominum
1271 4251 1321 4304 soli
1338 4251 1466 4318 pertinet,
1485 4251 1564 4304 etiam
1581 4251 1671 4304 damni
1688 4251 1743 4304 dati
1760 4251 1865 4302 nomine
1884 4267 1929 4304 ae-

294 4317 333 4376 43
353 4317 523 4372 Ponroruns
539 4319 606 4374 libro
623 4335 696 4374 nono
711 4319 811 4372 decimo
826 4317 1000 4372 ndSndr'num
1026 4317 1067 4370 Ob
1118 4317 1214 4372 tioni¹⁶
1232 4317 1370 4372 subicitur.

258 4387 295 4452 id,
314 4385 386 4458 quod
404 4391 466 4440 ante
484 4401 563 4454 quam
580 4387 753 4440 hereditatem
770 4385 856 4440 adires
875 4383 1001 4440 damnum
1018 4385 1065 4440 ad·
1153 4383 1190 4442 51
1204 4387 1224 4418 ¹⁷
1241 4383 1386 4440 lucianus
1399 4385 1467 4440 libro
1482 4387 1662 4456 ortuqenstmo
1675 4389 1754 4440 serto
1764 4383 1929 4454 diqestcrun:

259 4457 369 4512 missurn
386 4453 414 4506 iu
431 4469 474 4508 res
491 4455 665 4508 hereditarias
683 4461 737 4518 est,
763 4453 827 4522 legis
844 4453 966 4520 Aquiliae
983 4453 1066 4508 actio·
1119 4455 1161 4508 Ite
1179 4453 1332 4506 adunatus
1350 4457 1390 4506 ιιι
1413 4467 1520 4518 ιιιιιι,
1545 4459 1576 4508 ut
1601 4471 1631 4508 ec
1654 4455 1709 4508 ictu
1733 4457 1834 4506 eertum
1859 4457 1929 4506 esset

260 4541 320 4580 nem
337 4523 435 4588 habes,
461 4521 549 4590 quod⁸
565 4529 627 4592 post
644 4529 754 4576 mortem
766 4523 841 4590 ¹eius,
866 4521 909 4574 cui
926 4523 1002 4578 heres
1021 4521 1066 4586 sis,
1118 4523 1289 4576 moriturum:
1315 4521 1401 4574 medio
1426 4521 1524 4576 deinde
1542 4527 1661 4590 tempore
1685 4521 1762 4574 heres
1790 4519 1930 4572 institutis

259 4593 399 4648 acciderit:
425 4589 558 4644 danninum
582 4591 651 4644 enim
672 4590 716 4644 lex
738 4589 845 4658 Aquilia
871 4591 988 4658 appellat
1013 4605 1067 4644 non
1118 4595 1158 4642 est
1176 4593 1203 4642 ιι
1219 4593 1314 4656 postea
1330 4589 1364 4642 ab
1382 4589 1434 4642 alio
1451 4589 1521 4644 ictus
1540 4587 1665 4642 decessit:
1685 4603 1793 4656 quaero,
1813 4603 1847 4640 an
1866 4603 1927 4640 eum

259 4661 351 4728 utique
368 4675 441 4722 eum,
465 4659 510 4726 qui
528 4665 591 4712 tunc
608 4659 702 4722 fuerit,
728 4675 787 4712 cum
803 4657 927 4712 damnum
945 4659 1065 4710 daretur:
1118 4661 1231 4724 utroque
1249 4655 1281 4710 de
1299 4657 1386 4710 occiso
1404 4657 1461 4724 lege
1478 4655 1584 4724 Aquilia
1602 4657 1644 4724 agi
1661 4655 1752 4724 possit.
1776 4653 1929 4724 respondit:

259 4743 323 4782 nam
338 4727 389 4782 isto
407 4725 485 4780 modo
503 4743 537 4780 ne
554 4727 588 4780 ab
605 4741 636 4780 eo
655 4725 769 4794 quidem,
787 4725 830 4780 cui
844 4725 920 4778 heres
935 4725 994 4804 quis
1009 4725 1066 4784 erit,
1118 4725 1248 4778 occidisse
1270 4723 1368 4776 dicitnr
1388 4725 1467 4792 vulgo
1491 4723 1611 4792 quidem,
1634 4723 1680 4792 qui
1702 4723 1794 4776 mortis
1819 4737 1927 4776 cerream

258 4797 375 4850 nansire
392 4793 427 4848 ad
445 4809 503 4848 eum
522 4809 553 4848 ea
570 4793 641 4848 aetio
658 4793 768 4862 poterit:
787 4809 871 4860 neque
889 4791 923 4846 cb
941 4793 975 4856 ιιι,
995 4791 1067 4860 quod
1119 4791 1238 4860 quolibet
1253 4791 1332 4846 modo
1355 4791 1492 4860 praebuit:
1517 4791 1565 4846 sed
1587 4791 1644 4860 lege
1660 4791 1767 4860 Aquilia
1783 4789 1806 4842 is
1824 4789 1929 4852 demum

259 4869 317 4917 tum
342 4861 509 4916 commissum
535 4863 629 4926 fuerit,
657 4877 717 4914 cum
741 4861 770 4914 in
794 4861 909 4914 hostium
935 4865 1068 4926 potestate
1118 4859 1202 4914 teneri
1218 4859 1291 4914 ιιιιιι
1309 4863 1363 4924 ιιι,
1387 4859 1431 4926 qui
1448 4857 1569 4912 adhibita
1586 4859 1611 4912 vi
1628 4865 1656 4912 et
1672 4857 1748 4926 quasi
1765 4873 1845 4910 manu
1863 4873 1926 4910 cau-

262 4945 343 4996 esses,
358 4945 435 4998 agere
450 4929 610 4998 postliminio
619 4943 740 4984 reversus
755 4929 867 4996 poteris:
884 4935 910 4980 ιι
924 4929 975 4980 hoc
992 4929 1068 4980 ahter
1120 4943 1176 4980 sam
1194 4927 1286 4980 mortis
1308 4927 1491 4994 praebuisset,
1513 4931 1602 4980 tracta
1624 4925 1745 4980 videlicet
1768 4925 1926 4992 interpreta-

262 4997 388 5052 constitui
403 4997 459 5052 sine
474 5013 569 5066 magna
584 4997 707 5064 captione
720 5001 902 5064 postumorum
916 4995 1067 5058 liberorum,
1119 4995 1190 5048 tione
1211 4995 1284 5048 vocis
1308 5009 1325 5048 a
1349 4993 1482 5048 caedendo
1505 4999 1533 5046 et
1557 5007 1574 5046 a
1598 4993 1685 5046 caede.
1711 5007 1804 5046 rursus
1821 4991 1929 5060 Aquilia

279 5065 308 5118 ui
329 5067 484 5134 parentibus
506 5063 616 5118 heredes
641 5069 732 5128 erunt,
758 5079 812 5118 non
837 5065 942 5134 poterit.
976 5063 1068 5118 eadem
1118 5063 1175 5130 lege
1198 5061 1283 5116 teneri
1305 5061 1447 5116 existimati
1470 5067 1533 5116 sunt
1554 5077 1610 5116 non
1633 5061 1718 5116 solum
1742 5061 1848 5128 quiite
1870 5061 1926 5112 vul-

281 5133 380 5186 'cemus
404 5139 430 5186 ιι
447 5133 480 5186 de
497 5131 637 5186 arboribus
655 5133 747 5186 eodem
764 5137 816 5186 tem
835 5149 881 5186 cre
897 5131 988 5184 furtim
1007 5145 1067 5184 cae·
1119 5135 1271 5196 ιιιιιιιιιι,
1288 5135 1319 5184 ιι
1337 5129 1476 5184 confestim
1492 5129 1548 5184 vita
1563 5129 1711 5198 privarent,
1730 5127 1873 5182 sedetiam
1890 5127 1929 5190 hi,

261 5201 307 5256 sis.
333 5205 398 5268 puto
422 5201 513 5254 eadem
536 5199 588 5254 dici
611 5215 689 5268 posse
713 5201 792 5254 etiam
815 5149 846 5254 de
868 5201 919 5254 hac
944 5199 1068 5254 ιιιιιιιιΒ
1119 5215 1230 5268 quorum
1249 5213 1282 5250 ex
1298 5199 1404 5252 uulnere
1422 5203 1524 5252 certum
1541 5203 1611 5250 esset
1628 5197 1740 5266 aliquem
1758 5195 1812 5248 vita
1835 5211 1926 5250 exces-

263 5267 334 5338 quod
351 5265 376 5318 vi
393 5273 440 5320 aut
458 5271 535 5332 clam,
553 5267 669 5332 simodo
688 5269 747 5336 quis
766 5275 812 5322 eut
830 5269 977 5336 prohibitus
994 5267 1066 5322 fece·
1118 5283 1217 5320 surum.
1250 5265 1330 5334 igitur
1353 5265 1376 5320 ιι
1398 5265 1457 5334 quis
1481 5269 1555 5318 servo
1579 5265 1742 5320 mortiferum
1767 5265 1862 5316 vulnus
1885 5263 1925 5316 in·

261 5337 311 5400 rit,
334 5337 382 5388 aut
404 5337 557 5402 apparuerit
578 5349 639 5388 eum
661 5337 810 5404 intellegere
829 5337 951 5390 debuisse
968 5337 1002 5388 ab
1020 5335 1066 5400 ιιι,
1117 5333 1215 5392 dixerit
1232 5333 1396 5402 eundemque
1414 5333 1481 5388 alius
1499 5349 1532 5386 ex
1548 5331 1685 5388 intervallo
1702 5333 1740 5388 ita
1757 5331 1928 5400 percusserit,

263 5577 293 5634 ιι)
311 5571 526 5636 inabigendoser.
610 5577 644 5630 ιιι,
660 5573 915 5638 deprehendissentF
995 5575 1026 5640 (a)
1046 5575 1068 5622 ιι
1121 5579 1163 5634 (tit
1183 5573 1292 5640 culpam]
1303 5571 1422 5638 quiddam
1430 5593 1479 5624 scr.
1515 5583 1564 5628 ,ιιιι
1583 5573 1667 5622 eadem
1676 5573 1736 5624 Hui.
1787 5577 1830 5634 (14)
1847 5571 1925 5636 Aqui·

262 5641 383 5704 quodscr.
461 5641 492 5700 (4)
510 5637 537 5686 in
547 5639 575 5702 S,
585 5639 645 5690 ar
719 5645 750 5706 (5)
769 5643 855 5694 siveli
936 5643 969 5706 (o)
987 5643 1067 5706 etius.
1118 5641 1179 5692 liam
1190 5643 1251 5694 Hal.
1313 5647 1356 5706 its)
1367 5639 1773 5708 sortasseerciderunttuiiurderi
1784 5645 1926 5692 autemnon

263 5709 297 5770 (i)
315 5705 464 5784 aquoqned’
536 5707 569 5768 is)
588 5709 840 5770 qnodlquamvisser.
919 5717 952 5772 (st
970 5709 1067 5760 haeae·
1119 5715 1209 5776 potest,
1220 5715 1249 5760 ιιι
1258 5709 1503 5760 damnaminiuriam
1511 5727 1562 5760 nou
1571 5709 1685 5760 attulerit
1720 5705 1931 5774 (ttlaodoneFS

261 5773 543 5836 tieneJmtertlretoscr.
631 5777 675 5838 (td)
693 5777 774 5826 eabF
854 5781 894 5842 ιιι)
912 5779 1065 5844 possuntF¹
1120 5781 1163 5840 ili)
1182 5781 1242 5830 citat
1253 5779 1462 5844 UlpianusitD.
1475 5781 1496 5832 d.
1505 5789 1521 5830 ι.
1532 5779 1734 5838 ιιιιιιιῦ.
1745 5779 1767 5830 ι.
1778 5789 1793 5830 t.
1805 5781 1821 5832 i.
1831 5787 1899 5842 alit
