4366 6258
274 361 300 426 t
324 367 361 428 ιι
1072 349 1138 428 aaa
1451 327 1461 334 .,
1685 377 1734 426 nn
1753 375 1937 426 vannonsm-

274 543 465 612 signifioamus:
483 545 553 598 dont
569 545 621 600 boo
638 545 746 600 ‘Lucios
759 547 846 602 Titius
861 545 1000 616 alligatus¹
1019 547 1077 600 ιιι.
1131 549 1143 600 l
1179 545 1252 598 Inter
1265 541 1392 598 ‘mmmm’
1406 547 1496 598 autem
1508 547 1535 598 ιι
1548 543 1677 612 ‘poenam'
1692 541 1805 598 multum
1817 541 1935 610 ιιιιιιιιι,

275 619 300 666 ιι
317 615 385 668 idem
403 613 441 678 fit,
459 631 519 668 cum
535 613 574 666 ita
591 613 723 682 loquimur
740 613 831 670 ‘Troia
848 619 928 682 capta
944 613 1005 668 est':
1023 629 1079 670 nou
1130 629 1191 668 cum
1207 627 1295 682 poena
1311 613 1434 682 generale
1451 611 1487 668 sit
1503 613 1617 668 ιιοιιιιιι9
1640 613 1758 666 omniurn
1780 609 1935 666 delictorum

275 683 343 736 enim
371 681 405 736 ad
432 681 579 750 praesentis
602 681 668 736 faeti
691 681 942 740 demonstrationem
964 679 1080 738 refertur
1130 681 1265 746 coercitio,
1282 681 1367 734 multa
1384 679 1506 748 specialia
1523 679 1635 750 peccati,
1655 679 1730 734 cuius
1744 677 1935 734 animadversio

274 749 297 802 is
314 765 408 824 sermo,
428 749 476 804 sed
492 749 527 802 ad
544 751 725 820 praeteritum.
1130 749 1209 804 hodie
1232 749 1388 818 pecuniaria
1411 753 1465 802 est:
1489 763 1576 830 poena
1594 753 1683 802 autem
1700 765 1753 804 non
1770 753 1872 802 tantum
1888 763 1934 816 pe·

311 815 541 874 latreuontes
562 819 630 872 libro
653 819 769 874 seeundo
791 817 966 890 epistolarum
1004 817 1079 874 Haec
1130 817 1263 882 cantaria,
1296 831 1388 872 verum
1419 831 1452 870 ca
1470 817 1514 872 itis
1544 823 1571 872 et
1599 817 1800 872 existimationis
1826 817 1935 886 irrogari

274 887 355 940 rerba
372 885 426 940 ‘ille
440 889 488 940 aut
500 883 553 940 ille'
569 901 623 940 non
637 885 723 940 solum
735 885 919 952 disiunctiva2,
937 885 1080 942 sedetiam
1098 901 1099 904 ’
1129 885 1205 940 solet.
1241 889 1268 938 et
1287 885 1372 940 multa
1394 883 1441 952 qui
1459 901 1500 956 em
1523 899 1557 940 ex
1580 885 1689 940 arbitrio
1708 885 1764 940 eius
1781 883 1866 950 venit,
1891 885 1935 952 qui

275 955 498 1006 subdisiouotirae
515 953 642 1008 orationis
660 961 729 1008 sont.
765 955 950 1008 disiunctivum
968 959 1016 1018 est,
1034 971 1078 1008 ve·
1129 953 1338 1006 moltam‘dicit:
1364 967 1452 1022 poena
1474 967 1529 1006 nou
1545 953 1690 1020 irrogatur,
1715 951 1767 1006 nisi
1783 967 1854 1020 quoe
1870 967 1934 1020 qua·

275 1021 324 1074 luti
341 1037 402 1074 oum
419 1021 530 1076 dicimus
548 1025 603 1074 ‘aut
621 1021 675 1076 dies
693 1027 741 1078 aut
757 1039 811 1078 nox
828 1021 885 1086 est',
903 1037 1014 1090 quorum
1029 1037 1079 1090 po·
1129 1021 1212 1090 qoe¹⁰
1232 1021 1291 1090 lege
1313 1019 1355 1074 rel
1377 1035 1430 1100 quo
1448 1019 1500 1074 alio
1517 1019 1576 1076 iure
1593 1021 1743 1090 specialiter
1760 1021 1822 1074 huic
1839 1019 1934 1074 delicto

275 1087 326 1144 sito
348 1087 432 1142 altero
454 1103 563 1142 necesse
584 1093 625 1144 est
650 1089 708 1144 tolli
734 1091 860 1154 alterum,
887 1091 950 1144 item
973 1091 1078 1144 sublato
1128 1087 1253 1156 imposita
1270 1093 1324 1144 est:
1348 1105 1413 1156 qum
1430 1087 1509 1144 immo
1528 1087 1612 1144 multa
1627 1087 1667 1142 ibi
1684 1087 1794 1156 dicitur,
1811 1087 1858 1144 ubi
1875 1095 1935 1156 ape·

275 1155 358 1210 altero
381 1159 445 1222 poni
467 1157 588 1210 altarum.
626 1159 665 1210 ita
689 1159 770 1212 simili
791 1157 948 1224 figuratione
969 1159 1079 1212 verbum
1130 1155 1204 1210 cialis
1221 1171 1309 1226 poena
1325 1171 1380 1210 non
1397 1161 1439 1210 est
1455 1157 1587 1226 imposita.
1613 1157 1677 1210 item
1688 1157 1834 1210 multamis
1847 1155 1935 1212 dicere

275 1229 364 1292 potest
393 1239 451 1278 esse
478 1223 722 1280 subdisiuuctivum.
763 1223 964 1278 subdisionetivi
989 1231 1079 1278 antem
1129 1229 1230 1292 potest,
1254 1223 1446 1278 cuiiudicatio
1468 1225 1639 1278 dataest:1¹
1667 1225 1839 1294 magistratus
1862 1225 1932 1278 solos

275 1307 371 1358 genera
389 1297 450 1344 sunt
467 1293 534 1346 dno:
557 1309 653 1358 unum,
677 1309 737 1348 oum
761 1307 794 1344 ex
815 1291 958 1360 propositis
980 1291 1078 1348 finibus
1129 1297 1156 1344 at
1172 1291 1308 1360 praesides
1325 1291 1522 1360 provinciarum
1539 1305 1617 1360 posse
1632 1293 1743 1346 multam
1758 1290 1846 1346 dicere
1859 1307 1933 1344 man-

275 1359 314 1412 ita
333 1375 387 1414 uon
407 1365 495 1426 potest
515 1363 627 1426 uterque
644 1375 715 1424 esse,
739 1363 770 1412 ut
789 1359 875 1426 possit
895 1365 990 1414 neuter
1010 1375 1077 1424 csse,
1129 1359 1197 1412 datis
1224 1359 1383 1426 permissum
1409 1365 1458 1414 est,
1496 1375 1610 1428 poenam
1637 1363 1725 1414 autem
1751 1357 1935 1438 uuusquisque

275 1425 355 1480 veluti
373 1441 433 1480 com
450 1427 560 1480 dicimus
579 1433 635 1480 ‘aut
653 1427 726 1482 sedat
744 1431 792 1480 aut
808 1427 949 1480 ambulat’:
969 1441 1031 1480 nam
1048 1433 1080 1480 ιιι
1128 1425 1251 1492 inrogare
1272 1431 1375 1494 potest,
1400 1427 1443 1480 cui
1463 1427 1543 1480 huius
1565 1427 1681 1480 cuminis
1706 1427 1759 1480 sive
1783 1425 1872 1480 dchcti
1888 1441 1935 1480 ex-

276 1507 351 1546 nemo
366 1499 454 1560 potest
467 1499 606 1564 utrumque
622 1495 699 1548 simul
712 1495 809 1558 facere,
827 1495 864 1546 ita
879 1493 975 1562 aliquis
989 1501 1079 1560 potest
1130 1495 1231 1546 secutio
1250 1493 1382 1560 competit.
1930 1503 1931 1506 ’

276 1567 411 1628 nentrum,
433 1563 531 1614 ιιιιιιι3
552 1561 576 1616 is
600 1561 645 1630 qui
666 1561 807 1614 accumbit.
842 1561 953 1616 alterius
974 1561 1078 1630 generis
1164 1555 1362 1616 seirannus
1382 1561 1545 1616 librotcrtio
1568 1561 1605 1614 cd
1621 1561 1704 1630 dapem
1722 1559 1821 1614 Iuliam
1838 1565 1865 1614 et
1881 1561 1934 1614 Pn-

276 1633 330 1696 est,
353 1645 414 1684 cum
430 1645 464 1684 ex
480 1631 622 1698 propositis
639 1629 736 1682 finibus
754 1627 792 1680 ita
809 1643 862 1684 non
879 1633 969 1698 potest
985 1635 1079 1684 neuter
1124 1627 1201 1698 pion
1242 1627 1405 1682 ‘Armenius'
1430 1627 1570 1694 amittitur,
1600 1627 1645 1696 qui
1667 1633 1784 1682 exmemo
1806 1627 1870 1682 anni
1892 1627 1934 1682 die

277 1713 348 1762 esse,
371 1703 402 1750 ut
415 1699 502 1778 possit
518 1697 675 1766 ιιιιιιιιιιιιιι1
695 1711 768 1760 esse,
791 1697 871 1750 veluti
890 1713 950 1750 cum
967 1697 1078 1752 dicimus
1127 1695 1248 1750 moritur.
1283 1699 1311 1750 et
1334 1695 1498 1750 consuetudo
1521 1695 1647 1764 loquendi
1668 1697 1696 1750 id
1712 1695 1751 1750 ita
1768 1711 1827 1750 esse
1844 1694 1932 1750 decla·

276 1769 363 1820 ‘amne
378 1765 476 1818 ammal
493 1771 540 1818 ant
555 1765 621 1820 lacit
638 1769 684 1818 aut
698 1763 820 1832 patitur’:
839 1765 939 1818 nullum
953 1771 996 1818 est
1010 1765 1078 1818 eninr
1127 1767 1183 1816 rat:
1214 1769 1285 1816 ‘ante
1311 1763 1380 1816 diem
1405 1763 1535 1816 decimum
1555 1763 1746 1828 kalendarum,
1775 1765 1844 1832 ‘post
1865 1763 1933 1818 diem

276 1831 348 1952 {pund
369 1847 419 1952 ιιιιι
441 1831 524 1952 fatciat
544 1849 594 1888 nec
617 1831 748 1902 patiatur:
779 1837 806 1884 at
833 1837 921 1900 potest
948 1831 1026 1888 simul
1052 1839 1080 1886 et
1128 1829 1481 1950 idecimuil'kalqndiiuml:
1503 1837 1600 1950 ιιὲιιιιὲ
1617 1831 1691 1950 lenim
1712 1847 1833 1950 setrmone
1849 1831 1932 1884 unde-

288 1915 396 1954 aceree
443 1915 489 1954 ar.
600 1929 602 1932 ·
1179 1913 1230 1950 cim
1264 1915 1302 1952 res
1321 1915 1344 1952 ιι
1380 1913 1504 1952 icanor
1535 1939 1542 1952 .
1601 1915 1687 1952 asum
1708 1915 1736 1954 es
1770 1913 1827 1952 eam
1871 1913 1932 1952 ee-

313 1919 553 2024 latroianus
575 1969 669 2036 quinto
692 1965 867 2038 epistatcrom
903 1967 993 2036 Nepos
1011 1967 1077 2020 Pro·
1127 1965 1203 2028 risse,
1222 1965 1265 2018 cni
1282 1915 1403 2018 mortgtiim
1421 1965 1490 2020 filins
1508 1971 1630 2020 exsectus
1649 1971 1698 2022 est.
1751 1975 1752 1978 ’
1851 1915 1904 1966 pp

277 2035 336 2090 culo
359 2049 408 2090 suo
431 2037 551 2090 salutem.
587 2035 629 2088 Ab
651 2049 696 2098 eo,
720 2035 766 2104 qui
782 2035 821 2088 ita
838 2035 925 2088 dotem
961 2035 1077 2088 romisit:
1165 2029 1224 2088 133
1248 2031 1392 2086 annianus
1412 2031 1480 2088 libro
1502 2037 1599 2102 quarto
1622 2035 1661 2086 oct
1682 2035 1766 2102 tepent
1787 2031 1886 2086 iniiam
1907 2037 1933 2086 ct

228 2155 229 2158 ,
277 2107 347 2158 ‘cum
370 2103 534 2158 commodum
554 2101 618 2168 erit,
645 2101 714 2156 dotis
739 2103 809 2158 filiae
832 2119 906 2158 meae
928 2053 977 2156 bii
1000 2107 1078 2156 emunt
1128 2099 1245 2170 Papiam
1283 2099 1312 2152 Si
1334 2101 1394 2168 quis
1418 2099 1455 2152 sic
1478 2099 1573 2152 dixerit
1597 2103 1635 2154 ‘ut
1656 2101 1727 2154 intra
1749 2099 1818 2152 diem
1839 2101 1932 2152 mortis

278 2171 359 2250 ‘aurei
377 2173 498 2278 centpm',
513 2175 630 2250 ⁸putasne
648 2169 771 2252 protinas
782 2171 881 2266 nuptiis
896 2169 974 2224 facts
989 2171 1077 2224 dotem
1128 2167 1193 2222 ‘eius
1211 2167 1310 2236 aliquid
1325 2167 1392 2230 fiat',
1413 2167 1470 2236 ipse
1493 2183 1597 2236 quoque
1619 2167 1688 2232 dies,
1712 2179 1762 2236 qno
1786 2167 1844 2234 quis
1860 2181 1933 2220 mors

277 2243 341 2360 iiiii
352 2253 463 2360 iiiiii?
478 2239 934 2374 (11111ιὶ1ιιδιειηὲιίἓι)ιῐιῖιῗι]ι181ἕξιιιξιιιιιιξὲιξι1
946 2241 1078 2374 plbiileliisii
1127 2239 1457 2382 tungstbpgprggatlpgw
1479 2301 1604 2382 secando·
1618 2303 1655 2356 ad
1677 2301 1761 2372 tapam
1784 2299 1883 2356 Iuliam
1907 2309 1932 2356 ct

277 2373 417 2440 obligatio,
453 2375 551 2440 ‘possit’
585 2373 692 2426 verbum
725 2373 856 2440 quomodo
887 2373 1077 2440 interpretaris,
1128 2369 1243 2440 Papiam
1281 2369 1445 2424 ‘Anmoulus’
1466 2384 1520 2423 nou
1541 2375 1631 2422 statim
1653 2373 1684 2422 ut
1705 2373 1783 2422 natus
1805 2375 1860 2434 est,
1884 2371 1932 2424 sed

278 2447 366 2494 utrum
387 2455 447 2494 aere
471 2441 556 2494 aleno
581 2439 694 2494 deducto
716 2455 751 2492 an
775 2441 899 2494 extante?
931 2439 1076 2494 Pmculus:
1127 2437 1309 2492 trecentesimo
1319 2439 1339 2470 ²³
1367 2437 1548 2504 sexagensimo
1589 2437 1662 2492 uinto
1686 2435 1729 2488 die
1751 2437 1860 2502 dicitur,
1890 2437 1932 2490 in·

278 2525 338 2562 oum
360 2509 448 2562 dotem
470 2507 528 2574 qais
549 2509 588 2560 ita
609 2505 743 2576 promisit:
774 2511 843 2560 ‘cum
866 2511 993 2576 potuere,
1022 2505 1078 2560 doti
1127 2505 1240 2572 cipiente
1260 2505 1353 2572 plane,
1382 2521 1437 2558 nou
1460 2509 1553 2558 exacto
1597 2505 1634 2570 ἰ,
1663 2503 1725 2572 quia
1747 2519 1845 2556 aunum
1869 2503 1932 2558 civi-

278 2575 335 2628 ‘tibi
352 2581 429 2628 erunt
446 2575 567 2640 centnm',
593 2573 711 2628 enstimo
734 2571 771 2628 ad
790 2573 819 2628 id
839 2573 911 2644 quod
932 2579 1020 2628 actum
1036 2579 1079 2628 cst
1126 2571 1188 2626 liter
1203 2587 1257 2626 uon
1274 2573 1309 2626 ad
1325 2577 1459 2626 momenta
1475 2577 1630 2638 temporum,
1650 2570 1698 2626 sed
1715 2571 1750 2626 ad
1768 2571 1822 2626 dies
1840 2587 1931 2626 nume·

274 2639 517 2704 interpretationem
535 2637 703 2706 redigendam
720 2653 792 2692 esse:
816 2653 879 2692 nam
896 2639 944 2708 quai
959 2635 1085 2704 ambigue
1128 2653 1226 2692 ramus.
1415 2693 1417 2696 ,
1517 2687 1519 2690 .

274 2705 398 2772 loquitur,
416 2705 444 2758 id
461 2705 592 2774 loquitur,
616 2707 688 2772 quod
704 2719 738 2762 ex
755 2707 796 2762 bis
815 2721 883 2776 quae
901 2707 1085 2776 significantur
1162 2701 1221 2762 135
1244 2705 1389 2760 Uarianos
1412 2707 1600 2774 libropcorto
1623 2705 1661 2758 od
1683 2703 1882 2776 inperatoriam
1905 2711 1932 2758 ct

274 2773 364 2850 sepsit.
402 2773 514 2842 propius
540 2779 710 2842 esttamen,
741 2779 773 2828 nt
802 2775 854 2832 hoe
883 2791 944 2830 eom
969 2779 1084 2832 sensisse
1127 2771 1243 2842 Papiam
1277 2771 1393 2838 Quaeret
1414 2771 1520 2840 aigun,
1544 2773 1567 2824 si
1587 2777 1770 2892 portentosum
1794 2773 1836 2826 vel
1856 2787 1931 2826 mon·

274 2845 419 2896 enstsmem
454 2841 595 2896 ⁵‘deduoto
628 2857 690 2896 aere
722 2843 810 2900 abeno
841 2845 953 2914 potero',
994 2851 1084 2914 potest
1127 2845 1240 2892 strosum
1254 2839 1295 2894 vel
1309 2839 1422 2894 debilem
1436 2839 1530 2894 mulier
1543 2839 1587 2892 edi
1604 2838 1856 2908 ιιίιιιΙιιιιιΙιιιι11
1873 2839 1932 2894 abu

274 2907 354 2962 etiam
377 2909 425 2962 illa
450 2909 537 2980 accipi
563 2911 721 2980 significatio
752 2917 822 2968 ‘oum
852 2915 926 2968 salva
955 2913 1083 2982 dignitate
1125 2905 1167 2960 vel
1183 2907 1273 2974 vagitu
1289 2923 1394 2974 nomm,
1411 2907 1609 2962 nonhumanae
1622 2905 1731 2974 figurae,
1748 2905 1796 2962 sed
1813 2907 1930 2972 alterius,

275 2979 342 3028 ‘mea
368 2979 486 3046 potero':
521 2993 589 3046 quae
617 2979 801 3050 interpretatio
829 2983 879 3034 ιι6
903 2981 987 3048 magis
1011 2981 1083 3036 acci-
1126 2975 1209 3042 mama
1223 2973 1344 3028 animalis
1357 2989 1437 3042 quam
1448 2973 1570 3042 hominia,
1588 2979 1703 3044 partum,
1717 2989 1761 3040 an,
1777 2975 1839 3042 quia
1853 2975 1932 3028 eniam

277 3045 373 3114 pienda
396 3051 447 3112 est,
471 3045 495 3100 si
515 3045 554 3100 ita
575 3049 732 3114 promissum
755 3051 797 3100 est
820 3049 889 3100 ‘oum
912 3045 1077 3100 commodum
1127 3047 1179 3106 est,
1196 3043 1323 3110 prodesse
1339 3041 1365 3096 ei
1382 3043 1496 3096 debeat?
1516 3047 1545 3098 et
1561 3041 1644 3110 magis
1661 3045 1716 3106 est,
1733 3049 1764 3096 ut
1779 3043 1846 3096 haee
1864 3059 1929 3112 quo·

281 3113 355 3176 ‘erit',
372 3115 423 3168 hoo
441 3121 482 3168 est
499 3119 567 3166 ‘cum
584 3115 640 3168 sine
656 3113 822 3170 incommodo
838 3129 897 3166 mco
914 3115 1025 3180 potero’.
1127 3123 1179 3178 que
1195 3109 1351 3178 parentibus
1363 3109 1485 3178 prosint:
1508 3125 1558 3164 nec
1581 3111 1650 3164 enim
1672 3115 1713 3164 est
1734 3111 1806 3178 quod
1825 3109 1864 3166 eis
1880 3111 1929 3164 im·

315 3177 372 3238 126
390 3181 470 3234 Inna
487 3181 555 3238 libro
572 3185 650 3236 erato
668 3181 843 3252 epistolarum
878 3181 918 3244 Si,
941 3197 1000 3234 oum
1016 3181 1076 3244 fun·
1126 3181 1248 3248 putetur,
1275 3193 1344 3248 quae
1373 3179 1485 3246 qualiter
1510 3181 1666 3246 potuerunt,
1697 3177 1803 3232 statutis
1829 3179 1929 3234 obtem-

279 3249 341 3304 dum
357 3247 406 3302 tibi
423 3249 525 3314 darem,
549 3249 632 3316 legem
653 3249 691 3302 ita
713 3249 768 3302 dixi
791 3249 838 3302 ‘nti
860 3249 976 3316 optimus
993 3247 1077 3302 maxi·
1126 3251 1299 3366 gravenam,
1322 3259 1408 3314 neque
1430 3245 1458 3300 id
1479 3245 1550 3316 quod
1570 3245 1688 3300 fataliter
1705 3247 1828 3314 accessit,
1851 3245 1929 3300 matri

278 3331 388 3385 musque
409 3317 486 3370 esset'
512 3321 540 3370 ct
564 3317 648 3370 adieci
672 3317 722 3370 ‘ius
743 3315 820 3370 fundi
842 3315 1077 3370 deteriusfactum
1162 3331 1252 3368 mnum
1268 3313 1407 3382 imuugere
1424 3313 1511 3370 debet.
1784 3349 1787 3354 -

280 3389 341 3438 ‘non
363 3399 420 3438 esse
442 3399 490 3454 per
511 3385 658 3452 dominum,
686 3383 884 3454 praestabitur,
911 3385 1021 3454 amplius
1044 3399 1077 3440 eo
1163 3379 1221 3440 136
1239 3381 1320 3436 Inna
1338 3381 1406 3438 libro
1427 3383 1521 3454 potato
1542 3381 1580 3436 od
1601 3381 1685 3454 tepent
1708 3379 1807 3436 latiam
1830 3385 1857 3436 et
1876 3379 1928 3436 Po·

279 3453 456 3520 praestabitur
473 3453 549 3520 nihil,
572 3451 673 3506 etiamsi
689 3451 762 3520 prior
779 3467 854 3520 pars,
876 3467 929 3520 qua
950 3453 1077 3522 seriptum
1121 3449 1199 3520 piam
1239 3449 1353 3504 ‘Generi'
1382 3449 1560 3520 appellatione
1586 3455 1613 3504 et
1633 3447 1719 3518 neptis
1742 3453 1771 3502 et
1791 3449 1937 3520 proneptis¹

279 3525 320 3574 est
336 3523 390 3572 ιιιι7
409 3519 523 3588 optimus
540 3523 720 3588 maximosque
737 3519 780 3574 sit’
797 3519 910 3574 liberum
925 3535 983 3574 csse
997 3519 1076 3588 signi-
1126 3523 1182 3570 tam
1205 3533 1239 3574 er
1259 3517 1314 3572 fillo
1333 3533 1413 3586 quam
1430 3533 1463 3572 ex
1479 3517 1534 3572 filia
1550 3517 1682 3572 editorum
1700 3517 1928 3586 ceterarumquest

279 3589 342 3640 licat
368 3601 466 3654 eoque,
494 3587 516 3640 si
542 3589 672 3654 posterior
698 3601 760 3656 para
788 3587 892 3640 adiecta
918 3601 972 3640 non
998 3593 1076 3654 esset,
1126 3585 1236 3640 martios
1253 3583 1383 3640 ιιιιιιιιιί
1399 3583 1569 3640 manifestum
1586 3589 1647 3640 est,

279 3655 390 3706 liberum
411 3659 548 3724 praestare
570 3653 699 3708 deberem.
737 3657 828 3706 tamen
851 3653 976 3706 inferiore
1001 3661 1077 3722 parte
1162 3649 1221 3710 137
1245 3653 1364 3706 Psaros
1387 3653 1454 3706 libro
1475 3653 1592 3706 secando
1615 3651 1653 3708 od
1673 3651 1758 3722 dapem
1781 3649 1881 3706 Iuliam
1903 3655 1929 3706 ct

279 3721 344 3774 satis
365 3737 406 3776 me
428 3721 568 3776 liberatum
590 3727 669 3790 puto,
692 3721 763 3788 quod
785 3719 820 3774 ad
839 3719 898 3772 iura
915 3721 1020 3786 attinet,
1042 3737 1077 3776 ne
1127 3717 1242 3790 Papiam
1276 3721 1339 3774 ‘Ter
1360 3719 1446 3774 enixa’
1468 3719 1572 3774 pietur
1592 3721 1671 3774 etiam
1689 3733 1758 3790 quae
1776 3719 1928 3788 trigeminos

280 3787 341 3856 quid
358 3789 447 3844 aliud⁸
467 3793 604 3856 praestare
626 3788 747 3854 debeam,
770 3803 848 3856 quam
870 3787 912 3842 ins
934 3787 1009 3842 inoffi
1027 3805 1078 3856 per
1126 3787 1267 3910 pepererit.

279 3855 413 3910 dominum
430 3857 544 3910 deterius
561 3857 662 3912 factum
678 3871 732 3910 uon
749 3871 816 3910 essa.
1181 3849 1319 3912 381nnn
1338 3855 1406 3910 titre
1428 3859 1524 3926 quarto
1546 3855 1584 3910 od
1604 3857 1687 3928 lapan
1711 3853 1809 3910 Iuliam
1832 3857 1859 3910 at
1874 3853 1928 3910 Pa-

316 3921 372 3980 lai
394 3925 603 3980 clunianenses
623 3923 690 3980 labro
713 3929 810 3994 quarto
833 3923 867 3976 dc
884 3923 1077 3994 coquitioat'bas
1121 3923 1200 3994 piam
1248 3921 1425 3982 ‘Hereditatis'
1455 3923 1632 3992 appellatione
1662 3925 1794 3978 bonorum
1823 3937 1929 3992 quoque

280 3991 384 4048 ‘Vestis'
412 3991 588 4062 appellatione
611 3997 666 4046 tam
687 3991 769 4048 virilis
793 4007 871 4061 quam
893 3991 1027 4046 muliebris
1050 3997 1078 4048 ιι
1126 3989 1259 4060 possessio
1277 3991 1436 4046 continetur.
1801 4021 1802 4024 =

280 4061 415 4126 scaenica,
438 4059 540 4114 etiamsi
562 4059 663 4130 tragica
684 4065 732 4114 aut
749 4057 926 4114 citharoedica
944 4059 990 4126 sit,
1013 4075 1077 4116 con·
1162 4055 1221 4116 139
1244 4057 1389 4114 Uarianos
1408 4057 1475 4114 libro
1496 4059 1609 4130 septimo
1630 4057 1668 4114 cd
1687 4057 1770 4130 tapam
1787 4057 1885 4114 Indicas
1901 4063 1929 4114 et

279 4129 386 4184 tinetur.
1126 4123 1243 4198 Papiam
1281 4125 1411 4180 Aedificia
1427 4125 1545 4182 ‘Romae'
1566 4125 1624 4180 lieri
1646 4127 1725 4182 etiam
1746 4141 1779 4180 ea
1799 4127 1928 4192 videntur,

317 4191 374 4252 128
402 4193 545 4250 Uarianos
565 4195 633 4252 libro
650 4195 741 4264 primo
765 4193 802 4248 nd
824 4193 848 4248 a
867 4209 907 4248 em
931 4193 1029 4248 Iuliam
1052 4199 1077 4246 ιι
1128 4197 1140 4248 l
1177 4207 1246 4260 quae
1259 4195 1287 4248 in
1301 4193 1746 4250 continentibnsltomaeaedifioiis
1759 4195 1832 4248 liant.
1854 4195 1927 4248 ‘Per-

281 4261 395 4342 Popiom
434 4261 587 4342 spadonum
612 4261 742 4330 generalis
772 4277 824 4330 app
860 4261 912 4314 atio
937 4265 995 4342 est:
1024 4275 1077 4342 quo
1112 4259 1404 4342 “fecisse’aediiicium
1424 4261 1581 4342 isridetur,
1604 4261 1649 4330 qui
1669 4261 1707 4316 ita
1728 4261 1926 4328 consummarit,

280 4327 918 4466 bibilililatiiiiein’setiimeilasiuipirosiaiialisiisgiiiiii’
930 4327 1077 4466 aliiensicishuiii
1127 4333 1541 4476 ut113311123228snhagr30ffi⁰
1562 4397 1599 4452 cd
1616 4397 1699 4470 lcpcm
1715 4397 1814 4452 Ictium
1832 4401 1858 4450 et
1873 4397 1927 4450 Pn-

281 4471 328 4530 est,
347 4465 522 4522 contuentur,
948 4519 950 4526 ,
1124 4479 1199 4534 ptam
1239 4465 1363 4534 ‘cepisse’
1385 4465 1443 4534 quis
1465 4463 1638 4534 intellegitur,
1665 4465 1788 4534 quamvis
1808 4463 1855 4520 alii
1879 4465 1926 4520 ad·

317 4529 375 4590 129
398 4531 515 4588 Pronus
544 4533 610 4588 libro
634 4533 738 4604 primo.¹
752 4531 789 4586 ad
816 4531 900 4602 lepem
926 4531 1024 4586 latriam
1052 4537 1078 4586 et
1127 4531 1224 4600 quisiit.

281 4601 395 4670 Papiam
434 4599 485 4666 ant
506 4599 604 4654 mortui
624 4603 784 4666 nascuntur,
809 4615 893 4666 neque
915 4599 971 4654 nati
992 4613 1078 4666 neque
1162 4597 1219 4656 141
1248 4599 1393 4656 Uarianos
1409 4599 1480 4660 ,libro
1500 4603 1594 4654 octono
1615 4599 1653 4654 ad
1673 4599 1757 4670 apen
1780 4599 1878 4654 iotam
1901 4607 1928 4656 ιι

280 4667 413 4736 procreati
433 4669 566 4732 ridentur,
594 4667 656 4736 quia
681 4681 826 4736 numquam
850 4667 927 4720 liberi
951 4665 1078 4738 appellari
1127 4667 1242 4738 Papiam
1282 4667 1373 4720 Etiam
1393 4681 1426 4720 ca
1447 4669 1541 4722 mulier
1563 4683 1624 4720 cum
1645 4673 1791 4722 moreretur
1813 4667 1928 4722 creditur

279 4739 429 4804 potuerunt.
1127 4733 1210 4788 filium
1226 4733 1339 4798 habero,
1364 4749 1433 4806 quae
1454 4735 1544 4790 exciso
1565 4739 1641 4790 ιιιιιο
1657 4733 1749 4806 edere
1772 4735 1844 4790 cssit
1877 4751 1927 4792 uec

316 4799 373 4860 130
397 4801 540 4858 Uarianos
560 4801 626 4858 libro
644 4801 760 4856 secando
783 4801 820 4856 ad
836 4801 918 4872 teporo
936 4799 1035 4856 latiam
1052 4805 1079 4856 et
1127 4817 1181 4856 non
1208 4801 1368 4858 etiamalio
1396 4817 1460 4856 casu
1487 4801 1580 4858 mabar
1605 4807 1694 4870 potest
1715 4753 1814 4858 haiere
1835 4801 1926 4870 lilium,

280 4871 395 4950 Papiam
433 4871 504 4938 Lege
529 4869 652 4924 obvenire
675 4867 848 4924 hereditatem
871 4885 924 4924 nou
944 4867 1079 4936 inproprie
1127 4885 1205 4936 quem
1220 4871 1312 4924 mortis
1328 4873 1448 4940 tempore
1464 4885 1518 4926 non
1535 4869 1641 4936 habiit,
1658 4875 1689 4924 ιιι
1711 4875 1777 4938 puta
1799 4885 1859 4924 eum
1881 4871 1928 4940 qui

280 4953 338 5006 quis
359 4937 454 4990 dixerit
477 4943 504 4990 et
524 4953 594 5002 eam,
623 4951 690 5002 quae
716 4951 749 4990 ex
771 4941 929 4990 testamento
953 4935 1077 5002 defertur,
1127 4935 1161 4990 ab
1178 4935 1300 4990 hostibus
1316 4937 1451 4990 remeabit.

297 5005 340 5058 nia
361 5005 419 5072 lege
442 5005 580 5058 duodecim
602 5005 752 5058 tabidarum
772 5003 984 5058 testamentariae
1001 5003 1077 5058 here-
1163 4999 1222 5058 142
1239 5001 1358 5056 Paucos
1378 5003 1445 5058 libro
1462 5007 1539 5058 sento
1557 5005 1594 5058 od
1614 5003 1698 5074 tepent
1715 5003 1814 5058 Iuliam
1832 5007 1857 5058 ιι
1873 5001 1927 5056 Pc-

280 5023 375 5126 illatos
392 5071 589 5128 confirmantur.
881 5135 882 5138 Ἴ
1122 5071 1200 5140 piam
1224 5069 1335 5138 Triplici
1348 5069 1427 5126 modo
1442 5071 1592 5126 comunctio
1609 5071 1779 5140 intellegitur:
1792 5077 1843 5124 aut
1857 5071 1926 5126 enim

316 5137 371 5196 131
396 5137 477 5194 Inna
500 5139 567 5196 libro
590 5139 668 5192 tertio
691 5139 728 5192 od
749 5139 834 5210 teporo
856 5137 956 5194 latiam
976 5143 1004 5192 at
1025 5137 1078 5192 Po·
1127 5151 1156 5190 re
1172 5153 1221 5206 per
1238 5153 1266 5194 se
1284 5137 1435 5194 coniunctio
1453 5137 1589 5206 contingit,
1607 5143 1699 5194 autre
1716 5137 1857 5204 etverbis,
1880 5143 1927 5194 aut

275 5209 353 5278 piam
386 5207 467 5262 Aliud
491 5205 750 5272 ι1ιιιιιίιι,ι11ιιιι
774 5207 891 5276 ‘poena't
914 5205 988 5260 fraus
1009 5205 1079 5260 enim
1127 5207 1214 5260 verbis
1230 5209 1342 5260 tantum
1376 5221 1426 5260 nec
1442 5203 1552 5260 dubium
1568 5209 1617 5270 est,
1635 5207 1698 5276 quin
1715 5203 1850 5260 coniuncti
1865 5205 1926 5272 sint,

280 5273 336 5326 sine
352 5289 439 5342 poena
456 5289 514 5328 esse
530 5279 630 5344 potest,
652 5289 738 5342 poena
759 5275 816 5328 sinc
835 5275 930 5330 fraude
951 5289 1008 5330 esse
1024 5287 1079 5326 nou
1127 5287 1194 5342 quos
1223 5277 1251 5328 et
1276 5273 1413 5326 nominum
1435 5271 1522 5328 atrei
1547 5275 1698 5344 complexus
1720 5273 1817 5338 iungit,
1845 5275 1928 5330 veluti

280 5347 375 5410 potest.
416 5357 501 5422 poena
530 5347 570 5396 est
596 5357 681 5396 noxae
705 5341 822 5398 dudicta
865 5341 941 5398 fraus
968 5347 995 5396 et
1019 5341 1080 5410 ipsa
1127 5341 1222 5394 ‘Titius
1240 5345 1266 5392 et
1282 5341 1403 5394 Maevius
1424 5345 1554 5410 exparte
1576 5341 1682 5394 dimidia
1703 5339 1812 5394 heredes
1829 5341 1927 5408 sunto',

279 5425 349 5464 noxa
372 5407 468 5462 dicmur
490 5413 518 5462 et
539 5409 615 5478 quasi
635 5423 736 5478 poenae
754 5383 883 5480 quaedam
899 5409 1077 5480 praeparatio.
1127 5407 1167 5464 vel
1181 5409 1219 5464 ita
1232 5407 1324 5464 ‘Titius
1335 5407 1539 5478 mendaeem
1550 5407 1661 5464 heredes
1672 5407 1770 5476 sunto’,
1780 5407 1822 5464 vel
1832 5409 1927 5468 ‘Titius

279 5581 309 5646 (1)
326 5581 420 5644 legatur
434 5599 480 5632 scr.
550 5583 582 5644 (a)
601 5581 762 5632 disiunctivae
777 5585 831 5632 dett.
842 5583 936 5648 quidem
1004 5581 1076 5646 (elsi
1126 5583 1170 5646 (it)
1187 5581 1369 5632 trecenaimoF
1411 5583 1453 5646 lit)
1472 5579 1624 5644 qualenam.
1634 5577 1793 5632 denarrantur
1840 5581 1886 5644 (st)
1902 5581 1926 5640 et

280 5650 324 5700 ins.
338 5647 378 5698 F²
444 5649 476 5712 (4)
494 5649 598 5710 uterque
611 5665 659 5700 scr.
727 5651 759 5712 (5)
777 5665 833 5700 cum
847 5653 891 5702 ins.
962 5651 995 5716 (ι)
1013 5651 1080 5702 eaF
1125 5647 1793 5716 neptistamexfilinquamexdliaoeterarnmqueecr.
1833 5647 1881 5712 (ιι)
1896 5663 1926 5702 ex

281 5717 312 5776 (i)
329 5713 417 5766 ntiffl
456 5717 491 5782 (8)
509 5713 621 5766 aliumF
649 5719 681 5780 (a)
698 5717 915 5780 generaliasitscr.
952 5719 996 5784 (lo)
1013 5733 1074 5782 qua·
1124 5721 1194 5782 parte
1202 5717 1523 5770 muldeinalietomnans
1579 5777 1585 5784 Ἴ,
1718 5737 1719 5740 ’
1835 5751 1836 5754 =

280 5797 381 5846 quaeer-
434 5785 476 5848 (ιι)
493 5785 570 5836 etios-
618 5785 663 5848 (tt)
680 5783 824 5836 undecimus
832 5785 884 5836 dias
892 5785 1076 5850 significatura&
