4366 6258
281 355 390 422 INST.
411 357 470 438 ΠΙ,
492 361 558 422 aa
1090 349 1133 424 311
1453 367 1501 418 00
1523 359 1689 412 ennomus
1710 359 1935 414 0000000000

1287 495 1309 524 l

281 553 334 592 non
352 539 430 592 etiam
446 539 534 592 liberis
553 553 652 602 eornm,
670 553 736 608 quos
753 537 797 600 lex
809 535 1005 592 Anastasiaua¹
1024 551 1083 592 cum
1107 537 1112 560 ⁸
1134 551 1225 592 sorore
1250 541 1443 606 propagantur,
1476 529 1598 586 amitinos
1623 529 1730 600 proprie
1755 531 1806 586 dici
1832 531 1936 598 (amitas

281 605 406 660 iratribus
428 607 522 674 integri
547 607 613 660 iuris
640 605 790 658 constitutis
815 611 894 658 vocat
920 605 1023 672 quidem
1049 603 1084 658 ad
1133 607 1196 658 tuae
1211 601 1259 656 filii
1273 602 1461 658 consobrinum
1475 603 1503 652 00
1517 599 1660 680 appellant,
1677 605 1708 654 tu
1721 599 1781 654 illos
1796 599 1935 664 amitinos).

281 673 420 738 legitimam
437 671 528 726 1000010
544 671 717 724 hereditatem
731 671 786 724 sive
799 673 906 736 sororis,
924 685 978 724 non
992 671 1083 738 aequis
1133 675 1148 722 5
1184 671 1281 736 Quinto
1303 685 1385 738 supra
1407 673 1501 722 atavus
1524 673 1626 732 atama,
1651 667 1722 720 mira
1748 667 1864 738 adnepos
1889 667 1935 722 ad·

278 743 366 790 tamen
389 739 522 808 partibor,
544 739 592 790 sed
608 751 669 790 cum
686 737 774 806 aliqua
791 737 981 802 deminutione,
1004 751 1084 804 quam
1133 739 1227 808 neptis,
1246 753 1279 790 ex
1294 743 1445 790 transverso
1459 733 1550 788 1000010
1563 733 1715 802 sororisque
1728 751 1860 804 pronepos
1875 751 1936 804 pro·

279 805 368 860 facile¹
383 811 423 860 est
449 819 481 858 00
504 805 588 872 ipsius
615 805 812 860 constitutionis
835 805 921 860 verbis
953 805 1082 874 colligere,
1133 805 1219 874 neptis
1242 811 1274 862 et,
1293 805 1477 860 convenienter
1499 807 1660 872 propatruus
1683 805 1815 872 proamita
1838 803 1875 868 (id
1898 809 1938 858 000

279 871 336 928 01110
354 889 414 926 uero
434 871 553 940 adgnatis
570 871 702 924 inferioris
719 871 830 940 gratim,
847 873 909 928 licet
926 871 1020 940 capitis
1037 873 1082 926 de·
1133 871 1225 940 proavi
1248 871 1332 926 irater
1355 877 1381 926 et
1403 877 1503 936 00000),
1526 873 1724 938 proavunculus
1746 877 1938 942 promatertera

279 939 450 994 minutionem
486 939 539 992 assi
556 955 610 992 non
628 943 704 1002 sunt,
727 945 816 994 tamen
839 955 884 994 cos
902 941 1040 1008 anteponit
1058 945 1084 994 ct
1135 941 1171 1006 (10
1190 945 1230 994 000
1246 941 1369 1008 proaviae
1382 939 1467 994 irater
1480 943 1507 992 et
1520 937 1614 1000 sorori,
1631 939 1695 994 item
1709 939 1799 994 fratris
1812 941 1937 1010 patruclis

280 1011 348 1072 2(1)
382 1021 447 1074 proc
501 1005 582 1060 dubio
608 1007 735 1074 cognatis.
770 1009 826 1062 Hos
850 1009 941 1072 001000,
970 1007 1015 1076 qui
1037 1023 1086 1078 per
1134 1009 1232 1062 sororis
1257 1007 1398 1086 patruelia,
1430 1007 1580 1062 consobrini
1604 1013 1632 1062 00
1657 1009 1844 1072 consobrinae,
1873 1009 1937 1062 ami·

278 1073 396 1128 feminini
410 1087 489 1126 00000
503 1087 631 1142 personas
647 1089 679 1126 00
692 1079 843 1130 transverso
859 1075 1016 1144 cognatione
1025 1075 1083 1130 iun·
1122 1075 1182 1128 ,0101
1213 1075 1337 1128 amitinae
1364 1075 1434 1128 filius
1463 1073 1533 1138 filia,
1564 1075 1704 1156 proprior⁷
1730 1075 1871 1130 sobrinus⁸
1895 1091 1937 1130 so·

279 1147 390 1208 guntur,
410 1141 489 1194 tertio
512 1141 595 1208 gradu
611 1141 788 1210 proximitatis
805 1143 910 1198 nemim
925 1147 1033 1210 praetor
1049 1143 1085 1196 ad
1133 1143 1210 1196 brina
1234 1141 1271 1206 (hi
1287 1147 1350 1196 sunt
1366 1141 1456 1210 patrui
1473 1141 1560 1210 magni
1577 1149 1673 1198 amitae
1689 1159 1800 1212 magnae
1818 1143 1939 1198 avunculi

283 1213 353 1276 tlt)
386 1209 580 1264 successionem
597 1215 683 1262 vocat.
722 1209 840 1266 ι’10110001
858 1223 975 1276 quoque,
993 1209 1083 1276 quiin
1134 1213 1150 1264 0
1184 1209 1272 1278 magni
1280 1215 1437 1264 materterae
1445 1225 1557 1276 magnae
1565 1209 1634 1264 filius
1643 1211 1716 1276 11110).
1750 1211 1845 1264 iSerto
1854 1213 1938 1280 gradu

284 1275 416 1344 'adoptiva
429 1275 530 1330 familia
543 1281 614 1338 sunt,
632 1277 666 1330 ad
679 1277 841 1332 naturalium
854 1279 995 1342 parentum
1007 1275 1083 1328 here·
1134 1283 1196 1330 sunt
1212 1291 1295 1346 snpra
1311 1277 1424 1330 tritavus
1440 1279 1560 1342 tritavia,
1583 1275 1653 1332 inira
1674 1279 1792 1348 trinepos
1809 1279 1938 1348 trineptis,

284 1347 353 1410 tit)
388 1345 502 1398 *ditatam
524 1345 576 1398 hoc
598 1345 690 1400 eedem
712 1345 796 1412 gradu
818 1343 963 1398 vocantur.⁴
998 1343 1083 1410 Vulgo
1134 1359 1167 1398 ex
1183 1351 1332 1400 transverso
1350 1345 1441 1400 fratris
1459 1345 1609 1414 sororisque
1626 1345 1744 1414 abnepos
1768 1345 1889 1414 abneptis
1914 1351 1940 1400 et

280 1411 412 1480 quaesitos
435 1411 536 1464 nubum
557 1411 656 1468 habere
679 1411 822 1482 adgnatum
844 1411 1011 1466 manifestum
1035 1417 1083 1478 est,
1134 1413 1318 1468 convenienter
1336 1415 1483 1482 abpatruus
1501 1413 1617 1468 abamita
1642 1413 1679 1472 lid
1700 1417 1741 1468 cst
1764 1415 1841 1470 abavi
1856 1413 1940 1468 100000

281 1495 340 1534 cum
357 1479 480 1548 adgnatio
499 1495 516 1532 0
532 1485 621 1550 patre,
645 1481 767 1552 cognatio
785 1479 820 1534 sit
837 1485 966 1550 amatre,
991 1481 1019 1534 hi
1035 1497 1083 1534 au·
1134 1487 1162 1534 et
1187 1485 1271 1546 00000)
1298 1483 1482 1536 abavunculus
1508 1483 1685 1536 abmatertera
1708 1481 1745 1546 (10
1768 1487 1809 1536 000
1830 1483 1940 1536 abaviae

280 1553 332 1602 tem
349 1549 450 1602 nullum
465 1553 569 1618 patrem
585 1549 684 1604 habere
706 1547 900 1616 intelleguntur.
927 1549 1020 1602 eadem
1040 1563 1083 1604 ra·
1133 1549 1217 1604 irater
1234 1553 1261 1602 et
1278 1553 1377 1616 00000),
1400 1551 1490 1606 ¹⁰ite1n
1507 1549 1607 1620 0000101
1624 1549 1797 1618 sobrinaeque
1807 1551 1826 1582 ¹¹
1845 1549 1941 1616 (idest

279 1615 350 1670 01000
366 1633 416 1672 nec
431 1615 501 1672 inter
513 1633 542 1672 se
557 1617 661 1688 quidem
674 1621 787 1686 possunt
800 1615 883 1670 videri
897 1615 1085 1686 consanguinei
1134 1619 1180 1686 qui
1196 1633 1296 1686 quaese
1314 1633 1347 1672 00
1362 1617 1491 1676 iratribus
1508 1619 1550 1674 vel
1567 1619 1702 1673 sororibus
1718 1615 1882 1686 patruelibus
1898 1619 1941 1672 vel

280 1699 349 1752 esse,
373 1685 435 1754 quia
453 1685 688 1756 consanguinitatis
705 1685 746 1738 ius
764 1683 866 1752 species
884 1689 925 1738 000
946 1685 1083 1754 adgnatio-
1135 1691 1148 1738 l
1185 1685 1403 1740 consobrinisvel
1417 1687 1530 1740 anritinis
1543 1691 1770 1756 progenerantur).
1804 1685 1941 1740 Hactenus

278 1753 333 1808 nis:
356 1759 460 1808 tantum
476 1755 555 1822 igituir
573 1753 678 1822 cognati
695 1757 758 1806 sunt
774 1753 839 1818 sibi,
863 1753 933 1808 01000
950 1759 976 1806 00
992 1753 1083 1808 matris
1134 1753 1281 1808 ostendisse
1298 1753 1427 1820 sufficiet,
1452 1753 1673 1824 quemadmodum
1688 1753 1788 1822 gradum
1805 1753 1940 1822 coguatio·

279 1823 396 1890 cognatis
404 1823 423 1876 ².
456 1821 546 1892 itaque
568 1820 692 1876 omnibus
714 1819 771 1874 istis
800 1833 831 1874 ea
857 1825 933 1890 parte
959 1823 1084 1890 competit
1133 1821 1174 1876 uis
1196 1827 1375 1876 numerentur.
1408 1837 1523 1892 namque
1540 1837 1573 1876 ex
1594 1821 1635 1876 his
1658 1823 1747 1892 palam
1772 1827 1813 1876 est
1836 1821 1938 1882 intelle-

279 1891 406 1942 bonorum
423 1891 569 1960 possessio,
593 1903 647 1956 qua
663 1887 839 1956 proximitatis
857 1889 961 1942 nomine
979 1903 1010 1942 co
1046 1889 1085 1942 ati
1133 1903 1207 1958 gere,
1249 1887 1451 1944 uemadmodum
1473 1891 1583 1944 ulterius
1606 1903 1712 1958 quoque
1734 1889 1832 1956 greum
1848 1903 1940 1942 nume-

279 1963 347 2022 514)
380 1963 517 2012 vocantur.
552 1957 682 2010 Hocloco
701 1961 727 2008 et
742 1957 808 2010 illud
825 1957 974 2010 necessario
992 1971 1008 2010 a
1027 1973 1083 2012 mo·
1133 1971 1194 2012 rare
1210 1957 1243 2012 de
1262 1971 1348 2012 emus:
1385 1957 1466 2026 uippe
1482 1973 1585 2026 semper
1619 1963 1728 2012 encrate
1745 1963 1865 2026 quaeque
1900 1973 1941 2012 er·

278 2027 357 2080 nendi
374 2041 465 2082 sumus
482 2025 648 2094 adgnationis
664 2023 769 2092 quidem
782 2023 839 2078 iure
854 2023 956 2080 admitti
971 2025 1084 2094 aliquem
1134 2041 1201 2080 sona
1217 2025 1326 2096 gradum
1343 2041 1360 2080 a
1381 2025 1450 2092 'ciat
1468 2031 1499 2080 ut
1515 2027 1590 2096 longe
1601 1973 1710 2080 lucilius
1724 2025 1759 2080 sit
1772 2039 1870 2094 respon
1889 2041 1941 2092 000,

278 2095 312 2146 00
329 2095 501 2148 hereditatem
518 2097 545 2146 00
562 2093 586 2146 01
602 2091 704 2146 decimo
722 2091 805 2162 gradu
824 2093 872 2158 sit,
894 2095 948 2146 sive
972 2093 1005 2146 de
1027 2095 1084 2164 lege
1135 2099 1215 2162 quoto
1233 2095 1344 2162 quisque
1360 2093 1446 2164 gradu
1469 2095 1518 2160 sit,
1560 2109 1622 2148 uam
1644 2093 1754 2164 propria
1775 2095 1940 2160 cognationis

279 2161 417 2218 duodecim
434 2161 586 2216 tabularum
620 2173 776 2226 uaeramus,
800 2161 855 2214 sive
878 2161 911 2214 de
928 2161 1013 2216 edicto
1031 2177 1084 2230 quo
1135 2165 1150 2214 8
1184 2161 1361 2230 appellatione
1370 2177 1528 2230 quemquam
1538 2113 1671 2216 00000000.
1690 2161 1866 2230 Adgnationis
1875 2177 1941 2230 quo·

278 2235 384 2300 praetor
400 2229 522 2298 legitimis
537 2177 679 2284 1000001000
697 2227 821 2284 daturum
836 2245 864 2284 se
879 2229 1008 2284 bonorum
1021 2245 1083 2298 pos·
1135 2233 1150 2284 u
1185 2245 1237 2298 que
1253 2227 1351 2298 gradum
1370 2229 1463 2284 eodem
1485 2231 1563 2284 modo
1586 2235 1770 2284 numerantur.
1806 2227 1860 2292 Sed
1881 2245 1942 2284 cnm

278 2299 422 2354 sessionem
445 2297 592 2366 pollicetur.
623 2297 798 2368 proximitatis
823 2313 885 2352 vero
912 2299 1017 2352 nomine
1042 2299 1083 2352 his
1134 2299 1218 2368 magis
1243 2297 1338 2352 veritas
1364 2298 1472 2352 oculata
1497 2299 1549 2352 fide
1575 2313 1654 2368 quam
1676 2311 1725 2366 par
1747 2311 1824 2350 00000
1848 2297 1941 2352 animis

278 2367 341 2422 solis
366 2371 474 2434 praetor
497 2365 629 2436 promittit
651 2365 782 2422 bonorum
807 2367 1014 2436 possessionem,
1040 2365 1086 2436 qui
1134 2365 1270 2420 hominum
1293 2365 1424 2434 infigitur,
1450 2365 1512 2422 ideo
1533 2365 1713 2422 necessarium
1736 2365 1858 2422 duximus
1880 2371 1942 2434 post

278 2449 362 2504 usque
385 2435 420 2490 ad
444 2439 548 2488 sextum
572 2435 683 2504 gradum
708 2435 872 2504 cognationis
898 2439 973 2500 0000,
999 2439 1027 2490 00
1052 2449 1086 2488 00
1134 2433 1314 2490 narrationem
1334 2433 1466 2502 marinum
1488 2433 1636 2488 0010000οο
1659 2433 1794 2502 praesenti
1816 2431 1884 2488 libro
1901 2433 1941 2488 in·

278 2501 389 2572 septimo
407 2519 424 2558 a
441 2501 547 2558 sobrino
565 2503 725 2572 sobriusque
741 2509 805 2560 nato
823 2503 966 2560 nataeve³..
1135 2503 1228 2568 scribi,
1255 2505 1386 2572 quatenus
1412 2501 1516 2572 possint
1541 2509 1567 2556 00
1592 2501 1701 2556 auribus
1727 2505 1755 2562 et
1778 2501 1943 2572 inspectione

1135 2569 1317 2626 adulescentes
1339 2567 1558 2640 perfectissimam
1574 2569 1704 2638 graduum
1722 2569 1869 2626 deciduam
1886 2569 1942 2624 adi·

649 2645 707 2706 v1⁴

1153 2639 1239 2694 isci¹².
1277 2659 1278 2662 ¹

437 2743 483 2794 00
502 2743 669 2794 asininos
689 2743 922 2794 0000000000.
1134 2655 1167 2762 10

1238 2707 1331 2764 110100
1347 2713 1449 2762 certum
1464 2713 1505 2764 est
1518 2707 1553 2762 ad
1566 2707 1673 2764 serviles
1688 2707 1858 2776 cognationes
1872 2707 1944 2762 illam

1135 2779 1237 2842 partem
1251 2775 1338 2840 edicti,
1356 2791 1410 2844 qua
1424 2775 1600 2844 proximitatis
1614 2775 1721 2830 nomine
1736 2775 1867 2834 bonorum
1880 2789 1942 2842 pos·

310 2845 369 2898 Hoc
385 2843 446 2898 loco
460 2843 637 2898 necessarium
652 2851 693 2900 est
707 2859 853 2914 exponere,
866 2841 1085 2912 quemadmodum

277 2913 374 2980 gradus
393 2911 555 2980 cognationis
577 2917 756 2968 numerentur.
789 2927 843 2992 qua
865 2913 905 2966 10
915 2929 945 2968 00
965 2911 1084 2980 inprimis

1136 2843 1218 2896 sessio
1235 2843 1405 2912 promittitur,
1423 2859 1477 2898 non
1494 2845 1639 2912 pertinere:
1658 2859 1720 2898 nam
1737 2843 1942 2898 000011000οἰ-

1136 2927 1188 2980 qua
1213 2911 1269 2980 lege
1294 2911 1356 2966 talis
1382 2911 1503 2980 coguatio
1530 2912 1743 2980 computabatur.
1779 2911 1827 2968 sed
1851 2915 1944 2966 nostra

278 2979 435 3034 admonendi
458 2995 549 3034 sumus
573 2981 757 3050 cognationem
782 2981 866 3038 010000
887 2995 967 3050 supra
992 2995 1083 3034 nume·
1136 2977 1368 3046 constitutiones,
1393 2995 1473 3048 quam
1494 2995 1543 3048 pro
1566 2979 1624 3034 iure
1649 2983 1808 3048 patronatus
1832 2977 1944 3034 fecimus

277 3051 344 3114 rari,
368 3049 447 3102 aliam
468 3049 552 3114 inira,
578 3049 658 3102 aliam
676 3065 708 3104 00
725 3055 891 3116 transuerso,
916 3063 983 3118 quae
1006 3049 1085 3102 ctiam

278 3121 312 3172 a⁵
335 3119 419 3172 latere
443 3115 546 3172 dicium.
574 3117 696 3186 superior
718 3119 840 3188 cognatio
864 3123 905 3172 est
926 3115 1084 3188 parentium,

1136 3047 1218 3118 (quod
1233 3047 1275 3102 ius
1293 3061 1377 3118 nsque
1395 3047 1430 3102 00
1454 3051 1548 3102 nostra
1569 3053 1689 3118 tempora
1712 3049 1777 3102 satis
1801 3047 1944 3112 obscurum

1136 3123 1216 3186 atque
1233 3117 1304 3172 nube
1321 3115 1428 3184 plenum
1445 3121 1473 3172 et
1494 3115 1611 3186 undiquc
1634 3115 1774 3172 confusum
1796 3115 1893 3184 iuerat)
1917 3121 1944 3170 00

278 3185 560 3250 101001001100000000,
584 3199 617 3240 00
634 3191 786 3248 transverse
802 3185 916 3240 fratrum
933 3201 1085 3242 sororumve

1135 3183 1186 3238 hoc
1203 3185 1368 3238 humanitate
1391 3187 1547 3254 suggerente
1570 3185 1763 3250 concessimus,
1787 3189 1818 3240 ut
1841 3185 1864 3238 si
1885 3185 1944 3254 quis

278 3267 429 3324 eorumque,
448 3253 542 3322 quiex
559 3253 600 3308 his
618 3259 837 3322 progenerantur,
857 3259 883 3308 00
899 3253 1086 3310 convenienter

277 3323 366 3390 patrui
389 3323 485 3376 amitae
504 3323 627 3376 avunculi
647 3325 813 3376 materterae.
842 3327 868 3376 et
885 3323 1005 3392 superior
1026 3321 1084 3390 qui-

278 3391 337 3444 dem
355 3395 381 3442 00
394 3389 504 3444 inferior
518 3391 640 3458 cognatio
656 3391 769 3460 aprima
785 3391 869 3460 gradu
884 3391 989 3460 incipit:
1007 3395 1035 3442 at
1045 3405 1085 3454 00,

281 3463 291 3510 1
328 3473 395 3526 quae
405 3473 438 3512 cx
452 3463 602 3514 transverso
617 3463 780 3524 numeratur,
796 3475 813 3512 a
827 3457 951 3514 secundo.
980 3457 1085 3512 iPrimo

278 3529 292 3580 2
327 3527 411 3596 gradu
421 3531 462 3580 est
475 3541 556 3596 supra
569 3531 646 3596 pater
659 3531 752 3592 mater,
769 3525 840 3582 10100
854 3527 924 3582 filius
938 3525 1002 3582 filia.
1038 3525 1085 3582 Se-

278 3595 364 3650 cundo
383 3611 464 3664 supra
480 3611 545 3650 avus
563 3595 630 3662 avia,
647 3595 719 3650 infra
736 3611 819 3664 nepos
837 3595 932 3664 neptis,
950 3609 984 3666 00
996 3601 1084 3650 trans·

278 3667 292 3718 3
327 3679 402 3718 verso
421 3661 602 3718 10000000000.
638 3663 729 3718 Tertio
744 3679 826 3732 supra
840 3679 953 3732 proavos
968 3665 1085 3732 proavia,

278 3731 346 3784 inira
362 3747 496 3802 pronepos
512 3733 666 3802 proneptis,
686 3747 719 3786 00
735 3737 886 3786 0000000000
903 3729 992 3786 1000010
1010 3747 1085 3786 soro-

277 3803 366 3868 risque
380 3799 452 3854 filius
468 3799 523 3854 filia
541 3805 567 3854 00
585 3799 771 3854 convenienter
782 3805 894 3868 patruus
908 3799 989 3854 amita
1004 3815 1084 3854 avun-

278 3869 352 3922 culus
362 3873 510 3922 matertera.
538 3873 650 3938 patruus
665 3873 707 3922 000
720 3869 805 3940 patris
818 3867 911 3934 irater,
929 3867 974 3938 qui
983 3867 1086 3924 Graece

277 3937 333 3988 πάτ
351 3955 387 3990 ms
412 3941 535 3992 vocatur:
563 3937 710 3992 avunculus
737 3943 778 3992 est
803 3937 894 3992 0000010
916 3935 1013 4004 irater,
1040 3937 1086 4006 qui

278 3955 350 4074 0000
374 4003 491 4060 Graecos
516 4005 624 4074 proprie
648 4003 756 4074 μήτρως
781 4008 943 4074 appellatur:
971 4009 997 4060 00
1022 4023 1085 4074 prc-

277 4073 471 4126 010οη000100
488 4071 591 4126 dicitur.
624 4075 705 4126 amita
723 4079 764 4128 est
800 4073 865 4128 atris
882 4089 972 4138 soror,
989 4081 1086 4128 mater·

277 4147 413 4196 00000000
431 4141 522 4194 matris
540 4157 629 4196 soror:
648 4147 708 4196 utra
726 4157 759 4196 ne
776 4091 843 4194 0010
860 4143 902 4196 001
920 4141 991 4210 apud
1005 4159 1085 4212 quos·

277 4215 294 4264 4
329 4209 389 4264 dam
405 4209 486 4276 τηθίς
508 4209 666 4278 appellatur.
701 4159 803 4276 000000
820 4209 905 4278 gradu
922 4225 1003 4278 supra
1021 4212 1085 4265 aba·

1135 3253 1163 3306 in
1188 3253 1275 3308 seruili
1301 3253 1433 3308 consortio
1460 3253 1620 3308 constitutus
1645 3253 1758 3308 liberum
1778 3253 1820 3308 vel
1845 3251 1944 3308 liberos

1135 3321 1259 3376 habuerit
1279 3321 1333 3376 sive
1355 3335 1389 3376 00
1410 3319 1496 3376 libera
1517 3319 1571 3374 sive
1587 3319 1689 3376 servilis
1706 3319 1869 3378 condicionis
1885 3337 1944 3376 mn·

1134 3391 1206 3456 11000,
1224 3389 1266 3442 001
1283 3393 1377 3444 000000
1394 3403 1471 3442 00000
1487 3387 1580 3442 mulier
1597 3403 1629 3442 ex
1646 3389 1730 3442 libero
1747 3389 1788 3442 vel
1805 3391 1944 3446 00000100-

1135 3457 1224 3514 buerit
1239 3457 1337 3512 liberos
1361 3457 1550 3526 cuiuscumque
1574 3471 1667 3522 sexus,
1691 3461 1718 3512 et
1740 3457 1774 3512 ad
1796 3456 1945 3514 libertatem

1136 3525 1176 3580 his
1192 3524 1405 3596 pervenientibus
1424 3529 1450 3580 et
1472 3525 1515 3590 bi,
1539 3525 1584 3594 qni
1607 3541 1641 3580 00
1664 3525 1752 3580 0000111
1773 3529 1863 3582 venue
1886 3527 1943 3580 nati

1136 3601 1205 3660 sunt,
1223 3594 1372 3648 libertatem
1389 3599 1550 3658 mernerunt,
1568 3593 1609 3648 vel
1626 3595 1689 3648 dnm
1706 3595 1829 3650 muheres
1845 3595 1945 3654 liberae

1136 3667 1225 3728 00000,
1247 3661 1299 3732 ipsi
1320 3661 1349 3716 in
1371 3661 1524 3716 servitutem
1547 3679 1592 3716 ecs
1610 3661 1792 3718 habuerunt¹⁵
1808 3667 1836 3718 et
1851 3667 1945 3732 postca

1136 3731 1170 3786 ad
1186 3731 1334 3786 libertatern
1350 3735 1540 3798 pervenerunt,
1564 3734 1594 3796 ut
1617 3729 1645 3784 hi
1668 3745 1759 3784 omnes
1783 3731 1818 3784 ad
1836 3745 1942 3786 sncces-

1136 3799 1236 3854 sionem
1253 3799 1296 3854 vel
1311 3799 1395 3868 patris
1413 3799 1455 3852 vel
1472 3799 1563 3852 matris
1580 3799 1695 3864 veniant,
1712 3803 1871 3868 patronatus
1887 3799 1946 3854 iure

1136 3867 1164 3922 in
1181 3869 1233 3922 hac
1250 3871 1327 3936 parte
1344 3865 1445 3936 sopita:
1469 3867 1519 3922 hos
1543 3865 1611 3922 enim
1628 3867 1727 3922 liberos
1745 3883 1798 3922 000
1815 3867 1901 3924 solum
1916 3867 1945 3922 in

1136 3953 1245 3992 suorum
1262 3935 1412 4006 parentium
1428 3935 1637 4002 successionem,
1661 3935 1709 3990 sed
1731 3937 1810 3990 etiam
1832 3935 1946 3992 alterum

1136 4005 1163 4060 in
1181 4003 1289 4060 01000100
1306 4009 1426 4060 mutuam
1443 4003 1639 4060 successionem
1655 4005 1821 4070 0000010000,
1844 4021 1878 4060 ex
1899 4003 1946 4060 illa

1135 4074 1191 4144 lege
1218 4073 1368 4142 specialiter
1394 4087 1439 4128 eos
1466 4077 1606 4138 vocantes,
1630 4073 1685 4128 sive
1706 4073 1758 4128 soli
1778 4073 1946 4128 inveniantur

1136 4141 1226 4210 quiin
1243 4141 1368 4196 servitute
1386 4141 1443 4196 nati
1460 4146 1488 4196 et
1503 4147 1597 4210 postea
1614 4141 1769 4196 manumissi
1793 4147 1867 4208 suut,
1891 4141 1945 4196 sive

1135 4225 1190 4264 una
1213 4225 1273 4264 cum
1294 4209 1366 4274 aliis,
1391 4209 1436 4278 qui
1460 4213 1522 4278 post
1543 4209 1692 4264 libertatem
1715 4209 1864 4276 parendum
1881 4225 1944 4264 con-

276 4295 325 4332 000
349 4277 457 4342 abavia,
482 4277 553 4332 10100
575 4277 694 4344 abnepos
718 4279 855 4346 abneptis,
879 4291 912 4330 ex
934 4281 1084 4332 transverso
1136 4279 1207 4348 cepti
1224 4283 1287 4330 sunt
1303 4279 1357 4332 sive
1375 4291 1408 4330 ex
1425 4277 1518 4330 eadem
1534 4281 1619 4330 matre
1634 4279 1677 4332 vel
1692 4277 1785 4332 eodem
1795 4281 1876 4358 patre
1891 4277 1946 4332 sive

276 4345 368 4400 fratris
391 4347 543 4414 sororisque
565 4359 648 4414 nepos
671 4343 757 4424 neptis
781 4351 808 4398 et
834 4345 1021 4424 000000100000
1037 4361 1085 4414 pa·
1136 4363 1169 4402 ex
1186 4345 1243 4400 aliis
1261 4345 1369 4414 nuptiis,
1388 4345 1424 4400 ad
1435 4345 1631 4400 similitudinem
1648 4361 1740 4402 eorum
1757 4363 1802 4416 qm
1820 4345 1946 4400 00100010

276 4417 353 4468 00000
374 4429 485 4484 magnus
508 4413 708 4480 amitasmagna
726 4411 762 4478 (00
779 4417 820 4468 000
838 4427 880 4466 avr
895 4411 979 4468 100000
998 4419 1025 4468 00
1041 4429 1085 4468 so·
1136 4415 1234 4482 nuptiis
1252 4413 1386 4480 procreati
1402 4417 1474 4468 sunt

277 4489 345 4548 000),
371 4481 434 4536 item
457 4483 602 4538 avunculus
626 4495 737 4550 magnus
758 4485 903 4536 matertera
927 4495 1024 4550 magna
1049 4481 1086 4544 (id
1137 4485 1165 4534 11
1235 4479 1366 4550 Repetitis
1388 4481 1479 4552 itaque
1496 4483 1617 4536 omnibus
1634 4495 1704 4552 qnae
1720 4481 1773 4534 iam
1790 4479 1946 4534 tradidimus

278 4555 318 4604 est
335 4549 409 4606 aviae
425 4551 509 4606 irater
526 4555 554 4606 et
571 4557 666 4614 sorori,
684 4549 858 4604 consobrinus
875 4549 1034 4604 consobrina
1049 4549 1085 4610 (10
1136 4553 1248 4630 apparet
1265 4565 1319 4610 non
1335 4563 1438 4620 semper
1455 4565 1515 4616 eos,
1539 4549 1584 4620 qui
1607 4565 1697 4618 parem
1720 4549 1832 4618 gradmn
1849 4565 1944 4618 cogna-

277 4617 319 4672 est
342 4617 387 4686 qui
411 4635 510 4688 quaeve
533 4635 566 4674 ex
588 4617 717 4672 iratribus
740 4623 787 4672 aut
804 4617 939 4672 sororibus
957 4633 1085 4688 progene-
1136 4617 1215 4672 bonis
1231 4617 1358 4686 optinent,
1376 4617 1478 4688 pariter
1491 4619 1581 4674 vocari
1595 4633 1680 4688 eoque
1694 4617 1808 4686 amphus
1821 4633 1871 4672 nec
1886 4633 1946 4672 eum

276 4689 389 4750 rantur).
416 4689 463 4742 sed
486 4687 593 4756 quidam
616 4691 690 4740 00000
713 4685 887 4740 consobrinos
911 4699 956 4740 eos
979 4685 1086 4756 proprie
1137 4685 1250 4754 qnidam,
1268 4687 1314 4756 qui
1330 4687 1476 4756 proximior
1492 4687 1527 4742 sit
1544 4693 1681 4756 cognatus,
1699 4701 1804 4756 semper
1817 4685 1946 4808 podorem

277 4757 374 4824 putant
390 4755 457 4822 dici,
481 4755 525 4824 qui
543 4771 576 4810 00
594 4753 698 4810 duabus
716 4753 852 4810 sororibus
868 4759 1086 4822 progenerantur,
1137 4769 1203 4808 esse.
1236 4771 1298 4810 cum
1321 4755 1390 4810 enim
1412 4755 1500 4824 prima
1521 4771 1604 4810 causa
1629 4755 1664 4810 sit
1686 4771 1794 4810 suorum
1839 4753 1947 4810 credam

277 4819 354 4894 quasi
371 4823 571 4878 consororinos:
596 4837 642 4878 eos
660 4837 736 4888 vero,
761 4823 807 4892 qui
824 4837 858 4878 00
875 4821 979 4876 dnobus
995 4823 1086 4876 100001-
1137 4837 1256 4892 quosque
1272 4823 1342 4878 inter
1359 4839 1422 4878 snos
1439 4823 1551 4878 heredes
1573 4823 1626 4876 iam
1650 4821 1874 4888 enumeravimus,
1898 4837 1946 4892 ap·

275 4893 327 4948 bns
350 4897 572 4960 progenerantur,
595 4891 703 4960 proprie
725 4891 822 4946 fratres
845 4889 980 4960 patrueles
997 4891 1087 4946 vocari
1136 4897 1214 4960 paret
1235 4907 1318 4960 prone
1337 4895 1408 4946 otem
1430 4891 1472 4946 vel
1496 4891 1652 4960 abnepotem
1676 4891 1796 4946 defuncti
1817 4891 1947 5012 potiorem

278 4961 416 5026 (01000000
434 4975 466 5014 00
488 4957 593 5014 duobus
615 4959 744 5014 iratribus
767 4959 839 5014 libas
860 4963 1019 5024 nascantur,
1043 4975 1086 5014 so·
1138 4975 1293 5028 essequam
1321 4963 1419 5014 ratrem
1437 4963 1485 5016 aut
1506 4963 1610 5028 patrem
1631 4963 1797 5028 matremque
1838 4957 1947 5024 0100001,

276 5043 350 5084 00000
367 5025 500 5098 patrueles
517 5029 710 5096 appellanturlr
728 5033 758 5082 st
776 5045 831 5094 eos,
849 5029 895 5098 qui
911 5029 1043 5084 00100000
1061 5031 1088 5080 et
1139 5043 1200 5082 cnm
1217 5027 1335 5096 alioquin
1350 5033 1428 5099 pater
1445 5025 1551 5098 quidem
1568 5033 1594 5082 ct
1611 5033 1710 5094 mater,
1733 5033 1863 5096 utsupra
1880 5041 1947 5096 quo-

275 5195 306 5260 (ί)
317 5197 340 5246 iu
351 5197 408 5246 Cori.
416 5195 774 5262 repetpraclecarccepmuoa
785 5207 834 5248 ost:
847 5197 879 5262 cf.
887 5197 921 5248 orl
929 5197 1020 5254 cous,
1028 5203 1084 5258 ⁷⁰2⁵
1136 5201 1329 5262 promaterterae
1338 5197 1469 5248 iiliusfilia
1478 5199 1523 5250 ins.
1532 5201 1593 5266 Dip.
1652 5199 1693 5264 (11)
1711 5201 1747 5252 sic
1755 5199 1867 5252 BTcarn
1875 5199 1947 5268 Dap,

277 5263 318 5328 (1)
332 5263 452 5330 0003,οι
485 5265 518 5328 (0)
530 5267 566 5316 ric
574 5263 637 5328 Bo,
649 5263 750 5330 cognati
758 5263 855 5318 000οΤ
883 5265 916 5330 (0)
929 5265 1018 5316 natare
1028 5263 1087 5314 libri
1135 5263 1280 5314 consobrini
1297 5263 1514 5328 consobrinaeque
1535 5263 1560 5314 Δ
1582 5281 1634 5314 cam
1652 5263 1950 5330 Pacuuianus:

311 5335 341 5398 (a)
363 5335 401 5402 Cf.
410 5335 557 5404 Dip.38,1u
634 5335 667 5394 (sl
685 5335 897 5398 0001000010
965 5335 999 5398 (0)
1020 5339 1086 5392 §lat
1134 5325 1234 5414 {polus
1256 5333 1302 5382 acl
1324 5323 1339 5382 ὁ
1358 5329 1522 5384 consobrinos
1542 5333 1592 5382 act
1610 5323 1627 5398 ἡ
1644 5333 1794 5384 consobrina
1809 5335 1951 5386 τουτέστιν

275 5401 486 5470 similamque,
497 5413 531 5466 10,
542 5413 613 5464 000
624 5401 922 5470 (000-1000000000.)
1000 5403 1032 5464 (¹1)
1050 5403 1087 5454 sic
1134 5415 1209 5454 cotes
1224 5393 1242 5466 ἢ
1259 5393 1317 5466 ἥτις
1334 5393 1389 5452 ἀπὸ
1407 5399 1470 5452 τῶν
1487 5397 1566 5466 (vicio
1583 5403 1629 5452 acl
1647 5399 1809 5472 θυγατέρων
1825 5405 1870 5452 ins.
1883 5403 1951 5464 dett)

277 5471 771 5540 librisseliaDiqffl,propiorDi9.F²
857 5473 891 5536 (0)
908 5471 1086 5534 0101100οο·
1136 5471 1226 5522 iratres
1242 5467 1368 5536 patrueles
1390 5461 1407 5536 ἢ
1429 5461 1485 5520 ἀπὸ
1506 5467 1565 5520 τῶν
1582 5467 1768 5520 consobriniorn
1784 5465 1802 5536 ἢ
1818 5469 1950 5522 amitinum

275 5539 443 5608 briquDip.
519 5545 552 5606 (0)
572 5541 705 5602 assimilis
713 5539 1086 5608 Dip.38,1o,spr.(iiai.l.c.)
1138 5537 1293 5606 ἰτέχθησαν
1315 5539 1359 5602 (sic
1379 5539 1437 5590 libri
1454 5537 1530 5590 Mass.
1554 5537 1723 5590 Laurentium
1742 5541 1848 5606 quinque
1865 5539 1950 5590 Puris.

276 5611 321 5676 (10)
338 5611 375 5662 sic
390 5609 448 5662 libri
461 5611 558 5662 0000110
575 5611 636 5662 item
650 5609 737 5676 patrui
751 5611 837 5678 magni
845 5609 936 5662 amitae
944 5623 1050 5674 maguae
1059 5623 1086 5658 a·
1138 5617 1199 5664 1001.
1214 5609 1280 5672 itit)
1366 5609 1411 5672 (1·1)
1429 5607 1559 5676 genuinum
1576 5617 1676 5660 stemma
1693 5611 1860 5674 cognationum
1875 5611 1950 5674 periit

276 5679 380 5732 0000011
387 5677 474 5746 magni
482 5683 628 5732 materterae
635 5681 923 5746 magnaanepcsneptis,
933 5679 993 5730 item
1000 5677 1086 5728 fratris
1138 5679 1183 5746 (ts)
1207 5679 1328 5730 rubricam
1350 5677 1374 5728 0.
1394 5677 1410 5728 1.
1431 5677 1488 5728 dcet.
1511 5677 1621 5728 inserant
1643 5675 1678 5742 00
1694 5675 1781 5728 servili
1802 5677 1950 5742 cognatione

275 5749 398 5814 patruclis
413 5747 504 5800 sororis
519 5749 643 5814 patruelis
657 5749 975 5800 consobriuiconscbrinae
985 5747 1086 5798 amitini
1139 5747 1183 5814 (10)
1205 5747 1434 5812 <leaenarum
1488 5744 1533 5808 (10)
1552 5761 1592 5798 sos
1605 5743 1759 5808 habueruut]
1773 5763 1819 5796 scr.
1834 5745 1951 5794 abierunt

276 5819 397 5872 amitinae
409 5833 488 5886 napos
500 5819 594 5886 neptis,
614 5819 748 5890 propatrui
767 5821 906 5888 proamitae
920 5815 1087 5890 proavunculi
1114 5887 1116 5896 ‚
1139 5815 1294 5886 (Mommsen)
1764 5839 1765 5842 ¹
