4366 6258
263 349 339 418 xvi
364 357 423 418 ιι
515 437 517 440 ,

262 545 357 594 norom
392 539 514 596 Debitrix
536 539 631 594 mulier
653 553 671 592 a
689 539 819 598 creditore
836 541 957 612 delegata
973 557 1023 610 pro
1042 555 1072 596 eo

262 609 305 664 cui
330 609 450 688 delegata
476 613 516 662 est
540 607 675 676 promisit:
706 623 761 662 non
791 615 883 666 utetur
908 609 1071 680 exceptione.

264 683 275 732 ι
311 677 363 730 Sed
381 691 404 730 ιι
415 675 560 796 ί)ιειιιιιιιιιιιι
577 675 711 746 promisit,
729 691 763 730 ne
780 677 927 748 delegetur,
944 679 1072 732 interces-

263 751 278 800 ι
314 743 414 798 sisseri
434 749 498 798 atur.
534 743 563 798 Si
571 751 681 798 senatus
691 746 804 800 consulti
818 747 976 802 beneficium
990 745 1072 800 inter-

262 813 363 876 venit¹‚
388 817 478 866 utrum
500 811 591 868 statim
616 829 676 868 cum
694 813 788 868 mulier
804 813 984 868 intercesserit
1001 813 1072 868 actio

261 883 288 934 ιιι
304 879 420 950 priorem
439 879 584 934 debitorem
602 881 736 950 competit,
757 899 792 936 an
809 883 832 938 si
848 883 942 934 mulier
956 883 1073 938 solutum

262 947 405 1002 condicat?
430 955 495 1030 puto
513 949 611 1016 statim,
631 955 657 1004 et
674 965 729 1004 non
744 949 949 1020 exspectandam
962 949 1072 1004 solutio-

262 1021 277 1070 3
311 1031 379 1070 nem.
416 1015 444 1070 s:
461 1033 509 1084 pro
527 1033 567 1084 eo,
587 1019 633 1086 qui
650 1021 790 1086 temporali
807 1019 912 1072 actione
929 1023 1072 1082 teneretur,

262 1083 354 1138 mulier
371 1085 565 1150 intercesserit,
582 1087 735 1154 temporalis
754 1087 825 1142 actio
842 1085 1010 1150 restituetur,
1034 1087 1074 1138 sic

262 1157 366 1216 tamen,
390 1157 420 1204 ut
443 1167 477 1206 ex
498 1153 668 1222 praecedenti
692 1155 793 1210 ιιιιιιιι2
811 1153 937 1208 eondnna
953 1159 1075 1222 tempora

263 1225 465 1274 numerarentur
480 1225 543 1288 post
559 1221 768 1286 restitutionem,
787 1219 906 1288 quamvis
924 1219 1014 1274 statim
1031 1225 1073 1272 at-

263 1303 312 1356 que
329 1285 479 1342 intercessit
495 1287 591 1342 mulier
608 1289 789 1360 competierat.

298 1351 337 1410 25
363 1353 552 1408 dionnsmnus
575 1357 643 1412 libro
668 1357 805 1426 singulari
828 1355 863 1408 dc
886 1353 1074 1408 denremotr'cis

263 1421 291 1476 Si
308 1423 415 1478 domina
432 1437 507 1476 servo
525 1439 574 1478 suo
590 1425 663 1480 credi
677 1423 793 1486 iusserit,
812 1421 917 1476 actione
931 1423 1074 1476 honoraria

266 1493 276 1542 1
314 1489 454 1544 tenebitur.
490 1489 566 1558 Quod
584 1495 607 1546 si
621 1507 670 1562 pro
687 1507 717 1546 eo
734 1489 900 1554 fideiussorit,
919 1489 1074 1560 exceptione

263 1563 371 1612 senatus
395 1559 510 1612 consulti
526 1559 655 1614 Velleiani
671 1557 770 1612 iudicio
794 1561 926 1612 conventa
948 1557 1074 1612 adversus

263 1625 417 1746 proditorem
434 1627 504 1680 tueri
520 1643 549 1682 se
566 1627 676 1696 poterit,
695 1625 746 1678 nisi
763 1641 811 1692 pro
830 1639 879 1682 suo
896 1625 1002 1694 negotio
1020 1625 1074 1680 boc

275 1693 363 1750 ecerit.

296 1757 336 1816 26
360 1759 504 1816 Uarianos
518 1763 585 1816 libro
603 1759 757 1830 tripensimo
774 1761 888 1828 septimo
906 1761 944 1816 od
959 1761 1074 1816 edictum

263 1829 291 1882 Si
308 1829 402 1882 mulier
418 1829 599 1884 intercedendi
616 1829 703 1882 animo
727 1843 832 1882 servum
855 1829 972 1882 alienum
995 1843 1074 1882 suum

263 1911 321 1950 esse
338 1897 534 1964 responderim,
558 1895 635 1964 qnasi
652 1893 832 1948 intercesserit
849 1897 947 1950 anxilio
965 1901 1074 1948 senatus

263 1963 378 2018 consulti
395 1969 492 2018 utetur.
519 1963 598 2030 plane
615 1961 638 2014 si
655 1977 704 2030 pro
721 1963 794 2014 bona
811 1961 864 2016 fide
878 1964 1009 2018 serviente
1023 1963 1074 2018 sibi

263 2047 304 2084 res
324 2031 435 2096 auderit,
454 2045 507 2084 non
524 2029 629 2084 videtur
644 2029 834 2084 intercessisse.

297 2047 336 2154 dl
362 2097 545 2152 ranimirus
569 2095 636 2152 libro
663 2097 741 2150 tortio
766 2113 958 2166 responsorum
998 2099 1075 2152 Bona

263 2165 314 2220 fide
331 2179 471 2234 personam
488 2163 603 2218 mulieris
617 2163 645 2218 in
660 2165 841 2218 connubendo
859 2171 968 2218 secutus
984 2167 1017 2218 ob
1033 2181 1073 2230 ea,

263 2249 331 2302 quae
346 2233 422 2290 ,inter
444 2233 529 2286 virum
553 2237 581 2284 et
603 2247 714 2286 uxorem
737 2233 982 2302 acceptapecunia
999 2239 1075 2302 gesta

263 2305 339 2366 sunt,
365 2299 520 2368 exceptione
543 2305 652 2356 senatus
677 2301 792 2356 consulti
814 2317 870 2356 non
887 2305 1073 2356 summovetur.

266 2373 276 2422 l
314 2369 379 2426 (lum
401 2367 471 2422 servi
492 2369 527 2422 ad
548 2367 754 2436 negotiationem
776 2369 923 2488 praepositi
946 2385 1006 2422 cum
1023 2371 1074 2422 alio

263 2437 450 2492 contrahentes
474 2451 613 2504 personam
636 2435 752 2488 mulieris
775 2443 806 2488 ut
828 2437 837 2488 i
857 2451 940 2490 eneae
957 2453 1072 2506 sequun-

263 2509 314 2568 tur,
331 2503 502 2572 exceptione⁴
517 2509 625 2556 senatus
641 2503 756 2556 consulti
771 2503 1074 2558 dominumsummovet:

263 2587 312 2624 nec
335 2569 438 2624 videtur
461 2569 576 2624 deterior
600 2585 681 2622 causa
705 2569 804 2622 domini
821 2587 870 2638 per
887 2587 991 2624 servum
1008 2569 1074 2634 lieri,

263 2639 310 2692 sed
326 2637 392 2688 nihil
410 2653 468 2692 esse
485 2635 590 2692 domino
608 2637 771 2704 quaesitum,
795 2653 849 2692 non
874 2637 969 2704 magis,
995 2653 1074 2704 quam

263 2707 286 2758 si
303 2703 599 2830 litigiosumtpraedium
623 2719 714 2758 servus
736 2709 784 2758 aut
806 2705 919 2758 liberum
941 2705 1074 2758 hominem

263 2777 277 2826 2
314 2773 412 2826 emerit

263 2839 302 2894 vir
319 2839 444 2894 creditori
461 2839 526 2894 eius
533 2839 675 2908 pecuniam
699 2839 825 2894 solveret:
851 2839 873 2894 si
895 2839 974 2892 fidem
998 2857 1074 2892 suam

263 2923 311 2974 pro
330 2921 363 2960 ea
380 2921 459 2974 quam
477 2907 605 2976 delegavit
622 2907 694 2974 apud
708 2907 792 2960 virum
806 2905 967 2976 obligaverit,
986 2907 1074 2962 locum

263 2973 383 3042 exceptio
402 2979 510 3028 senatus
535 2975 650 3028 consulti
672 2991 727 3028 non
749 2975 871 3042 habebit,
896 2975 959 3044 quia
980 2975 1075 3028 mulier

263 3059 339 3096 suum
357 3043 490 3110 negotium
506 3043 597 3112 gessit.

297 3105 335 3166 28
355 3109 507 3166 Soirrom
521 3111 589 3166 libro
600 3111 894 3190 primoresponsornm
929 3109 1074 3166 Seiaman·

264 3177 333 3248 cipia
356 3177 417 3232 emit
440 3183 468 3232 et
484 3183 603 3232 mutuam
620 3193 760 3246 pernoram
778 3179 882 3248 accepit
899 3179 950 3232 sub
967 3177 1073 3234 liddae·
1090 3225 1091 3228 ,

263 3261 321 3298 sore
339 3245 434 3300 marito
452 3261 562 3368 eamque
580 3247 658 3302 solvit
674 3247 818 3302 venditori:
841 3253 936 3316 postea
959 3247 1071 3300 maritus

263 3313 392 3368 decedens
416 3331 471 3368 non
494 3317 618 3370 serendo
641 3313 669 3368 in
691 3313 815 3370 fraudem
840 3315 978 3370 creditoris
1002 3313 1074 3370 cavit

263 3387 420 3436 testamento
430 3397 459 3436 se
475 3397 532 3436 eam
544 3383 687 3462 pecuniam
701 3383 851 3438 universam
866 3383 975 3436 debere:
1010 3397 1073 3436 uae-

263 3451 342 3514 ritur,
362 3465 396 3502 an
413 3451 595 3506 intercessrsse
611 3451 706 3506 mulier
722 3451 863 3504 videretur.
890 3465 987 3520 respon
1007 3451 1013 3462 '
1031 3465 1073 3506 se·

264 3517 378 3572 cundum
410 3533 443 3572 ea
469 3535 537 3588 quae
562 3523 776 3588 proponerentur
801 3535 857 3572 uon
883 3517 1072 3574 intercessisse.

266 3589 276 3638 1
314 3585 438 3642 Fundam
455 3587 545 3642 uxoris
563 3601 628 3642 suae
645 3589 756 3642 maritos
775 3587 900 3656 obligavit
917 3585 1073 3656 Sempronio

264 3655 298 3708 ob
323 3655 539 3710 conductionem:
564 3673 627 3710 mox
649 3655 743 3710 mulier
765 3655 925 3710 aNumerio
950 3671 1000 3708 sua
1022 3653 1074 3708 lide

263 3727 381 3776 mutuam
399 3721 540 3790 pecuniam
557 3729 697 3792 acceptam
714 3723 764 3778 sub
782 3723 944 3792 obligatione
957 3721 1074 3778 eiusdem

263 3789 339 3844 lundi
356 3790 433 3844 solvit
450 3789 541 3844 statim
558 3789 714 3860 Sempronio
730 3807 780 3858 pro
798 3793 893 3844 marito
911 3805 972 3846 suo:
992 3805 1072 3910 {quae-

263 3859 342 3912 situm
366 3863 419 3922 est,
443 3873 479 3912 an
501 3857 627 3912 adversus
651 3865 760 3912 senatus
784 3859 933 3914 consultum
957 3859 1010 3912 obi
1028 3867 1074 3912 ata

212 3945 213 3950 ¹
264 3927 305 3980 sit.
330 3925 469 3994 respondi,
492 3925 516 3980 si
537 3925 679 3986 Numerius
704 3924 798 3980 scisset
821 3943 879 3980 earn
902 3875 1073 3992 intercedere,

263 3993 321 4048 fore
339 3997 446 4048 senatus
465 3993 587 4048 consulto
605 3993 638 4048 de
655 4009 707 4062 quo
726 3999 898 4064 quaereretur
914 3995 1010 4048 locum.

299 4059 337 4120 29
356 4061 474 4118 Pennus
488 4063 556 4118 libro
573 4065 652 4116 sento
669 4061 771 4116 decimo
786 4079 975 4132 responsorum
1010 4063 1072 4130 Qui-

264 4131 324 4184 dam
347 4129 430 4184 voluit
452 4131 594 4186 heredibus
611 4129 689 4184 Lucii
706 4129 769 4184 Titii
791 4135 910 4186 mutuam
930 4133 1072 4252 Pecuniam

265 4199 327 4252 dare
345 4203 449 4252 etcum
467 4199 504 4254 eis
522 4197 693 4252 contrahere:
718 4197 765 4252 sed
789 4199 914 4266 qnoniam
943 4199 1073 4252 acultates

265 4283 354 4320 eorum
372 4271 509 4336 suspectas
526 4265 646 4330 habuit⁶‚
665 4267 748 4334 magis
766 4267 850 4320 voluit
867 4267 943 4322 uxori
959 4271 1071 4320 testato-

264 4335 300 4390 ris
319 4333 383 4390 dare
401 4333 539 4404 pecuniam
556 4339 583 4388 et
600 4333 634 4388 ab
653 4349 684 4388 sa
701 4333 795 4402 pignus
819 4333 954 4402 accipere:
979 4333 1074 4390 mulier

266 4403 375 4458 eandem
398 4403 538 4474 pecuniam
561 4401 634 4458 dedit
656 4403 798 4456 heredibus
824 4405 851 4456 et
868 4403 901 4456 ab
919 4403 960 4458 bis
976 4403 1072 4482 pignus

265 4471 379 4540 accepit:
404 4485 503 4540 quaero
526 4489 561 4526 an
584 4471 765 4524 intercessisse
782 4469 903 4524 videatur
920 4477 999 4526 etan
1016 4487 1072 4540 prg-

265 4555 338 4604 nora‚
357 4555 425 4606 quae
441 4537 500 4606 ipsa
517 4539 630 4608 accepit,
647 4543 789 4592 teneantur
806 4537 936 4592 creditori.
971 4539 1072 4594 Paulus
1121 4539 1122 4542 ’

266 4607 409 4674 respondit,
428 4607 450 4660 si
467 4607 590 4672 creditor,
608 4621 669 4660 cum
686 4607 844 4660 contrahere
860 4605 938 4660 vellet
953 4621 1013 4660 cum
1025 4607 1071 4660 he·

265 4675 369 4728 redibus
388 4673 465 4726 Lucii
479 4673 549 4738 Titii,
568 4673 672 4726 evitatis
687 4675 729 4726 his
743 4673 828 4740 magis
848 4673 980 4726 mulierem
999 4689 1073 4726 ream

266 4741 348 4810 elegit,
368 4747 394 4796 et
410 4741 438 4794 in
454 4741 537 4808 ipsius
552 4755 667 4810 persona
680 4747 789 4794 senatus
806 4740 935 4804 consulto,
953 4741 1025 4810 qnod
1040 4741 1073 4794 de

265 4807 495 4864 intercessionibus
512 4807 613 4864 factum
632 4813 680 4872 est,
698 4807 788 4862 locum
803 4823 861 4864 esse
875 4813 901 4860 et
914 4807 1025 4876 pignora
1037 4809 1072 4862 ab

266 4893 297 4932 ea
314 4877 378 4930 data
394 4893 449 4930 non
465 4877 555 4930 teneri.
584 4891 629 4930 eae
647 4881 737 4930 autem
755 4891 811 4942 res,
836 4891 903 4944 quas
926 4875 1020 4930 mulier
1037 4877 1071 4930 ab

267 4945 320 5008 his,
337 4959 385 5012 pro
405 4945 498 5010 quibus
515 4943 709 5008 intercedebat,
727 4943 831 5012 pignori
848 4945 963 5010 accepit,
988 4945 1072 4996 eredi-

267 5011 320 5064 tori
333 5011 449 5064 mulieris
464 5011 592 5078 obligatas
606 5027 661 5064 non
675 5025 741 5062 esse.
770 5011 817 5062 sed
832 5025 886 5062 non
901 5011 957 5062 sine
970 5011 1074 5064 ratione

268 5083 413 5146 praetorem
429 5077 571 5142 iacturum,
589 5077 612 5132 si
628 5095 681 5132 non
699 5081 803 5130 tantum
821 5077 849 5130 in
863 5079 994 5146 persona⁷
1010 5077 1073 5132 sub·

268 5145 347 5198 ducta
371 5145 479 5200 muliere
501 5143 528 5222 in
545 5143 704 5214 principales
722 5143 855 5200 debitores
873 5143 973 5198 dederit
989 5145 1073 5200 actio·

267 5227 340 5272 nem,
358 5211 405 5266 sed
423 5211 501 5266 etiam
518 5227 545 5262 m
562 5227 620 5276 res,
644 5227 713 5280 quae
729 5213 835 5266 mulieri
852 5213 984 5278 obligatae
996 5217 1073 5266 sunt.

272 5281 281 5326 ι
317 5275 417 5330 Paulus
440 5293 482 5332 res
501 5277 575 5330 ondit
602 5293 649 5340 ea,
674 5279 795 5346 quaein
820 5279 942 5332 fraudem
965 5287 1074 5332 senatus

268 5343 393 5406 consulti,
420 5295 499 5412 quod
513 5343 546 5398 de
568 5343 776 5400 intercessione⁸
798 5345 956 5398 feminarum
972 5345 1074 5398 foetum

269 5581 298 5642 (ι)
316 5577 480 5626 intervenerit
488 5577 527 5626 Ιιη
594 5581 627 5642 (2)
646 5581 984 5644 excausapraecedentiscr.
1038 5585 1070 5644 (3)

270 5641 475 5706 responderetF²
542 5649 573 5708 (ι)
593 5649 707 5708 exceptio
716 5647 755 5698 F'
815 5651 849 5712 (ι)
867 5649 1022 5712 delegavitur
1031 5649 1071 5716 F',

270 5707 442 5772 delegaritF²
477 5755 478 5758 ,
531 5713 564 5770 (ι)
581 5713 724 5762 habeetF⁰
825 5719 857 5772 (ι)
875 5719 1071 5778 personamrlett.

271 5779 303 5838 (sl
322 5773 540 5824 intercessionibus
550 5775 606 5824 ΙιιΙ
700 5783 733 5840 (9)
752 5783 778 5830 ni
788 5801 828 5830 sor
951 5785 996 5842 (ιι)
1015 5785 1076 5832 inF

1041 323 1133 424 'eor

472 2787 522 2826 xor
539 2771 691 2826 debitricem
708 2787 784 2826 suam
799 2773 854 2828 viro
870 2773 1008 2840 delegarit,
1026 2775 1074 2825 ιιι5
1091 2829 1095 2836 ,

1538 375 1584 424 DE
1606 375 1938 430 conrnnsnnioulssos

1206 451 1245 460 -u-

1124 547 1178 604 est,
1191 541 1360 660 terroogitnta
1384 541 1495 610 probari
1521 547 1647 614 possunt,
1680 547 1741 598 rata
1766 541 1860 598 haberi
1884 559 1937 598 non

1124 625 1190 680 opor
1204 625 1255 664 ere.

1159 673 1197 736 30
1216 677 1297 732 Inmn
1307 679 1377 734 libro
1391 679 1509 734 secando
1523 681 1717 736 sententiarum
1753 679 1781 732 Si
1790 679 1937 748 decipiendi

1124 747 1211 800 animo
1229 747 1271 800 vel
1289 763 1349 800 cum
1367 745 1447 800 sciret
1465 763 1494 802 se
1518 765 1574 802 non
1596 747 1681 802 teneri
1703 747 1797 802 mulier
1818 763 1866 814 pro
1890 747 1935 802 ali·

1125 829 1176 934 ἓιιο
1199 813 1393 880 intercesserit,
1417 817 1540 882 exceptio
1565 817 1589 870 ei
1612 821 1721 870 senatus
1746 816 1861 870 consulti
1884 829 1934 870 nou

1143 889 1216 936 atur:
1241 883 1373 936 actionem
1391 883 1473 948 enim,
1511 901 1562 938 nae
1579 883 1607 938 in
1625 883 1714 936 dolum
1732 883 1847 936 mulieris
1867 901 1934 938 com-

1127 953 1137 1002 1
1175 949 1250 1018 petit,
1268 949 1445 1020 amplissimus
1463 901 1529 1004 ordo
1547 967 1601 1006 non
1615 951 1741 1006 excludit.
1777 951 1935 1006 Procurator

1124 1017 1147 1072 si
1164 1019 1293 1072 mandatu
1310 1019 1426 1072 mulieris
1443 1033 1493 1086 pro
1511 1019 1563 1072 alio
1577 1019 1765 1084 intercesserit,
1784 1019 1936 1086 exceptione

1124 1091 1233 1138 senatus
1252 1085 1367 1140 consulti
1383 1085 1513 1140 Velleiani
1531 1087 1685 1152 adiuvatur,
1709 1087 1761 1140 ιιι9
1777 1087 1842 1140 alias
1868 1087 1935 1138 aetio

1124 1153 1272 1206 intercidat.
1465 1201 1466 1204 ,

1159 1217 1195 1276 31
1223 1221 1305 1274 inan
1325 1221 1394 1274 libro
1412 1221 1505 1290 primo
1529 1219 1566 1272 orl
1583 1219 1724 1272 Neratium
1760 1221 1884 1276 Pronus:
1907 1219 1938 1274 Si

1124 1289 1218 1342 mulier
1235 1289 1307 1358 quod
1322 1303 1355 1342 ex
1367 1287 1559 1342 intercessione
1574 1287 1651 1341 solvit
1665 1287 1731 1342 nolit
1746 1295 1872 1358 repetere,
1891 1289 1938 1342 sed

1124 1357 1243 1408 mandati
1268 1371 1346 1424 agere
1373 1361 1398 1408 et
1424 1369 1518 1408 cavere
1541 1355 1603 1408 velit
1625 1355 1659 1408 de
1685 1355 1857 1410 indemnitate
1881 1371 1936 1420 reo,

1126 1423 1257 1476 audienda
1275 1429 1323 1476 est.

1159 1487 1198 1546 32
1222 1491 1395 1544 Postremus
1416 1489 1484 1546 libro
1507 1491 1599 1560 primo
1622 1491 1937 1544 senatusconsultorum

1126 1555 1154 1612 Si
1170 1557 1263 1612 mulier
1280 1557 1455 1612 hereditatem
1472 1557 1584 1612 alicuius
1601 1555 1689 1620 adeat,
1707 1561 1738 1610 ut
1756 1573 1800 1612 aes
1819 1557 1935 1610 alienum

1126 1625 1181 1678 eius
1199 1625 1341 1692 suscipiat,
1360 1625 1403 1678 rix
1421 1629 1470 1690 est,
1488 1631 1519 1678 ιιι
1537 1625 1656 1678 succurri
1674 1625 1699 1678 ei
1717 1623 1826 1690 debeat,
1844 1625 1895 1678 nisi
1913 1623 1937 1678 si

1124 1693 1218 1746 fraude
1233 1693 1394 1746 creditorum
1410 1693 1438 1744 id
1448 1693 1470 1726 ¹⁰
1487 1697 1646 1762 conceptum
1661 1693 1709 1744 sit:
1727 1707 1777 1748 nee
1793 1693 1863 1746 enim
1877 1693 1935 1746 loeo

1124 1759 1232 1814 minoris
1250 1759 1341 1828 viginti
1356 1759 1473 1828 quinque
1487 1759 1563 1814 annis
1581 1759 1773 1830 cheumseripti
1787 1777 1834 1830 per
1849 1759 1938 1814 omnia

1128 1831 1138 1880 l
1174 1827 1296 1882 habenda
1314 1831 1356 1880 est
1373 1827 1474 1882 mulier.
1511 1825 1539 1880 Si
1556 1827 1650 1880 mulier
1666 1843 1722 1880 rem
1740 1843 1757 1882 a
1781 1843 1809 1882 sc
1833 1827 1936 1894 pignori

1125 1893 1214 1948 datam
1228 1909 1276 1964 per
1289 1895 1507 1948 intercessionem
1521 1895 1639 1962 recipere
1653 1895 1722 1958 velit,
1738 1893 1842 1948 fructus
1857 1895 1936 1948 etiam

1124 1963 1221 2016 liberos
1238 1963 1334 2030 recipit
1352 1965 1392 2026 et,
1410 1963 1434 2014 si
1450 1975 1494 2014 res
1511 1961 1625 2016 deterior
1642 1961 1715 2014 facta
1732 1961 1821 2026 fuerit,
1839 1977 1869 2014 eo
1888 1979 1935 2014 no·

1125 2029 1194 2082 mine
1216 2029 1299 2096 magis
1323 2029 1485 2082 aestimetur.
1514 2029 1561 2082 sed
1577 2029 1601 2082 si
1618 2029 1746 2092 creditor,
1790 2029 1818 2082 ιιι
1841 2029 1936 2098 pignos

1125 2113 1172 2164 per
1188 2095 1404 2150 intercessionem
1422 2097 1569 2164 acceperit,
1592 2097 1644 2150 hoc
1662 2095 1707 2148 alii
1724 2047 1855 2160 vendidit,
1874 2113 1937 2150 vera

1126 2169 1166 2218 est
1183 2179 1274 2218 eorum
1292 2163 1396 2230 opinio,
1421 2163 1467 2232 qui
1489 2163 1644 2232 petitionem
1667 2163 1782 2216 dandam
1800 2163 1825 2216 ei
1841 2167 1937 2232 putant

1126 2237 1152 2284 et
1168 2231 1296 2286 adversus
1313 2233 1399 2284 bonae
1416 2231 1479 2284 fidei
1496 2235 1654 2298 emptorem,
1678 2247 1713 2284 ne
1734 2231 1848 2286 melioris
1873 2245 1935 2286 con-

1126 2305 1140 2352 2
1176 2299 1287 2354 dicionis
1305 2315 1347 2352 em
1366 2305 1409 2354 tor
1427 2299 1475 2364 sit,
1519 2315 1581 2352 uam
1603 2299 1684 2354 suerit
1707 2299 1835 2352 venditor.
1871 2301 1936 2354 Item

1126 2367 1148 2422 si
1171 2367 1264 2422 mulier
1288 2383 1332 2422 cre
1351 2367 1413 2422 itori
1434 2317 1618 2420 viridantium
1642 2365 1760 2422 vendidit
1783 2373 1809 2420 et
1827 2367 1935 2420 tradidit

1127 2449 1157 2488 ea
1181 2435 1353 2500 condicione,
1379 2441 1409 2488 ut
1433 2439 1537 2504 emptor
1559 2441 1698 2504 acceptam
1720 2435 1861 2502 pecuniam
1879 2435 1933 2488 viro

1125 2501 1250 2568 referret,
1274 2509 1301 2554 et
1317 2503 1390 2556 hunc
1407 2503 1521 2556 fundum
1538 2503 1668 2566 vindicat,
1693 2503 1812 2570 exceptio
1849 2501 1935 2556 uidem

1125 2569 1297 2638 opponitur¹¹
1316 2569 1339 2624 ei
1358 2569 1389 2622 de
1406 2585 1437 2622 re
1454 2575 1544 2638 empta
1561 2575 1587 2624 et
1604 2571 1712 2632 tradita,
1730 2569 1778 2622 sed
1795 2519 1933 2638 terdioabi·

1125 2641 1169 2690 tur
1193 2651 1210 2690 a
1235 2635 1359 2690 muliere:
1384 2641 1440 2690 ‘aut
1464 2637 1488 2690 si
1511 2653 1543 2690 ea
1564 2635 1679 2692 venditio
1707 2641 1801 2690 contra
1828 2643 1935 2690 senatus

1126 2703 1284 2758 ‘consultum
1301 2703 1376 2758 iacta
1392 2705 1444 2758 sit'
1473 2709 1499 2758 et
1516 2705 1567 2758 hoo
1585 2705 1714 2772 procedit,
1733 2705 1788 2758 sive
1805 2705 1861 2772 ipse
1879 2721 1932 2758 cre·

1125 2773 1195 2826 ditor
1211 2773 1304 2826 emerit
1321 2773 1376 2826 sive
1393 2773 1581 2842 interposuerit
1598 2773 1692 2836 alium,
1718 2789 1770 2842 quo
1793 2773 1887 2826 mulier
1904 2789 1936 2828 ea

1124 2839 1228 2892 ratione
1253 2845 1344 2894 careat
1365 2855 1395 2892 re
1413 2855 1485 2896 sua„
1504 2839 1573 2894 idem
1592 2845 1630 2894 est
1649 2845 1676 2894 et
1693 2839 1716 2894 si
1733 2857 1787 2894 non
1804 2857 1852 2908 pro
1871 2841 1934 2904 rire,

1125 2911 1140 2960 3
1174 2905 1222 2962 sed
1238 2923 1288 2974 pro
1306 2907 1359 2962 alio
1377 2907 1496 2962 debitore
1513 2923 1569 2962 rem
1587 2923 1662 2962 suam
1680 2907 1797 2962 tradidit.
1834 2907 1861 2960 Si
1878 2925 1935 2962 mu-

1124 2975 1186 3040 lier,
1211 2991 1245 3028 ne
1261 2975 1322 3044 ipsa
1339 2975 1529 3038 intercederet,
1552 2977 1596 3028 alii
1613 2977 1754 3030 mandaret
1770 2981 1800 3028 ut
1817 2975 1845 3028 id
1862 2975 1935 3028 faee-

1125 3047 1174 3106 ret,
1192 3059 1227 3096 an
1244 3043 1272 3096 in
1289 3043 1368 3096 huius
1385 3059 1502 3112 persona
1519 3045 1594 3098 locus
1610 3043 1674 3098 huic
1688 3049 1797 3098 senatus
1813 3043 1935 3098 consulto

1126 3109 1167 3174 sit,
1185 3111 1230 3178 qui
1247 3117 1342 3180 rogatu
1360 3111 1476 3166 mulieris
1493 3111 1521 3166 id
1535 3113 1653 3166 faceret?
1678 3117 1751 3166 totus
1767 3111 1835 3166 enim
1850 3127 1935 3168 sermo

1124 3187 1233 3232 senatus
1252 3179 1366 3232 consulti
1383 3179 1589 3248 adpetitionem
1604 3195 1660 3232 non
1677 3179 1792 3234 dandam
1809 3179 1935 3234 adversus

1124 3247 1209 3316 ipsam
1226 3247 1363 3302 mulierem
1380 3253 1491 3316 spectat.
1518 3253 1545 3302 et
1561 3253 1626 3316 puto
1643 3263 1700 3302 rem
1716 3249 1755 3302 ita
1770 3263 1828 3302 esse
1843 3247 1934 3302 distin-

1124 3313 1269 3382 guendam,
1292 3319 1338 3380 ut,
1362 3315 1385 3368 si
1409 3315 1515 3382 quidem
1541 3315 1669 3382 creditor,
1699 3315 1742 3370 cui
1764 3331 1806 3370 me
1823 3315 1935 3384 obligari

1124 3383 1269 3436 mandante
1291 3383 1414 3448 madere,
1439 3383 1490 3436 hoo
1513 3383 1679 3438 intrandam
1697 3389 1803 3438 senatus
1823 3381 1935 3438 consulti

1125 3451 1235 3518 egisset,
1259 3465 1293 3504 ne
1316 3451 1375 3520 ipsa
1397 3451 1568 3504 interveniret
1592 3457 1686 3506 contra
1704 3457 1812 3506 senatus
1830 3450 1935 3506 consul-

1124 3523 1194 3584 tum,
1220 3517 1297 3574 daret
1315 3523 1404 3572 autern
1422 3519 1518 3584 chum,
1545 3519 1740 3574 excludendum
1763 3535 1822 3574 eum
1840 3535 1934 3586 excep-

1124 3585 1196 3642 tione
1217 3585 1320 3640 lraudis
1345 3593 1453 3642 senatus
1478 3587 1623 3642 ιοιιιιιιιι12
1649 3587 1750 3640 factae:
1777 3589 1800 3642 si
1825 3603 1885 3642 reto
1911 3589 1935 3640 is

1124 3655 1278 3724 ignorasset,
1295 3671 1341 3724 ego
1352 3661 1440 3710 autem
1455 3655 1572 3720 scissem,
1587 3661 1653 3710 tuno
1667 3655 1785 3710 mandati
1799 3671 1841 3710 me
1856 3671 1934 3724 agen-

1124 3727 1177 3778 tem
1195 3739 1255 3778 cum
1271 3725 1381 3778 muliere
1398 3723 1590 3778 excludendum
1608 3739 1682 3790 esse,
1706 3739 1748 3778 me
1771 3729 1860 3778 autem
1878 3739 1934 3778 cre-

1124 3793 1140 3844 4
1175 3791 1254 3846 ditori
1271 3793 1364 3844 teneri.
1400 3789 1428 3844 Si
1445 3791 1539 3844 mulier
1561 3807 1611 3858 pro
1635 3805 1681 3856 eo,
1706 3807 1754 3860 pro
1778 3807 1830 3862 quo
1853 3793 1934 3844 inter·

1125 3859 1247 3922 cesserit,
1265 3859 1392 3912 iudicium
1408 3863 1503 3926 parata
1521 3859 1556 3912 sit
1573 3857 1709 3926 accipere,
1727 3865 1758 3912 ut
1775 3877 1830 3912 non
1846 3859 1874 3914 in
1890 3875 1934 3912 ve-

1124 3931 1208 3980 terem
1226 3925 1374 3980 debitorem
1391 3925 1571 3988 aetiodetur:
1596 3927 1721 3996 quoniam
1745 3931 1851 3980 senatus
1871 3943 1934 3980 con·

1124 3993 1188 4048 sulti
1214 3993 1398 4062 exceptionem
1424 4009 1560 4062 opponere
1583 3997 1686 4062 potest,
1714 4009 1806 4048 cavere
1829 3993 1935 4048 debebit

1124 4061 1281 4132 exceptione
1306 4077 1335 4116 se
1359 4079 1412 4116 non
1438 4077 1548 4116 usuram
1574 4071 1599 4116 et
1624 4061 1662 4116 sie
1688 4061 1724 4114 ad
1749 4063 1862 4116 iudicem
1887 4063 1932 4114 ire.

1124 4135 1138 4184 5
1174 4129 1341 4186 intercedere
1358 4131 1494 4186 mulierem
1511 4129 1714 4198 intellegendum
1732 4135 1773 4186 est
1790 4129 1867 4182 etiam
1884 4145 1933 4198 pro

1124 4213 1164 4262 eo,
1183 4199 1228 4266 qui
1245 4197 1356 4266 obligari
1373 4215 1427 4252 non
1443 4199 1536 4266 possit,
1555 4199 1636 4252 veluti
1654 4199 1676 4252 si
1693 4213 1741 4264 pro
1758 4213 1832 4252 servo
1847 4197 1933 4264 aheno

1124 4265 1275 4320 intercedit:
1295 4267 1342 4320 sed
1359 4267 1473 4320 rescissa
1490 4265 1725 4320 intercessionem
1742 4265 1875 4320 dominum
1892 4281 1932 4318 re-

1124 4333 1258 4390 stituenda
1275 4339 1315 4388 est
1333 4333 1412 4390 actio.

1493 4471 1560 4534 11¹³.

1322 4573 1368 4622 nn
1387 4573 1733 4622 conesnsnmonrsns.

1160 4669 1173 4726 1
1194 4669 1384 4726 Moonsrnros
1396 4671 1464 4726 libro
1479 4675 1557 4726 sexto
1569 4671 1767 4742 pandectarum
1802 4669 1931 4738 Compen-

1123 4737 1191 4792 satio
1209 4743 1251 4792 est
1268 4739 1350 4792 debiti
1368 4743 1394 4792 et
1410 4739 1502 4796 crediti
1518 4739 1588 4792 inter
1604 4753 1633 4792 se
1652 4737 1820 4792 contributio.

1129 4853 1134 4858 .
1157 4801 1176 4862 2
1194 4805 1338 4860 Inclusus
1353 4807 1421 4860 libro
1439 4807 1630 4878 nonagensimo
1646 4807 1811 4876 digestorum
1845 4805 1933 4860 Unus-

1124 4873 1235 4942 quisque
1260 4875 1417 4930 creditorem
1439 4891 1518 4928 suum
1542 4873 1706 4944 eundemque
1724 4873 1868 4928 debitorem
1886 4889 1932 4942 pe·

1123 4947 1222 4996 tentem
1239 4947 1393 5006 summovet,
1412 4941 1435 4996 si
1451 4947 1562 5010 paratus
1580 4945 1621 4996 est
1638 4957 1819 5008 compensare.

1158 5005 1176 5064 3
1194 5007 1365 5062 Pomponis
1377 5009 1444 5062 libro
1459 5011 1601 5064 uicensimo
1616 5009 1709 5078 qrrinto
1724 5009 1761 5062 orl
1775 5007 1902 5062 Sobinnm
1913 5007 1931 5040 ¹⁴

1123 5075 1185 5130 Ideo
1205 5077 1385 5146 compensatio
1403 5077 1554 5130 necessaria
1571 5079 1620 5140 est,
1639 5077 1701 5144 quia
1718 5077 1829 5134 interest
1843 5081 1933 5130 nostra

1124 5143 1212 5214 potius
1231 5161 1285 5200 non
1301 5145 1403 5200 solvere
1421 5161 1500 5212 quam
1519 5145 1635 5198 solutum
1652 5149 1781 5212 repetere.
1929 5211 1931 5214 Ι

1158 5209 1177 5266 4
1199 5209 1318 5266 Pronus
1342 5211 1409 5266 libro
1437 5213 1515 5266 tertio
1541 5213 1578 5264 orl
1600 5209 1729 5266 Sabinam
1764 5211 1863 5266 Verum
1886 5215 1932 5274 est,

1124 5279 1197 5346 quod
1214 5283 1241 5332 et
1254 5277 1364 5334 Neratio
1382 5279 1507 5348 placebat
1522 5283 1548 5332 et
1562 5279 1726 5346 Pomponius
1740 5279 1786 5344 ait,
1804 5279 1862 5346 ipso
1876 5279 1933 5332 iure

1125 5361 1155 5400 eo
1181 5347 1268 5398 minus
1293 5345 1476 5400 fideiussorem
1503 5361 1536 5400 ex
1562 5347 1632 5402 omni
1658 5351 1799 5402 conhaetu
1831 5347 1932 5410 debere,

1853 5497 1923 5506 ...ιιι-ι.-

1126 5587 1165 5644 (ιι)
1184 5587 1351 5650 oppiniturF
1418 5591 1461 5650 (ιι)
1481 5589 1779 5642 senatusconsultoHol.

1158 5653 1201 5710 trel
1220 5653 1398 5716 Sat.r...e.n:
1415 5657 1464 5708 Ed.
1475 5667 1491 5708 ι.
1503 5667 1535 5708 ro.
1547 5667 1635 5716 rnre:
1652 5659 1716 5722 Pap.
1727 5669 1806 5712 rnna
1823 5689 1855 5698 -
1868 5661 1928 5710 Bos.

1124 5721 1207 5780 ibib.
1220 5751 1248 5760 -
1262 5723 1299 5788 Cf
1313 5723 1404 5790 Codri,
1415 5737 1439 5776 ιι
1511 5731 1554 5788 (ιι)
1572 5725 1605 5776 ad
1614 5725 1724 5776 edictum
1733 5727 1766 5776 ΡΙ
