4366 6258
1040 377 1101 450 ros
1167 331 1169 334 ’

254 397 295 444 ur
314 383 360 442 ns
381 395 453 444 ssu.
474 387 571 448 cous.
590 397 777 448 nmomsno
1639 377 1842 448 XXXXVIII
1867 391 1904 448 ιο

254 559 402 626 habendum
417 565 444 616 et
457 577 542 628 seruo,
558 561 603 632 qui
617 561 697 616 mam
710 563 762 618 sibi
775 565 891 634 legatum
906 565 1056 634 adscripsit,
1106 565 1215 624 dirersis
1232 567 1410 624 conhactibus
1427 561 1556 630 vendidit,
1578 575 1665 630 poena
1680 557 1743 614 falsi
1760 567 1906 628 coercetur,
1945 605 1946 608 ι

253 631 356 688 reniam
373 629 439 682 dari.
474 633 542 698 ego¹
563 629 648 684 tutius
665 645 723 682 esse
747 637 813 698 puto
836 633 939 686 reniam
962 639 1055 702 peteu—
1106 637 1133 686 et
1148 635 1201 690 hoc
1222 643 1249 690 et
1265 637 1340 690 dirus
1356 633 1507 688 Hadrianus
1529 627 1674 684 constitnit.
1709 627 1732 680 is
1755 625 1908 694 adiungitur

255 703 314 756 dam
338 697 372 750 ab
394 697 565 776 imperatore,
593 697 696 750 scilicet
716 711 749 750 eo
772 695 845 764 quod
870 699 993 754 rehctum
1015 703 1056 752 est
1106 701 1172 756 etis
1213 703 1269 756 ui¹⁰
1289 701 1403 756 iudicem
1426 697 1606 766 comumptt11.
1641 693 1689 750 sed
1705 695 1839 748 remissius
1856 713 1906 762 pu-

255 775 270 822 r
303 763 504 842 abstineptrbns.
530 763 597 816 Item
614 771 723 818 senatus
741 763 851 844 cepsuit
869 769 906 832 ut,
923 767 948 820 si
964 781 1055 820 servus
1105 767 1156 820 oiri
1172 719 1266 834 sient,
1283 775 1314 822 ut
1330 769 1365 824 ad
1380 773 1483 834 tempus
1500 765 1679 832 relegentur-¹2
1700 775 1749 816 nec
1766 761 1836 814 bona
1853 763 1907 818 illis
1939 771 1940 774 ’

255 831 351 892 domim
372 841 417 884 'sni
444 845 519 886 russo
542 835 700 886 testamento
725 829 885 886 codrcrlhsve
906 833 1056 888 libertatem
1105 835 1269 890 auferantur.

256 903 304 960 sibi
321 897 499 966 adscripserit,
518 899 553 952 ob
570 913 629 952 eam
642 913 706 964 rem,
725 897 796 966 quod
811 897 895 966 ipsius
910 915 991 954 manu
1008 899 1054 952 ad·
1139 897 1180 958 22
1208 901 1289 956 loru
1313 903 1392 958 utros
1409 901 1545 972 singulari
1562 901 1600 954 cd
1626 903 1736 952 senatus
1758 897 1906 952 coasultum

255 969 380 1036 scriptum
407 973 459 1032 est,
486 967 573 1020 minus
594 965 663 1022 liber
688 967 736 1020 sit:
763 965 810 1020 sed
823 985 824 988 ¹
837 965 948 1020 libertas
976 967 1000 1020 ei
1023 981 1056 1020 ex
1105 965 1283 1022 La‘bout'ouuu:
1307 969 1473 1040 Impuberem
1488 969 1517 1022 iu
1533 969 1584 1022 hoc
1603 967 1716 1022 edictum
1732 965 1850 1020 incidere
1866 965 1907 1020 di-

254 1033 446 1094 ddeicommissi
464 1049 546 1090 causa
562 1035 744 1102 praestatum:
771 1033 895 1086 simodo
918 1039 981 1102 post
998 1045 1055 1084 eam
1106 1033 1218 1088 cendum
1239 1051 1294 1088 uon
1316 1041 1369 1102 est,
1397 1035 1521 1104 quoniam
1543 1035 1604 1090 ialsi
1626 1035 1735 1088 crimine
1756 1033 1799 1088 vix
1822 1033 1908 1102 possit

255 1105 411 1172 scripturam
428 1117 507 1156 manu
524 1117 574 1156 sua
590 1107 702 1156 testator
718 1105 876 1156 testamento
895 1099 1055 1154 codicillisve
1105 1099 1202 1162 teneri,
1226 1115 1287 1154 cunr
1304 1101 1380 1156 dolus
1397 1103 1481 1156 malus
1497 1103 1525 1156 in
1543 1117 1601 1156 eam
1624 1107 1738 1156 aetatem
1755 1117 1809 1156 non
1826 1101 1904 1156 cadit.

257 1181 270 1228 3
303 1169 497 1238 subscripserit.
532 1171 569 1224 Et
592 1177 722 1238 quatenus
745 1169 778 1222 de
800 1167 859 1222 sola
876 1167 965 1236 specie
980 1165 1054 1220 iidei-
1109 1171 1119 1220 1
1157 1167 1185 1220 Si
1202 1167 1227 1222 ei
1242 1165 1309 1232 filio,
1343 1169 1371 1222 ui
1385 1169 1457 1240 apud
1470 1171 1561 1226 hostes
1575 1175 1624 1234 est,
1642 1171 1814 1240 adscripserit
1830 1175 1907 1238 pater

256 1237 408 1296 commissae
430 1237 560 1292 libertatis
583 1237 634 1292 hoc
656 1243 763 1292 senatus
791 1235 913 1292 consulto
937 1235 1054 1290 contiue—
1105 1235 1229 1304 legatum,
1247 1185 1386 1290 dicendum
1400 1243 1440 1292 est
1453 1253 1558 1292 reverso
1572 1253 1603 1292 eo
1616 1237 1733 1292 incidere
1750 1239 1777 1292 in
1794 1255 1908 1306 poenam

254 1311 339 1372 batur,
356 1307 430 1360 dirus
448 1305 511 1360 Pius
528 1305 665 1374 rescripsit
676 1303 833 1360 senteutiam
848 1303 931 1372 magis
944 1319 1054 1374 sequen·
1106 1307 1215 1360 senatus
1241 1303 1366 1356 consulti:
1397 1305 1513 1374 quodsi
1538 1305 1577 1360 ibi
1599 1305 1754 1370 decesserit,
1779 1305 1907 1360 innocens

255 1377 314 1432 dam
336 1389 394 1428 esse
416 1373 495 1428 huius
518 1379 624 1428 senatus
648 1373 762 1428 consulti
785 1387 864 1440 quam
881 1369 1054 1440 scripturam:
1106 1377 1121 1424 2
1154 1375 1232 1438 pater
1254 1369 1454 1426 existimatur¹³.
1496 1373 1548 1428 Sed
1571 1381 1598 1426 et
1618 1375 1642 1428 si
1664 1375 1831 1444 emancipato
1853 1375 1908 1428 filio

254 1459 313 1498 nam
331 1457 433 1506 seruos,
457 1457 517 1496 cum
542 1441 656 1498 dominis
683 1441 738 1496 suis
761 1445 871 1510 parent,
896 1441 1054 1496 necessitate
1105 1437 1270 1504 adscribit¹⁴,
1289 1441 1359 1492 recte
1376 1439 1404 1494 id
1419 1439 1511 1494 faciet:
1529 1441 1592 1494 item
1609 1441 1635 1496 in
1651 1439 1819 1510 adoptionem
1837 1441 1908 1496 dato.

254 1509 391 1582 potestatis
409 1509 546 1574 excusari,
569 1509 591 1564 si
608 1519 696 1564 tamen
717 1507 829 1564 accedat
846 1507 945 1564 domini
962 1513 1054 1564 aucto·
1106 1513 1121 1560 3
1154 1505 1222 1558 Item
1237 1505 1260 1558 si
1274 1519 1359 1570 servo,
1377 1507 1421 1560 cui
1431 1523 1532 1562 moram
1547 1507 1610 1562 fecit
1625 1509 1653 1564 iu
1667 1507 1909 1564 fideicommissaria

254 1581 317 1634 ritas
339 1577 529 1632 subscribentis
557 1591 587 1630 se
608 1591 640 1630 ea
668 1577 783 1632 dictasse
807 1581 834 1632 et
857 1577 1053 1646 recognovisse:
1105 1573 1229 1630 libertate
1242 1573 1410 1642 praestanda,
1428 1575 1606 1644 adscripserit,
1624 1577 1764 1630 dicendum
1778 1583 1818 1632 est
1832 1585 1910 1630 extra

254 1645 333 1702 rideri
356 1645 425 1700 euim
450 1645 489 1698 ait
508 1645 591 1714 ipsius
614 1645 713 1700 domini
734 1661 814 1700 manu
838 1645 951 1714 scripta,
979 1645 1055 1700 culus
1106 1641 1263 1698 senteutiam
1274 1647 1383 1696 senatus
1401 1643 1516 1696 consulti
1527 1659 1588 1698 emn
1600 1659 1665 1712 esse,
1683 1645 1807 1714 quoniam
1820 1645 1908 1714 placet

254 1715 386 1768 voluntate
403 1729 435 1768 ea
452 1713 553 1780 scripta
569 1717 641 1768 sunt.
674 1713 759 1782 ‘Quod
776 1713 882 1780 tamen',
900 1711 993 1782 inquit,
1013 1711 1056 1766 ‘ad
1106 1727 1195 1774 omna,
1220 1707 1291 1776 quod
1313 1723 1362 1778 per
1382 1709 1533 1764 huiusmodi
1556 1727 1660 1766 servum
1682 1713 1841 1780 adquisitum
1858 1717 1907 1776 est,

254 1783 357 1834 ‘liberas
374 1795 517 1848 personas,
534 1781 563 1834 in
580 1795 647 1848 quas
664 1783 765 1834 nullum
782 1781 823 1836 ins
840 1785 954 1834 testator
969 1781 1055 1834 habu·
1106 1783 1122 1832 4
1156 1777 1260 1832 restitui
1277 1781 1400 1844 oportere
1416 1779 1585 1832 manumisso.
1619 1779 1698 1832 Etsi
1715 1781 1845 1846 eiserro,
1864 1781 1909 1848 qui

255 1847 324 1912 ‘erit,
350 1847 455 1900 extendi
482 1865 537 1902 non
564 1847 654 1902 debet:
679 1849 770 1918 quaeri
793 1855 883 1902 tamen
908 1849 1002 1912 debet,
1021 1863 1056 1900 an
1104 1845 1177 1900 bona
1194 1843 1247 1898 iide
1264 1843 1365 1908 seruit,
1380 1843 1479 1912 aliquid
1496 1845 1650 1912 adscribsit,
1667 1847 1739 1912 quod
1756 1847 1791 1900 ad
1808 1847 1907 1916 cogita-

254 1921 343 1982 ‘acque
367 1915 560 1996 subsequendi³
581 1915 728 1972 necessitas
744 1921 772 1972 et
788 1917 902 1970 honesta
918 1915 1055 1968 excusatio
1105 1913 1205 1966 tionem
1227 1911 1308 1980 animi
1329 1927 1428 1966 nocens
1451 1919 1506 1978 est,
1530 1911 1592 1982 qnia
1613 1913 1638 1966 ei
1661 1913 1801 1980 adscribit,
1832 1931 1908 1984 quem

254 1987 302 2038 ‘est
331 1999 385 2036 uon
413 1981 587 2048 facientibus,
624 1983 693 2052 quod
725 1999 780 2038 nou
811 1985 846 2038 sit
881 1981 1054 2038 concessuri.
1107 1997 1186 2036 suum
1202 1985 1292 2050 putat:
1319 1979 1506 2048 sedquoniam
1523 1995 1608 2050 neque
1627 1981 1743 2050 legatum
1760 1997 1845 2050 neque
1861 1983 1908 2036 he·

255 2057 268 2104 l
302 2049 381 2104 Matri
395 2067 507 2120 quoque,
525 2051 568 2106 cui
584 2067 633 2122 per
650 2067 753 2106 serrum
771 2067 849 2108 suum
866 2051 984 2104 dletaute
1000 2049 1056 2104 filio
1106 2047 1206 2104 reditas
1223 2049 1309 2104 bonae
1324 2047 1389 2102 fidei
1402 2047 1557 2116 possessori
1574 2047 1735 2114 adquiritur,
1760 2047 1878 2104 &camus
1888 2053 1909 2082 ¹⁵

254 2119 366 2186 legatum
389 2119 516 2188 scriptum
536 2125 619 2182 esset,
647 2119 766 2172 reniam⁴
794 2117 963 2172 tribuendam
990 2119 1055 2186 legis
1107 2123 1122 2170 5
1156 2123 1342 2186 eum'poenae
1365 2113 1530 2170 eximendum
1553 2131 1617 2170 esse.
1660 2115 1688 2170 Si
1717 2115 1838 2170 domiuus
1860 2117 1903 2170 ad-

254 2191 268 2238 5
304 2185 439 2240 cometae
456 2187 566 2256 placuit.
600 2185 673 2240 Idem
689 2187 718 2240 in
735 2185 828 2252 filiam,
851 2201 920 2254 quae
937 2185 1056 2240 dIctante
1107 2185 1242 2254 scripserit
1259 2199 1334 2240 seruo
1352 2185 1479 2252 legatum,
1498 2199 1558 2236 cum
1575 2183 1721 2248 liberarit,
1739 2183 1850 2238 dicimus
1868 2201 1909 2240 se·

254 2259 336 2308 matre
353 2269 403 2308 sua
420 2269 467 2322 per
488 2255 665 2322 ignorantiam
681 2255 746 2308 iuris
769 2255 885 2322 legatum
902 2253 954 2308 sibi
971 2253 1054 2322 scrip-
1106 2257 1186 2308 uatus
1204 2251 1326 2308 consulto
1352 2251 1485 2306 dominum
1508 2257 1665 2306 excusatum
1680 2265 1751 2316 esse,
1775 2253 1820 2320 qui
1838 2269 1910 2306 com·
1953 2255 1958 2268 “

254 2327 268 2374 t
302 2327 385 2386 serat,
404 2329 512 2376 senatus
530 2321 641 2376 censuit.
668 2319 696 2374 Si
714 2321 773 2388 quis
791 2323 895 2376 duobus
912 2321 1055 2378 heredibus
1106 2321 1203 2390 pendio
1226 2337 1274 2376 suu
1295 2321 1369 2376 nullo
1393 2319 1470 2374 modo
1499 2317 1672 2400 prospexerit.
1709 2317 1800 2374 eadem
1826 2317 1910 2374 etde

253 2389 379 2442 institutis
397 2389 538 2454 adiecerit,
555 2393 594 2454 ut,
612 2389 635 2442 si
652 2389 780 2448 alteruter
795 2391 873 2446 heres
891 2391 948 2444 siue
965 2389 1056 2446 liberis
1107 2397 1122 2442 tt
1155 2389 1211 2442 filio
1234 2393 1329 2458 postea
1351 2389 1515 2458 emancipato
1538 2387 1591 2442 dici
1607 2389 1732 2456 potestffl.
1769 2387 1820 2454 Qui
1837 2387 1909 2440 codi-

253 2455 420 2524 deccssisset,
443 2455 468 2512 ei
485 2457 529 2526 qui
547 2463 698 2526 superesset
721 2461 748 2512 et
764 2459 861 2512 liberos
878 2459 991 2514 haberet
1008 2461 1054 2512 he·
1106 2459 1182 2512 cillos
1199 2465 1262 2512 autc
1279 2461 1465 2512 testamentum
1481 2455 1576 2522 iactos,
1593 2455 1622 2508 in
1639 2455 1734 2524 quibus
1752 2455 1867 2524 legatum
1886 2455 1910 2508 ei

253 2523 349 2578 reditas
368 2525 521 2578 redderetur
537 2525 590 2590 rel,
612 2525 636 2578 si
653 2527 764 2594 uterque
781 2527 839 2580 sine
855 2527 945 2580 liberis
964 2527 1054 2580 deces-
1106 2525 1270 2606 adspriptpm
1294 2533 1366 2590 erat,
1395 2523 1545 2590 confirmat,
1574 2525 1602 2578 in
1624 2529 1733 2578 senatus
1760 2523 1911 2578 consultum

253 2591 342 2658 sissm,
365 2593 498 2646 hereditas
520 2593 625 2658 (deiude
649 2593 701 2646 alia
717 2599 807 2660 mauu)
830 2593 955 2662 scriptori
971 2599 1054 2650 testa-

253 2659 332 2714 menti
362 2659 558 2714 restitueretur:
590 2659 680 2728 placet
710 2665 910 2716 testamentario
941 2677 1055 2730 poenam

252 2725 315 2794 legis
333 2727 471 2782 Corneliae
488 2727 594 2782 remitti,
629 2727 676 2782 sed
692 2727 831 2796 benignius
849 2735 904 2794 est,
927 2735 958 2784 ut
974 2731 1055 2784 etiam

253 2809 391 2916 emnpruae
417 2809 499 2864 snpra
524 2795 624 2864 scripta
649 2801 724 2862 sunt,
754 2797 832 2850 simili
857 2797 936 2852 modo
962 2813 1054 2852 couse-

268 2875 303 2914 ua
348 2903 355 2916 .

252 2879 268 2930 q
286 2927 324 2986 16
342 2929 459 2984 Parrus
479 2929 547 2986 libro
564 2931 642 2984 tertio
659 2947 850 3002 responsorum
890 2931 1055 3002 lRespondit

251 2997 484 3052 instrumentorum
498 2997 684 3066 subrepturum
699 2999 798 3052 cumen
815 3015 869 3054 uon
883 3015 942 3054 esse
955 2999 1055 3068 publici

251 3065 347 3130 iudIcii,
362 3065 414 3118 nisi
426 3071 613 3118 testamentum
626 3065 737 3118 alicuius
751 3067 908 3134 subreptum
917 3073 1053 3134 arguatur.

256 3137 264 3184 l
299 3133 399 3186 Paulus
424 3133 562 3202 respoudit
587 3133 652 3200 legis
680 3133 818 3188 Corneliae
848 3151 936 3202 poena
962 3151 1053 3190 omnes

251 3199 346 3266 teneri,
380 3199 425 3268 qui
453 3199 533 3254 etiam
555 3205 631 3254 exim
659 3205 819 3254 testamenta
848 3203 956 3256 cetera⁸
984 3201 1054 3256 falsa

252 3273 266 3322 2
300 3267 456 3334 signassent.
492 3267 588 3322 Sedet
605 3273 720 3332 ceteros,
739 3267 784 3336 qui
800 3269 828 3320 in
845 3269 995 3322 rationibus
1012 3275 1054 3322 ta·

251 3335 319 3390 bulis
336 3335 430 3388 litteris
447 3335 561 3402 publicis
575 3335 660 3388 aliare
677 3349 730 3404 qna
742 3349 772 3388 re
785 3335 843 3390 sine
855 3337 1054 3404 consignatione

251 3403 345 3456 falsum
367 3401 489 3456 fecerunt
511 3403 566 3466 rel,
588 3409 619 3454 ut
641 3417 730 3456 verum
747 3417 803 3456 non
826 3409 966 3472 appareat,
990 3403 1053 3472 quid

252 3471 402 3526 celaverunt
424 3469 497 3524 subii
516 3475 614 3524 uerunt
640 3469 793 3524 deleverunt
819 3469 990 3526 subiecerunt
1012 3487 1053 3524 re·

252 3539 432 3606 ignoverunt,
459 3553 474 3592 e
509 3553 551 3592 eno
567 3553 655 3606 poena
671 3537 751 3598 adiici
769 3537 855 3592 solere
872 3535 982 3592 dubium
999 3553 1053 3592 non

251 3621 317 3660 esse.

286 3669 322 3730 17
341 3669 420 3726 lara
434 3673 502 3726 libro
521 3673 598 3726 tertio
612 3673 876 3742 fideicommissorum
911 3671 978 3724 ilum
995 3673 1053 3740 qui-

251 3739 310 3796 darn
332 3755 381 3794 sua
404 3755 485 3792 manu
507 3755 611 3794 serrum
638 3739 690 3794 sibi
711 3739 827 3808 legatum
852 3737 1005 3806 scripsisset
1027 3745 1054 3792 et

251 3823 309 3862 eum
330 3807 515 3862 manumittere
538 3813 647 3876 rogatus
667 3813 753 3872 esset,
771 3811 880 3862 senatus
898 3807 1001 3860 censuit
1018 3805 1053 3862 ab

230 3879 231 3882 ’
251 3877 370 3932 omnibus
388 3875 531 3930 heredibus
549 3889 609 3928 enm
625 3873 869 3930 manumittendum.

287 3941 522 4002 18⁷1nrrurr0
546 3943 623 3996 tertio
645 3943 834 3998 sententiarum
875 3941 958 3994 Uxori
981 3941 1053 4010 lega-

251 4017 306 4066 tum
329 4013 357 4066 in
377 4011 464 4064 alieno
487 4015 645 4066 testamento
669 4009 786 4066 scribere
804 4025 858 4064 nou
875 4009 1053 4078 prohibemur.

254 4085 263 4132 l
300 4079 351 4148 Qui
365 4093 393 4132 se
406 4079 460 4132 lilio
478 4079 615 4134 testatoris
628 4079 759 4146 impuberi
773 4083 888 4132 tutorem
902 4075 992 4130 adseri
1011 4075 1053 4144 ait,

251 4147 300 4202 etsi
317 4153 455 4216 suspectus
473 4159 532 4200 esse
548 4147 738 4214 praesumitur,
779 4145 833 4200 uod
855 4145 926 4198 ultro
943 4149 1000 4198 tute
1027 4159 1053 4196 m

250 4215 378 4270 ridebitur
395 4213 534 4270 affectasse
541 4213 558 4280 ⁸,
583 4219 687 4280 tamem
712 4213 735 4268 si
751 4163 864 4268 igoneus
881 4227 940 4266 esse
957 4211 1053 4280 adpro·

251 4283 334 4350 betur,
349 4299 403 4336 non
416 4297 449 4336 ex
461 4285 628 4348 testamento,
644 4283 731 4336 sedes
745 4283 852 4336 decreto
861 4285 936 4334 tutor
950 4279 1054 4334 dandus

251 4357 298 4406 est.
332 4367 381 4404 nec
397 4351 534 4404 excusatio
551 4351 609 4404 eius
626 4351 789 4416 admittetur,
808 4349 871 4418 quia
890 4347 1055 4402 consensisse

251 4417 353 4472 uidetur
367 4417 496 4472 uoluntati
515 4417 657 4472 testatoris.

287 4483 324 4542 19
346 4485 425 4540 loun
449 4487 516 4540 libro
544 4487 637 4552 quinto
659 4487 851 4540 sententiarum
886 4483 937 4550 Qui
959 4483 1054 4536 falsam

251 4557 381 4606 monetam
406 4555 600 4622 percusserint,
630 4553 654 4606 si
681 4553 728 4608 td⁹
752 4557 838 4606 totum
863 4549 979 4606 formare
1004 4567 1053 4606 no-

251 4619 366 4688 luerunt,
398 4621 523 4690 suffragio
548 4621 633 4676 iustae
662 4621 840 4690 paenitentiae
870 4621 1053 4676 absolvuntur.

254 4693 263 4740 1
299 4689 441 4744 Accusatio
465 4689 596 4758 suppositi
617 4695 710 4756 partus
733 4687 809 4742 nulla
832 4689 959 4756 temporis
976 4703 1054 4756 prae·

251 4755 390 4826 scriptione
407 4757 561 4824 depellitur,
584 4771 633 4810 nec
650 4757 774 4822 interest,
793 4757 938 4810 decesserit
954 4771 1004 4810 uec
1020 4771 1055 4810 ne

251 4837 289 4888 ea,
324 4839 375 4876 uae
392 4829 498 4892 partum
515 4823 663 4878 subdidisse
681 4823 858 4878 contenditur.

284 4841 324 4948 23
340 4891 677 4946 numerumnunerum
694 4897 773 4946 scuto
791 4891 1055 4962 :praeproperum

223 5005 224 5008 ,
251 4955 324 5012 Falsi
340 4973 427 5026 poena
444 4963 600 5012 coercentur
617 4963 645 5012 et
665 4957 711 5026 qui
728 4959 763 5012 ad
783 4959 856 5014 litem
872 4957 1055 5014 instmrendam

251 5023 422 5080 advocatione
437 5025 551 5080 testibus
568 5025 708 5094 pecuniam
725 5031 897 5096 acceperunt,
915 5027 1054 5096 obligatio·

250 5107 310 5146 uem
326 5095 474 5164 pachonem
490 5091 627 5157 iecerunt,
644 5093 799 5150 societatem
815 5095 940 5160 inierunt,
957 5101 988 5150 ut
1005 5095 1054 5148 ali·

251 5159 312 5224 quid
329 5177 421 5216 eorum
437 5161 514 5220 fieret
532 5167 700 5216 curaverunt.

283 5223 319 5284 at
341 5229 459 5286 Pronus
476 5231 543 5284 libro
566 5229 609 5284 siu
629 5229 704 5284 utari
719 5229 756 5284 ud
770 5237 882 5286 senatus
904 5231 1055 5286 conatum

254 5293 447 5366 Turpillianum
481 5297 531 5368 Qui
554 5247 628 5352 dung

251 5467 280 5530 (1)
297 5485 356 5536 ergo
369 5473 394 5520 F
449 5473 503 5536 (ι)
519 5473 657 5538 praestetur
671 5473 708 5524 Γ(
783 5473 816 5538 (ιι)
833 5471 1008 5538 subsequendi]
1022 5471 1054 5522 iis

251 5531 399 5600 obsequendi
406 5557 453 5590 ser.
506 5545 538 5600 (ι)
557 5539 767 5592 essetuendamF
809 5543 842 5608 (ιι)
859 5539 950 5608 paulus
958 5543 1003 5592 ina.
1015 5539 1055 5592 F²

251 5603 285 5666 lt)
301 5619 411 5658 sereser.
463 5609 495 5672 (t)
515 5609 671 5668 sr-Paaz.
681 5611 705 5674 3,
714 5619 770 5674 t,1t
821 5611 854 5672 (ι)
873 5609 1055 5674 etelsuspeetus

252 5683 300 5720 osse
308 5673 474 5736 praesumitur
482 5675 549 5738 qnod
557 5673 625 5728 ultro
632 5675 736 5728 tutelam
744 5675 870 5728 ridebitur
883 5677 1014 5756 affectaque]
1025 5681 1055 5728 nt

251 5743 375 5860 ἓξὲξ
382 5739 670 5876 ἷαὲιιῃὶἳαῗηιιῗῗὸῃιιῗιῖ
674 5743 1055 5878 ςῗξιιεῗῗᾳὲἲίἓνώῧῆἓῗὲ

1107 2599 1121 2644 t
1156 2593 1263 2648 rncrdrt:
1282 2593 1353 2662 quod
1370 2599 1397 2646 et
1413 2593 1531 2648 lulianus
1549 2593 1649 2646 scribit.
1679 2593 1826 2646 Adimendo
1844 2607 1910 2660 quo-

1106 2677 1157 2728 que
1175 2659 1273 2732 aliquid
1282 2665 1302 2696 ¹⁷
1325 2661 1440 2716 incidere
1464 2661 1492 2716 in
1513 2675 1628 2730 poenam
1650 2659 1741 2726 dehet,
1766 2661 1842 2728 quasi
1859 2659 1911 2714 sihi

1105 2729 1206 2798 aliquid
1232 2729 1345 2784 dederit:
1373 2729 1455 2783 veluti
1475 2729 1499 2782 si
1527 2743 1602 2784 serro
1626 2729 1713 2796 legato
1736 2729 1788 2782 sibi
1805 2727 1910 2782 eodem·

1106 2813 1156 2866 qne
1167 2799 1188 2830 ¹⁸
1203 2797 1365 2852 manumisso
1377 2797 1528 2850 libertatern
1546 2811 1596 2850 sua
1609 2811 1690 2850 manu
1705 2795 1833 2850 ademerit
1848 2797 1911 2860 {hoo

1104 2865 1156 2928 ita,
1184 2863 1206 2918 si
1227 2865 1362 2920 voluntate
1385 2863 1519 2920 testatoris
1544 2863 1684 2920 ademerit:
1709 2879 1772 2916 nam
1794 2863 1818 2918 si
1834 2863 1911 2932 iguo-

1104 2937 1182 2986 rantc
1199 2947 1239 2998 eo,
1257 2931 1366 2986 libertas
1380 2931 1500 2996 ralct¹⁹lr
1518 2931 1582 2986 item
1598 2931 1630 2998 si,
1647 2937 1756 2998 rogatus
1770 2931 1911 2986 restituere

1103 2999 1221 3068 legatum
1244 3001 1295 3054 sibi
1316 2999 1491 3068 adscriptum,
1520 2997 1751 3054 fideicommissum
1773 2999 1908 3052 ademerit.

1106 3071 1121 3118 8
1156 3065 1237 3134 Quis
1259 3067 1347 3120 liberti
1364 3065 1574 3134 adsignationem
1591 3081 1641 3120 sua
1662 3081 1742 3120 manu
1760 3065 1909 3136 adscripsit,

1105 3149 1160 3188 non
1181 3133 1280 3198 verbis,
1311 3133 1359 3188 sed
1379 3133 1511 3188 sententia
1534 3139 1642 3188 senatus
1665 3133 1779 3188 consulti
1796 3139 1908 3188 tenetur.

1105 3205 1121 3256 9
1154 3201 1221 3256 Item
1247 3217 1302 3256 non
1329 3201 1479 3256 cosmetur
1505 3199 1592 3254 uerbis
1620 3217 1725 3266 servus,
1755 3201 1800 3268 qui
1823 3201 1911 3256 alieno

1104 3273 1263 3322 testamento
1280 3267 1509 3322 fideicommissum
1526 3267 1676 3322 libertatem
1694 3267 1744 3322 sibi
1761 3267 1909 3336 adscripsit.

1104 3337 1152 3390 sed
1175 3335 1209 3388 de
1231 3337 1312 3390 hoc²1
1340 3341 1429 3404 potest
1450 3335 1592 3402 baesitari,
1614 3335 1751 3404 qnoniam,
1776 3341 1806 3388 ut
1828 3351 1911 3406 supra

1104 3403 1233 3466 diximus,
1257 3407 1366 3456 senatus
1389 3403 1428 3456 ita
1448 3403 1552 3456 demum
1569 3403 1606 3466 ei,
1632 3403 1677 3472 qui
1694 3403 1744 3456 sihi
1761 3403 1911 3456 libertatem

1103 3469 1335 3524 fideicommissum
1346 3469 1375 3524 iu
1388 3475 1545 3524 testamento
1563 3469 1663 3524 domini
1679 3469 1829 3538 adscripsit,
1845 3487 1909 3538 poe·

1104 3551 1166 3590 nam
1188 3537 1302 3600 remisit,
1327 3537 1350 3592 si
1373 3537 1493 3592 domium
1523 3537 1689 3606 subscripsit.
1725 3537 1804 3592 immo
1828 3535 1911 3604 magis

1104 3605 1245 3658 dicendum
1261 3609 1303 3658 est
1319 3607 1391 3660 hunc
1409 3609 1501 3658 contra
1519 3609 1626 3658 senatus
1645 3605 1794 3660 consultum
1811 3605 1910 3668 iacere,

1104 3673 1336 3794 ttbrtllrl
1354 3670 1910 3808 {tribub,tbtlttrllttlltt

1109 3811 1137 3858 ιο
1172 3805 1243 3860 mino
1261 3819 1278 3858 a
1297 3805 1365 3874 quiri
1381 3807 1472 3874 possit.
1499 3805 1528 3862 Si
1540 3807 1752 3862 testamentarius
1770 3823 1845 3862 seruo
1860 3823 1910 3860 suo

1103 3871 1333 3928 fideicommissam
1345 3873 1495 3928 libertatem
1504 3873 1613 3940 dederit,
1628 3873 1771 3938 uideamus,
1787 3889 1821 3926 ne
1835 3879 1911 3928 extra

1104 3955 1218 4008 poenam
1235 3939 1283 4002 sit,
1306 3941 1430 4008 quoniam
1446 3943 1548 3996 nullum
1570 3939 1654 4010 ipsius
1672 3941 1838 3994 commodum
1855 3945 1909 3994 est:

1104 4007 1155 4062 nisi
1172 4007 1231 4062 ideo
1249 4007 1434 4076 adscripserit,
1461 4015 1492 4062 ut
1510 4023 1602 4062 servus
1619 4023 1713 4130 magno
1736 4007 1822 4076 pretio
1840 4007 1907 4062 redi·

1108 4081 1135 4128 ιι
1172 4081 1261 4128 matur
1278 4075 1312 4128 ab
1330 4091 1361 4130 eo
1379 4081 1406 4130 et
1422 4077 1632 4130 manumittatur.
1687 4075 1720 4130 ed
1737 4081 1764 4128 et
1779 4073 1837 4142 ille,
1855 4075 1909 4144 qui,

1105 4159 1166 4196 oum
1179 4141 1249 4198 Titio
1267 4141 1366 4198 fundus
1383 4143 1523 4210 legaretur,
1541 4143 1638 4198 adiecit
1655 4157 1704 4198 sua
1716 4143 1827 4196 ιιιιιιιιιῖ2
1845 4159 1908 4198 con-

1106 4211 1236 4264 dicionem
1252 4211 1381 4278 pecuniae
1399 4213 1449 4265 sibi
1466 4211 1582 4276 dandae,
1607 4211 1636 4264 in
1653 4211 1815 4266 voluntatem
1832 4225 1909 4264 sena-

1107 4285 1137 4332 12
1172 4285 1215 4334 tus
1234 4279 1348 4332 consulti
1364 4279 1464 4334 incidit.
1499 4279 1551 4348 Qui
1568 4283 1656 4332 autem
1672 4277 1808 4332 uoluntate
1825 4279 1910 4346 patris

1106 4363 1134 4402 se
1157 4345 1302 4402 exheredat
1323 4349 1365 4402 rel
1387 4345 1503 4414 legatum
1526 4347 1577 4402 sibi
1593 4345 1697 4412 adimit,
1720 4361 1806 4414 neque
1822 4345 1910 4402 serbis

1105 4419 1213 4468 senatus
1232 4413 1348 4468 consulti
1364 4429 1449 4484 neque
1466 4415 1597 4468 sententia
1616 4413 1774 4468 continetur.

1139 4477 1179 4540 23
1203 4481 1284 4536 Inus:
1307 4483 1374 4538 labro
1403 4483 1539 4564 stupratori
1558 4481 1592 4534 dc
1614 4483 1713 4552 poeuis
1733 4495 1909 4552 papauerum

1105 4549 1175 4618 Quid
1192 4549 1227 4604 sit
1238 4549 1344 4616 fabum,
1363 4555 1510 4618 quaeratur:
1529 4553 1556 4602 et
1569 4547 1672 4604 ridetur
1686 4549 1713 4602 id
1727 4563 1794 4614 esse,
1812 4547 1836 4602 si
1850 4549 1908 4618 quis

1105 4617 1221 4672 alienum
1242 4618 1446 4686 chirographum
1467 4617 1584 4690 Imitetur
1604 4621 1653 4672 aut
1673 4617 1791 4672 libellum
1807 4613 1849 4670 vel
1864 4631 1908 4672 ra·

1104 4687 1190 4740 tiones
1208 4687 1349 4740 intercidat
1364 4687 1406 4742 vel
1420 4685 1559 4750 describat,
1577 4701 1632 4740 non
1649 4685 1695 4754 qui
1711 4685 1777 4738 alias
1793 4685 1823 4738 in
1837 4699 1905 4740 com·

1104 4755 1242 4824 putatione
1259 4753 1301 4808 rel
1316 4753 1346 4808 iu
1361 4753 1465 4808 ratione
1481 4753 1614 4808 mentitur.

1139 4819 1179 4878 24
1198 4821 1350 4876 Scaurum
1367 4821 1434 4878 libro
1451 4821 1593 4876 or'ceurz'mo
1610 4819 1726 4876 secundo
1744 4821 1908 4890 digestorum

1104 4889 1225 4944 Aithales
1248 4905 1353 4954 seruus,
1376 4889 1420 4944 cui
1441 4893 1600 4942 testamento
1617 4889 1700 4942 Betiti
1717 4889 1839 4944 Callinici
1860 4907 1909 4960 per

1104 4957 1335 5014 fideicommissum
1357 4957 1466 5012 libertas
1489 4961 1516 5012 at
1532 4957 1619 5026 portio
1643 4957 1796 5014 hereditatis
1813 4959 1908 5014 relicta

1105 5031 1164 5082 erat
1187 5027 1221 5080 ab
1244 5025 1300 5090 his,
1328 5025 1373 5096 qui
1394 5041 1428 5080 ex
1456 5023 1579 5080 undecim
1605 5025 1772 5096 portionibus
1795 5027 1906 5084 heredes

1105 5101 1182 5150 eraut
1204 5091 1333 5160 instituti,
1361 5093 1497 5164 professus
1519 5097 1560 5148 est
1581 5093 1708 5150 indicium
1730 5095 1803 5166 apud
1820 5095 1907 5152 Maxi·

1104 5163 1203 5218 millam
1220 5163 1302 5218 liliam
1317 5163 1452 5218 testatoris
1469 5175 1503 5218 ux
1520 5167 1596 5232 parte
1613 5163 1768 5220 duodecIma
1784 5165 1908 5220 heredem

1105 5233 1247 5302 scriptam:
1280 5247 1311 5288 se
1337 5247 1418 5302 posse
1446 5231 1561 5302 probare
1592 5229 1690 5288 falsum
1720 5239 1908 5290 testamentum

626 5313 658 5352 us
680 5299 709 5350 in
731 5297 846 5354 solidum
866 5299 978 5356 eandem
998 5317 1056 5356 rem
1105 5299 1188 5356 Betiti
1205 5299 1333 5356 Callinici.
1368 5305 1395 5356 et
1414 5299 1487 5372 apud
1508 5299 1678 5370 magistratus
1695 5301 1908 5374 interrogatusa

1105 5473 1150 5536 (ιιι)
1167 5473 1362 5540 adiuniuugitur
1376 5473 1401 5524 et
1414 5473 1435 5524 is
1448 5471 1493 5538 qui
1507 5473 1553 5538 qui
1568 5473 1594 5524 F
1677 5477 1717 5540 (ιι)
1736 5473 1848 5540 canapis
1861 5493 1907 5524 aar.

1103 5543 1148 5606 (ra)
1165 5543 1311 5610 relegantur
1324 5543 1351 5594 F
1417 5541 1461 5608 (rs)
1479 5539 1634 5592 eximiarum
1649 5539 1686 5592 Ρ
1754 5543 1799 5606 (ιι)
1817 5541 1908 5592 adsum·

1104 5609 1194 5662 batF²
1246 5617 1289 5674 us)
1307 5609 1476 5662 dummodo.
1528 5611 1748 5676 (respuerentur.
1801 5615 1843 5670 (ιι)
1861 5609 1908 5660 ali-

1103 5679 1205 5742 qnando
1218 5699 1264 5732 ser.
1351 5681 1395 5740 (rs)
1413 5675 1541 5742 eidemque
1553 5679 1608 5728 edd.
1700 5677 1743 5734 (ιιι)
1762 5675 1854 5728 valebit
1871 5677 1908 5728 F’

1088 5741 1152 5818 (ιιι)
1169 5747 1272 5800 siblios.
1342 5749 1385 5812 (ir)
1402 5745 1508 5796 nonina.
1577 5749 1623 5808 (22)
1641 5743 1668 5792 in
1678 5745 1722 5794 ius.
1731 5743 1758 5792 F
1760 5745 1770 5776 ²
