4366 6258
277 377 319 424 on
339 375 491 424 sncnnms
948 451 951 454 -
1072 349 1115 426 bl
1818 355 1882 418 ΠΗ
1904 357 1923 420 8

276 541 296 594 si
314 539 495 606 compromisso
512 537 584 592 iacto
602 539 733 592 sententia
750 537 821 590 dicta
838 541 885 600 est,
904 553 955 604 quo
974 537 1066 604 quiea
1118 541 1132 590 2
1167 537 1344 592 intervenerit.
1379 537 1455 608 Quod
1477 537 1515 592 ait
1535 539 1657 606 praetor:
1677 533 1824 602 ‘pecuniam
1849 551 1921 590 com·

277 609 370 662 minore
395 607 483 674 viginti
507 607 621 674 quinque
647 607 722 658 annis
748 607 847 658 tutelae
879 605 1065 668 absolveretur,
1117 605 1322 674 promissam'ss,
1341 609 1462 676 accipere
1478 621 1527 662 nos
1545 605 1652 668 debere,
1678 617 1732 656 non
1750 601 1772 656 si
1789 601 1922 674 utrimque

274 681 356 730 ratum
371 673 431 726 ida
452 681 574 740 praetore
596 689 649 726 non
670 673 834 726 babendum:
858 687 944 742 neque
985 687 1067 726 cenae
1117 687 1203 742 poena
1217 673 1370 738 nummaria,
1388 675 1435 730 sed
1452 675 1475 730 si
1491 681 1519 730 et
1535 673 1587 728 alia
1603 685 1645 726 res
1661 669 1718 724 vice
1734 685 1836 738 poenae
1846 673 1880 736 1⁴,
1899 673 1922 724 si

277 751 285 796 ι
322 757 351 796 eo
379 741 482 794 nomine
504 741 657 794 commissae
682 739 774 806 petitio
800 739 914 794 dabitur.
990 739 1067 792 meisi
1118 739 1176 808 quis
1194 737 1287 792 arbitri
1304 745 1435 800 sententia
1452 759 1506 796 non
1523 739 1625 796 steterit
1634 739 1662 802 ¹⁵,
1679 737 1809 806 promissa
1825 739 1876 792 sit:
1895 743 1924 796 ιι

275 811 396 862 neminem
412 811 518 874 praetor
535 811 612 874 cogat
628 807 783 860 ιιιιιιιιιιιιιιι
800 807 924 874 recipere,
944 807 1067 874 quoniam
1117 809 1156 860 ita
1172 805 1332 874 Pomponius
1350 809 1450 862 scribit.
1478 811 1541 878 quid
1556 823 1632 876 ergo,
1657 805 1681 860 si
1703 819 1744 858 res
1762 805 1834 874 apud
1850 807 1922 860 arbi-

273 879 336 930 haec
357 889 398 928 res
420 873 502 928 libera
524 879 551 926 et
572 873 660 928 soluta
683 879 724 928 est
746 879 773 928 et
790 879 867 928 extra
883 875 1067 928 necessitatem
1118 879 1189 928 trum
1206 873 1341 940 depositae
1358 879 1420 928 sunt
1436 889 1467 930 co
1484 883 1572 956 pacto,
1590 881 1620 932 ut
1636 875 1659 930 ei
1673 871 1747 928 daret
1763 871 1808 940 qni
1821 871 1922 940 vicerit,

272 941 451 998 iurisdictionis
473 943 572 1010 posita,
596 945 713 994 atamen
735 943 782 996 ubi
804 941 885 996 semel
907 941 965 1010 quis
988 941 1017 994 in
1040 957 1068 994 se
1118 943 1159 994 vel
1175 947 1206 994 ut
1223 957 1280 996 eam
1297 955 1352 994 rem
1369 939 1450 1006 tanat,
1469 959 1491 996 ιι
1505 961 1560 1000 uon
1573 949 1699 1014 pareatur
1714 941 1869 1006 sentcntiae,
1887 957 1923 994 an

272 1009 396 1078 receperit
409 1009 552 1072 arbitrium,
570 1009 605 1060 ad
621 1025 712 1062 curam
729 1015 755 1062 et
773 1009 974 1062 sollicitudinem
991 1023 1068 1062 suam
1119 1009 1251 1078 cogendus
1270 1009 1304 1062 sit
1321 1009 1476 1062 sententiam
1494 1011 1601 1066 dicere?
1626 1017 1653 1066 et
1692 1015 1738 1066 uto
1764 1009 1920 1078 cogendum.

272 1079 337 1132 hanc
353 1093 408 1130 rem
423 1075 553 1144 pertinere
569 1081 677 1144 praetor
693 1081 784 1144 putat:
803 1093 857 1128 non
874 1081 978 1128 tantum
996 1075 1067 1144 quod
1118 1075 1274 1128 tantundem
1299 1079 1325 1128 et
1346 1075 1369 1126 ιι
1393 1077 1526 1142 quantitas
1550 1085 1623 1132 certa
1646 1029 1692 1132 ιι1
1703 1081 1755 1132 hoc
1772 1075 1845 1144 apud
1864 1093 1923 1130 eum
1974 1125 1975 1128 ,

273 1143 383 1198 studeret
400 1141 457 1196 lites
481 1141 562 1206 liniri,
586 1159 675 1196 verum
694 1143 819 1210 quoniam
835 1143 907 1196 ιιοιι2
924 1141 1068 1196 ιιιιιιιιιιι3
1119 1141 1275 1210 deponatur.
1301 1141 1412 1210 proinde
1430 1147 1456 1194 ιι
1474 1143 1496 1194 ιι
1514 1143 1579 1198 alter
1600 1163 1669 1210 rem,
1694 1147 1761 1200 alter
1783 1143 1923 1214 pecuniam

272 1211 365 1280 decipi,
389 1211 432 1278 qui
455 1225 513 1264 eum
538 1211 613 1278 quasi
635 1211 719 1264 virum
740 1211 840 1264 bonum
863 1209 1068 1278 disceptatorem
1119 1211 1257 1280 stipulanti
1278 1209 1442 1278 promiserit,
1464 1209 1572 1278 plenum
1594 1215 1810 1282 compromissum
1833 1217 1873 1266 est
1897 1219 1924 1264 et

271 1283 335 1334 inter
351 1295 378 1332 se
395 1279 531 1346 elegerunt.
557 1277 627 1346 finge
643 1279 711 1330 enim
723 1283 786 1346 post
800 1293 908 1332 causam
921 1279 975 1330 iam
988 1279 1068 1330 semel
1119 1283 1133 1332 3
1170 1283 1278 1346 cogetur
1295 1279 1452 1332 sententiam
1469 1277 1565 1330 dicere.
1599 1279 1743 1348 Interdum,
1760 1289 1791 1336 ιιι
1808 1281 1923 1348 Pompo-

272 1353 345 1414 atqne
361 1345 454 1398 itemm
468 1349 617 1408 tractatam,
634 1349 696 1412 post
709 1345 809 1398 nudata
822 1345 961 1412 utriusque
974 1345 1068 1398 intima
1118 1345 1178 1398 nius
1196 1345 1295 1408 scribit,
1313 1351 1384 1398 recte
1401 1343 1472 1396 nudo
1490 1349 1570 1412 pacto
1586 1343 1633 1398 fiet
1650 1349 1874 1416 compromissum,
1892 1351 1925 1400 ut

272 1421 296 1468 et
308 1417 406 1466 secreta
419 1411 515 1478 negotii
532 1417 630 1480 aperta,
650 1411 777 1464 arbitrum
790 1411 831 1464 rel
845 1413 946 1480 gratiae
962 1411 1067 1464 dantem
1117 1417 1185 1480 puta
1208 1411 1230 1464 si
1253 1413 1330 1464 ambo
1355 1411 1485 1464 debitores
1508 1411 1617 1464 fuerunt
1640 1417 1666 1464 et
1687 1417 1760 1480 pacti
1786 1421 1863 1480 sunt,
1889 1429 1924 1468 ne

271 1481 309 1534 vel
324 1477 441 1532 sordibus
461 1483 613 1546 corruptum
628 1477 669 1530 vel
686 1477 738 1530 alia
761 1493 814 1546 qua
837 1495 870 1532 ex
893 1493 975 1532 causa
997 1479 1067 1532 nolle
1117 1483 1194 1548 petat
1214 1477 1286 1548 quod
1308 1477 1359 1532 sibi
1382 1477 1493 1532 debetur
1516 1477 1560 1546 qui
1583 1481 1729 1534 sententiae
1752 1483 1845 1536 arbitri
1868 1497 1923 1534 non

271 1547 420 1600 sententiam
436 1545 536 1598 dicere:
554 1545 726 1614 quisquamne
742 1549 831 1612 potest
847 1561 945 1614 negare
962 1547 1066 1613 aequis·
1118 1551 1134 1600 4
1168 1545 1265 1614 pererit.
1292 1547 1359 1600 item
1375 1545 1494 1600 Iulianus
1512 1543 1605 1598 scribit
1620 1559 1674 1598 non
1691 1549 1838 1614 cogendum
1855 1549 1924 1602 arbi-

270 1615 358 1666 simum
377 1611 436 1666 iore
458 1617 606 1680 praetorem
627 1613 795 1680 interponere
819 1627 848 1666 se
866 1615 1014 1678 detumeat,
1037 1617 1067 1666 ut
1117 1617 1188 1666 trum
1202 1615 1359 1672 sententiam
1373 1613 1469 1676 diemo,
1487 1611 1509 1666 si
1523 1611 1590 1666 alter
1604 1611 1761 1680 promiserit,
1778 1615 1846 1670 alter
1860 1633 1923 1670 non.

271 1687 284 1732 ι
317 1677 432 1732 officium
455 1679 525 1748 quod
546 1681 573 1732 in
591 1695 620 1732 se
636 1681 892 1748 recepitimpleret?
925 1681 972 1732 Ait
988 1695 1065 1748 prae·
1121 1681 1136 1732 5
1162 1677 1236 1732 Idem
1252 1679 1323 1744 dicit,
1341 1681 1368 1730 et
1384 1677 1407 1730 si
1423 1677 1473 1732 snb
1489 1675 1644 1732 condicione
1655 1673 1737 1732 fucrit
1750 1691 1837 1746 poena
1852 1699 1923 1736 com·

269 1753 321 1800 tor:
339 1747 395 1812 ‘Qui
413 1747 548 1800 arbitrium
570 1747 684 1816 pecunia
707 1747 897 1816 compromissa
918 1747 1065 1816 receperit'.
1117 1747 1254 1814 promissa,
1272 1747 1353 1800 veluti
1370 1747 1402 1800 ‘si
1418 1749 1493 1800 navis
1512 1761 1544 1798 ex
1560 1747 1625 1798 Asia
1642 1745 1755 1806 venerit,
1773 1751 1814 1798 tot
1830 1748 1924 1802 milia’:

270 1819 283 1868 3
316 1813 467 1868 Tractemus
491 1813 524 1866 de
544 1813 665 1882 personis
689 1813 883 1866 arbitrantium.
911 1819 938 1866 et
961 1813 1066 1884 quidem
1117 1831 1173 1868 non
1197 1815 1265 1868 enim
1287 1813 1360 1882 prius
1383 1813 1512 1868 arbitrum
1535 1813 1680 1882 cogendum
1703 1813 1860 1866 sententiam
1886 1815 1925 1868 di-

268 1881 389 1934 arbitrum
412 1881 599 1948 cuiuscumque
625 1881 758 1948 dignitatis
782 1887 857 1948 coget
881 1879 970 1936 officio
995 1881 1067 2000 quod
1118 1897 1193 1944 cere,
1212 1897 1292 1948 quam
1309 1881 1429 1936 condicio
1448 1881 1592 1936 exstiterit:
1616 1895 1650 1934 ne
1667 1879 1701 1932 sit
1717 1877 1842 1932 inefficax
1860 1879 1926 1934 defi-

268 1949 406 2016 susceperit
422 1947 555 2016 perfungi,
575 1947 676 2002 etiamsi
693 1947 729 2000 sit
749 1947 907 2002 consularis:
926 1949 977 2002 nisi
1009 1953 1066 2002 orte

267 2015 300 2068 sit
315 2015 340 2066 in
356 2015 442 2082 aliquo
461 2017 617 2082 magistratu
634 2015 735 2082 positus
753 2015 795 2068 vel
812 2019 952 2082 potestate,
972 2015 1066 2070 consul

267 2081 330 2200 {urg-e
352 2083 391 2134 vel
413 2088 534 2150 praetor,
560 2083 685 2150 quoniam
709 2083 738 2134 in
760 2083 831 2134 hoc5
848 2083 985 2150 imperium
1010 2097 1065 2136 non

285 2153 350 2200 aet.

298 2215 447 2270 ιΡιιιιιιι
467 2215 534 2268 libro
560 2217 638 2268 tertio
661 2215 761 2268 decimo
786 2215 824 2268 cd
846 2215 961 2270 edictum
995 2215 1065 2268 Nam

266 2281 426 2348 magistratus
451 2283 585 2348 superiore
611 2287 659 2334 ant
680 2281 739 2350 pari
761 2281 872 2350 imperio
896 2281 1063 2336 nullomodo

266 2353 369 2416 possunt
384 2347 453 2416 cogi:
469 2363 518 2402 nec
531 2349 643 2402 interest
656 2353 718 2402 ante
732 2349 821 2402 acme
835 2349 894 2418 ipso
908 2351 1064 2418 magistratu

265 2415 395 2468 arbitrium
413 2417 584 2484 susceperint.
610 2415 748 2470 inferiores
765 2421 879 2484 possunt
897 2417 962 2484 cogi.

296 2481 312 2536 5
336 2481 477 2536 Uarianos
497 2485 564 2536 libro
588 2485 666 2538 tertio
691 2483 792 2538 decimo
810 2483 847 2536 od
863 2483 976 2536 edictam
1011 2483 1064 2536 Sed

263 2555 289 2602 et
306 2547 372 2602 filius
388 2547 501 2602 familias
519 2551 700 2616 compelletur.

296 2611 312 2670 6
332 2615 420 2668 Gerus
434 2615 502 2670 libro
517 2617 610 2686 quinio
625 2617 663 2668 ad
675 2617 789 2670 edictum
824 2617 969 2670 rovincc‘alc
995 2615 1064 2682 Quin

264 2683 337 2734 etiam
359 2683 391 2734 de
412 2697 441 2734 re
464 2683 547 2752 patris
572 2681 668 2736 dicitur
689 2683 772 2736 filium
808 2683 909 2736 amilias
935 2683 1063 2736 arbitrum

264 2765 317 2810 esse
333 2749 441 2816 possei:
467 2767 529 2802 nam
546 2755 573 2804 et
588 2749 702 2804 indicem
721 2767 780 2804 eum
798 2765 856 2804 esse
872 2767 952 2818 posse
969 2749 1062 2820 pleris-

264 2833 310 2884 que
326 2817 418 2884 placet.

296 2881 312 2938 7
331 2885 471 2938 llusrmvus
482 2881 549 2934 libro
566 2883 644 2934 tertio
660 2881 760 2936 decimo
775 2883 813 2936 ad
824 2883 939 2938 edictam
964 2883 1062 2938 Pedius

263 2949 323 3004 libro
341 2965 408 3004 nono
426 2953 453 3004 ct
465 2947 628 3016 Pomponius
645 2949 713 3002 libro
731 2951 882 3016 trigessimo
901 2951 978 3004 tertio
997 2951 1062 3004 scri·

263 3019 324 3070 bunt
348 3017 420 3086 parvi
442 3015 553 3080 referre,
579 3015 710 3084 ingennus
734 3017 792 3086 quis
810 3031 846 3070 an
863 3017 1001 3070 libertinus
1020 3019 1062 3082 sit,

262 3083 371 3152 integrae
392 3083 479 3136 famae
496 3083 573 3152 ιιιιιι8
590 3083 624 3136 ιιι
642 3085 742 3136 arbiter
759 3099 795 3136 an
811 3085 1008 3152 ignominiosus.
1034 3085 1062 3136 in

261 3165 358 3204 servum
372 3151 462 3204 Labeo
479 3151 656 3218 compromitti
669 3165 724 3202 non
740 3165 820 3218 posse
836 3151 904 3202 libro
922 3151 1062 3204 undecimo

264 3223 274 3268 l
308 3217 409 3270 scribit:
435 3223 462 3270 et
480 3221 520 3270 est
536 3231 634 3270 verum.
669 3217 747 3270 Unde
770 3217 890 3270 Iulianus
914 3217 965 3282 ιιι,
989 3217 1013 3270 ιι
1034 3217 1064 3268 in

260 3283 353 3338 Titium
370 3289 396 3338 et
413 3299 516 3338 servum
535 3283 753 3352 compromissum
771 3283 813 3348 ιιι,
832 3299 882 3336 nec
899 3283 998 3336 Titium
1017 3299 1062 3338 co-

260 3351 366 3418 gendum
380 3351 537 3406 sententiam
553 3351 648 3416 dicere,
668 3351 731 3418 quia
749 3367 810 3404 cum
824 3351 877 3404 alio
899 3351 1062 3418 receperiti:

260 3421 369 3484 quamvis
393 3419 473 3482 servi,
497 3417 596 3484 inquit,
620 3417 774 3478 arbiterium
798 3419 900 3470 nullum
923 3419 966 3472 ιιι.
1001 3417 1063 3486 quid

261 3493 342 3538 tamen
359 3487 381 3538 si
398 3485 493 3538 dixerit
510 3487 668 3538 sententiam
686 3487 793 3538 Titius?
810 3501 898 3552 poena
916 3501 971 3538 non
989 3501 1062 3538 com·

260 3553 372 3616 mittitur,
391 3553 532 3620 quianon,
550 3557 581 3606 ut
597 3553 737 3622 receperit,
756 3553 822 3604 dixit
839 3553 1009 3606 sententiam.

293 3617 441 3676 Seianas
456 3619 525 3674 libro
543 3621 621 3672 tertio
640 3621 741 3674 decimo
760 3619 798 3672 od
814 3619 929 3674 edictum
965 3619 1017 3672 Sed
1040 3619 1062 3670 si

260 3687 294 3742 ita
319 3687 532 3754 compromissum
554 3687 604 3752 sit,
632 3693 663 3740 ut
684 3687 726 3740 vel
750 3685 906 3740 alterutrius
930 3687 1063 3740 sententia

260 3755 347 3818 valeat,
365 3755 461 3808 Titium
479 3753 632 3822 cogendum.

291 3819 308 3878 9
330 3821 472 3876 Ucrrrrvos
487 3821 554 3874 libro
572 3823 650 3874 tertio
674 3823 777 3876 decim
799 3821 837 3874 ad
859 3821 974 3874 edictccrn
1010 3821 1063 3874 Sed

260 3889 313 3942 siin
323 3905 489 3942 servumcom
508 3889 662 3940 remittatur
671 3889 774 3942 etliber
783 3889 942 3940 sententiam
957 3887 1061 3952 dixerit,

258 3961 332 4022 puto,
356 3955 378 4008 si
400 3955 467 4008 liber
483 3905 571 4008 ιιιιιιιι
588 3955 713 4010 iecerit²⁰
731 3955 960 4008 consentientibus
977 3953 1062 4022 parti-

260 4027 270 4074 t
304 4023 360 4086 bus,
377 4023 471 4076 valere.
505 4021 558 4076 Sed
575 4037 661 4090 neque
677 4021 706 4076 in
722 4021 854 4090 pupillum
870 4035 957 4090 neque
974 4021 1002 4074 in
1018 4021 1062 4074 fu·

258 4091 349 4144 riosum
366 4093 413 4142 aut
434 4087 544 4144 surdum
566 4093 615 4144 aut
638 4093 742 4144 mutum
766 4089 1008 4156 compromittetur,
1031 4093 1063 4142 ut

258 4157 492 4236 ιἰιιιιιιιιιιιιι11
516 4157 586 4236 librq
610 4157 763 4236 trigcnsimo
787 4157 866 4236 tertio
890 4157 990 4236 scribit.
1033 4155 1062 4210 Si

257 4225 472 4356 cultelli
488 4225 1063 4360 ,ttttttcttlttctttttuttitt

257 4357 330 4410 Iulia:
349 4363 373 4410 ιι
390 4359 413 4412 ιι
429 4359 588 4412 sententiam
605 4357 709 4424 dixerit,
727 4375 782 4412 non
800 4365 842 4412 est
859 4359 948 4412 danda
957 4361 980 4392 ¹²
996 4373 1061 4428 poe-

257 4429 270 4476 3
302 4441 350 4478 nae
366 4425 524 4492 persecutio.
560 4425 629 4480 Sunt
647 4431 673 4480 et
697 4425 756 4492 alii,
782 4427 828 4492 qni
850 4441 905 4480 non
929 4431 1062 4496 coguntur

256 4493 406 4546 sententiam
428 4493 530 4558 dicere,
554 4497 585 4546 ut
606 4499 673 4562 puto
696 4495 720 4546 si
741 4493 835 4546 sordes
858 4499 906 4546 aut
922 4493 1060 4562 turpitudo

257 4561 270 4610 4
302 4559 391 4612 arbitri
407 4559 549 4614 manifesta
566 4561 609 4614 sit.
645 4561 765 4614 Iulianus
784 4561 836 4626 ait,
861 4561 885 4616 si
907 4575 969 4614 eum
989 4561 1059 4614 inia-

257 4633 386 4678 maverunt
408 4627 566 4696 litigatores,
590 4643 645 4682 non
669 4627 821 4684 omnimodo
845 4633 996 4696 praetorem
1013 4627 1059 4682 de·

256 4697 275 4770 5·
302 4693 361 4748 bere
380 4709 438 4748 eum
457 4711 600 4760 excusare,
618 4693 667 4750 sed
684 4711 768 4750 causa
786 4697 902 4766 cognita.
935 4697 1011 4750 Idem
1034 4701 1062 4750 et

255 4775 277 4812 ιι
293 4775 304 4814 ι
322 4767 378 4814 reta
395 4763 554 4818 anctoritate
572 4763 627 4816 eius
647 4763 682 4816 ad
698 4763 825 4818 iudicium

281 4777 324 4906 Ιιιι
348 4829 466 4884 Plutus
491 4831 559 4886 libro
584 4831 662 4884 terito
685 4831 789 4888 decimo
812 4831 850 4886 ad
871 4831 986 4888 edictum
1019 4831 1061 4886 vel

255 4895 331 4948 alum
348 4897 475 4950 arbitrum

289 4961 321 5018 ll
347 4963 490 5018 narraras
505 4965 573 5020 libro
591 4965 669 5018 tertio
687 4965 790 5020 decimo
807 4965 846 5020 ad
863 4965 976 5020 edictam
1007 4965 1061 5018 liti·

255 5035 354 5092 gatores
377 5031 469 5094 ierint,
494 5047 557 5086 mox
580 5031 615 5084 ad
639 5031 753 5086 eundem
779 5033 909 5086 arbitrum
925 5031 1061 5098 redierint,

255 5103 396 5160 praetorem
412 5113 467 5152 non
484 5097 580 5152 debere
598 5113 659 5152 eum
676 5113 771 5166 cogere
794 5099 864 5152 inter
888 5115 933 5154 eos
957 5099 1062 5168 discep-

254 5167 315 5230 tare,
332 5165 375 5234 qui
393 5165 417 5218 ei
434 5167 620 5220 contumeliam
632 5167 703 5218 hanc
717 5165 849 5230 fecerunt,
866 5171 898 5218 ut
912 5181 972 5220 eum
986 5183 1062 5234 sper-

258 5233 266 5278 l
301 5239 391 5284 nerent
408 5239 434 5286 et
452 5233 486 5286 ad
503 5233 584 5288 alium
600 5233 678 5288 ιιιιιι.
705 5233 844 5286 Arbitrum
861 5237 951 5286 autem
965 5249 1061 5300 cogen-

254 5295 312 5350 dum
328 5315 381 5352 non
399 5313 456 5354 csse
474 5301 633 5354 sententiam
650 5299 753 5364 dicere,
771 5299 824 5354 nisi
842 5299 1061 5368 compromissum

1118 1949 1203 2000 ciente
1221 1947 1382 2014 condicione.
1411 1951 1437 2002 ιι
1453 1949 1491 2000 ιιι
1507 1947 1669 2014 Pomponius
1686 1945 1753 2000 libro
1772 1945 1924 2014 trigensimo

1116 2015 1196 2068 tertio
1214 2015 1248 2068 ad
1267 2015 1382 2068 edictum
1399 2015 1499 2068 scribit.

1153 2077 1191 2136 12
1209 2081 1328 2134 Pronus
1343 2083 1410 2136 libro
1435 2083 1512 2134 tertio
1535 2081 1635 2134 decimo
1659 2079 1697 2134 cd
1717 2079 1833 2134 edictam
1868 2077 1925 2146 Quo

1117 2163 1182 2202 casn
1200 2149 1235 2202 ad
1251 2153 1400 2218 praetorem
1417 2149 1559 2218 pertinebit
1575 2149 1603 2200 in
1621 2161 1651 2202 co
1668 2145 1782 2200 forsitan
1799 2147 1866 2208 solo,
1884 2153 1924 2212 ut,

1116 2215 1139 2268 si
1175 2215 1241 2268 ossit
1258 2215 1314 2268 dies
1332 2231 1390 2268 com
1410 2215 1515 2270 remissi
1530 2215 1651 2284 proferri,
1669 2215 1830 2282 proferetur.

1151 2233 1188 2338 l3
1214 2281 1358 2336 Unrrnrcs
1370 2233 1437 2336 ltlrc
1453 2283 1533 2336 icrtc'o
1547 2281 1648 2334 decim
1658 2281 1695 2334 ad
1703 2281 1818 2336 edictum
1846 2281 1925 2332 Pom-

1115 2349 1212 2416 pocius
1236 2349 1288 2412 ait,
1312 2353 1339 2402 ct
1361 2349 1383 2402 si
1401 2349 1478 2402 alteri
1496 2353 1606 2416 accepto
1624 2349 1679 2402 lata
1696 2347 1731 2400 sit
1747 2363 1836 2416 poena
1854 2363 1926 2400 com-

1115 2415 1247 2484 promissi,
1265 2431 1320 2470 non
1335 2415 1431 2468 debere
1445 2431 1505 2470 eum
1521 2417 1642 2482 compelli
1655 2417 1813 2470 sententiam
1829 2415 1926 2468 dicere.

1118 2491 1128 2536 ι
1166 2483 1239 2536 Idem
1256 2483 1419 2550 Pomponius
1437 2483 1543 2546 scribit,
1563 2483 1585 2536 si
1602 2483 1635 2536 de
1652 2483 1717 2536 ιιιιι
1736 2483 1799 2536 solis
1819 2489 1927 2536 contro-

1115 2551 1206 2602 versiis
1224 2551 1259 2602 sit
1277 2549 1495 2616 compromissum
1514 2555 1539 2602 et
1557 2549 1589 2602 de
1606 2555 1632 2602 te
1649 2563 1763 2618 poenam
1777 2549 1827 2602 sim
1842 2549 1928 2616 stipu-

1115 2617 1200 2680 latus,
1225 2615 1367 2668 videndum
1383 2631 1418 2668 ne
1434 2631 1488 2670 uon
1505 2617 1541 2670 sit
1558 2615 1785 2684 compromissum.
1814 2617 1860 2668 sed
1885 2617 1928 2668 cui

1115 2685 1153 2736 rei
1170 2689 1315 2748 moveatur,
1334 2699 1389 2736 non
1404 2683 1493 2738 mdes:
1512 2699 1574 2736 nam
1591 2683 1614 2736 si
1631 2683 1698 2746 ideo,
1718 2683 1780 2752 quia
1798 2683 1831 2736 de
1848 2683 1928 2738 unius

1116 2751 1302 2804 controversiis
1326 2751 1412 2806 solum
1438 2751 1656 2818 compromissum
1680 2755 1732 2816 est,
1759 2751 1834 2804 ncilla
1858 2751 1927 2806 ratio

1116 2821 1170 2872 est:
1193 2819 1257 2872 licet
1275 2819 1344 2872 eninr
1362 2821 1388 2872 et
1405 2819 1437 2870 de
1454 2833 1509 2870 una
1526 2833 1554 2872 re
1572 2819 1799 2884 compromittere:
1824 2817 1927 2872 sivero

1114 2883 1188 2948 ideo,
1207 2885 1269 2952 quia
1288 2899 1320 2936 ex
1337 2885 1422 2938 altera
1439 2885 1578 2938 dumtaxat
1594 2891 1671 2952 parte
1689 2885 1825 2952 stipulatio
1844 2885 1928 2938 iuter-

1114 2951 1194 3014 venit,
1213 2955 1253 3004 est
1269 2951 1371 3004 ration.
1390 2965 1549 3018 quamquam
1568 2951 1590 3004 si
1606 2951 1704 3018 petitor
1720 2953 1798 3004 iuit1⁷
1817 2951 1863 3020 qui
1880 2953 1928 3004 sti-

1114 3017 1221 3084 pulatus
1247 3023 1301 3082 ιιι,
1324 3019 1410 3084 possit
1427 3019 1480 3070 dici
1496 3019 1604 3084 plenum
1622 3033 1679 3072 esse
1698 3019 1926 3084 compromissum,

1115 3085 1178 3160 quia
1199 3083 1223 3136 is
1241 3085 1289 3152 qui
1314 3085 1470 3138 convenitur
1487 3089 1563 3136 tutus
1580 3089 1623 3136 ιιι
1640 3085 1722 3138 veluti
1738 3085 1812 3152 pacti
1830 3099 1928 3152 excep-

1113 3157 1193 3214 tione,
1211 3151 1234 3202 is
1253 3151 1298 3218 qui
1316 3151 1446 3214 convenit,
1465 3151 1487 3204 si
1505 3151 1603 3204 arbitro
1622 3167 1676 3206 non
1693 3157 1827 3218 pareatur,
1846 3151 1928 3204 habet

1115 3217 1320 3284 stipulationem.
1348 3217 1395 3270 sed
1411 3217 1438 3270 id
1461 3233 1552 3270 verum
1574 3233 1632 3272 csse
1655 3233 1710 3270 non
1751 3223 1813 3270 uto:
1841 3235 1928 3286 neque

1115 3285 1183 3336 enim
1200 3283 1302 3336 sufficit
1318 3283 1500 3352 exceptionem
1517 3285 1631 3348 babere,
1655 3289 1686 3336 ut
1703 3235 1803 3338 arliter
1821 3291 1928 3338 senten·

1115 3355 1129 3404 2
1163 3351 1230 3404 tiam
1255 3351 1342 3404 dicere
1360 3357 1476 3418 cogatur.
1511 3351 1655 3418 Recepissc
1678 3355 1766 3404 autem
1790 3353 1929 3406 arbitrium

1113 3417 1225 3482 videtur,
1243 3423 1274 3472 ut
1288 3417 1387 3472 Pedius
1404 3419 1471 3472 libro
1490 3433 1559 3472 nono
1578 3419 1650 3484 dicit,
1669 3419 1714 3486 qui
1727 3419 1821 3472 iudicis
1835 3423 1929 3498 partes

1114 3485 1232 3554 suscepit
1248 3485 1380 3554 finemque
1397 3501 1427 3538 se
1444 3501 1494 3540 sua
1517 3487 1647 3538 sententia
1670 3487 1855 3540 controversiis
1878 3487 1927 3538 im-

1113 3553 1263 3620 positurum
1271 3553 1420 3620 pollicetur.
1448 3553 1520 3622 quod
1538 3553 1567 3616 si,
1585 3553 1678 3622 inquit,
1696 3553 1827 3608 hactenus
1844 3555 1928 3606 inter-

1113 3619 1197 3682 venit,
1217 3625 1247 3672 ut
1265 3619 1440 3688 experiretur,
1460 3635 1495 3672 an
1514 3621 1622 3674 consilio
1641 3637 1689 3674 suo
1707 3621 1749 3674 vel
1767 3621 1929 3674 auctoritate

1115 3687 1211 3740 discuti
1233 3687 1307 3740 litem
1329 3691 1500 3754 paterentur,
1525 3703 1579 3742 non
1602 3687 1706 3742 videtur
1728 3689 1868 3742 arbitrium
1886 3705 1927 3742 re-

1114 3757 1129 3808 3
1165 3755 1274 3822 cepisse.
1310 3755 1418 3808 Arbiter
1442 3769 1475 3808 ex
1493 3757 1680 3822 compromisso
1699 3757 1740 3810 his
1759 3755 1853 3810 diebus
1872 3773 1929 3810 non

1115 3821 1218 3888 cogitur
1235 3823 1392 3874 sententiam
1411 3821 1506 3886 dicere,
1526 3823 1620 3890 quibus
1637 3823 1719 3876 iudex
1735 3839 1790 3878 uon
1809 3829 1928 3892 cogetur,

1113 3889 1164 3940 nisi
1188 3889 1243 3942 dies
1262 3889 1443 3956 compromissi
1462 3889 1565 3942 exitura
1583 3889 1617 3942 sit
1634 3907 1683 3944 nec
1700 3889 1816 3958 proferri
1833 3891 1927 3958 possit.

1113 3961 1130 4008 4
1163 3955 1280 4010 Proinde
1298 3957 1320 4008 si
1337 3955 1407 4010 forte
1424 3961 1569 4026 urguentur
1586 3973 1602 4010 a
1619 3961 1744 4024 praetore
1761 3957 1797 4010 ad
1820 3963 1928 4012 senten-

1112 4021 1186 4086 tiam,
1205 4023 1392 4090 aequissimum
1407 4025 1464 4090 erit,
1484 4025 1506 4078 si
1519 4023 1590 4078 iuret
1604 4025 1656 4078 sibi
1671 4023 1704 4078 de
1718 4023 1929 4078 causanondum

1112 4089 1222 4158 liquere,
1241 4091 1358 4160 spatium
1375 4091 1399 4144 ei
1417 4091 1451 4144 ad
1467 4091 1693 4162 pronuntiandum
1712 4091 1807 4144 dari¹⁸.

1150 4153 1188 4214 14
1206 4155 1379 4212 Ponromcs
1390 4159 1459 4214 libro
1474 4159 1613 4214 :undecimo
1623 4159 1661 4212 aci
1668 4157 1796 4222 Quintum
1805 4155 1929 4210 Mucium

1114 4225 1167 4278 Sed
1181 4223 1204 4278 si
1220 4225 1439 4294 compromissum
1454 4227 1511 4282 sine
1526 4225 1569 4280 die
1583 4225 1734 4282 confectum
1751 4229 1800 4300 est,
1818 4237 1930 4300 necesse

1113 4297 1155 4346 est
1172 4293 1272 4348 arbitro
1296 4293 1446 4348 omnimodo
1471 4295 1704 4354 dissertatore,
1728 4289 1853 4360 partibus
1877 4305 1929 4342 scr-

1113 4359 1177 4412 dccc
1194 4361 1432 4426 consentientibus,
1451 4363 1533 4414 etita
1551 4375 1660 4414 causam
1678 4357 1838 4424 disceptari:
1857 4357 1931 4426 quod

1114 4427 1137 4480 si
1144 4427 1197 4480 lroc
1206 4429 1422 4494 praetermiserit,
1439 4427 1645 4496 omnitempore
1661 4423 1794 4490 cogendus
1811 4429 1853 4476 est
1868 4439 1930 4478 sen-

1113 4495 1225 4548 tentiam
1243 4495 1339 4548 dicere.
1760 4555 1761 4558 Ἰ

1150 4559 1188 4618 15
1211 4561 1358 4616 Uarianos
1364 4561 1431 4616 libro
1440 4561 1518 4614 tercio
1534 4559 1635 4614 dcccmo
1649 4555 1686 4612 od
1700 4557 1818 4612 edictam
1851 4557 1930 4614 Licet

1113 4633 1203 4684 autem
1217 4633 1326 4698 praetor
1341 4627 1467 4684 destricte
1482 4627 1570 4678 edicat
1579 4623 1738 4678 senteutiam
1754 4639 1783 4704 se
1798 4627 1929 4680 arbitrum

1113 4697 1201 4752 dicere
1225 4701 1393 4760 coacturum,
1418 4699 1537 4748 attamen
1559 4693 1691 4746 interdum
1713 4697 1846 4748 rabonem
1871 4695 1929 4750 eius

1111 4765 1212 4818 babere
1227 4765 1307 4816 debet
1321 4769 1347 4816 ct
1361 4761 1559 4816 excusationem
1574 4759 1692 4828 recipere
1708 4777 1792 4816 causa
1806 4763 1928 4832 cognita:

1112 4837 1144 4886 ιιι
1160 4835 1227 4910 puta
1244 4831 1267 4884 si
1283 4829 1365 4882 fuerit
1381 4829 1526 4882 infamatus
1544 4843 1561 4880 a
1577 4827 1763 4898 litigatoribus,
1781 4835 1829 4884 aut
1844 4831 1866 4884 si
1877 4831 1928 4884 ini-

1113 4897 1229 4954 micitiae
1238 4897 1366 4966 capitales
1374 4897 1445 4948 inter
1454 4909 1514 4948 eum
1523 4899 1551 4948 et
1557 4897 1704 4964 litigatores
1713 4897 1737 4930 ²⁰
1751 4903 1800 4952 aut
1814 4899 1928 4952 alterum

1114 4981 1147 5020 ex
1163 4963 1341 5032 litigatoribus
1358 4963 1566 5026 intercesserint,
1590 4969 1638 5016 aut
1655 4963 1678 5018 si
1695 4969 1770 5020 aetas
1789 4971 1837 5018 aut
1854 4965 1928 5020 vale-

1112 5031 1178 5086 tudo
1196 5045 1266 5098 quae
1282 5035 1377 5100 postea
1394 5029 1505 5098 contigit
1521 5029 1550 5084 id
1567 5029 1590 5086 ei
1607 5047 1702 5086 munus
1720 5035 1854 5098 remittat,
1880 5037 1929 5086 aut

1112 5099 1255 5168 occupatio
1279 5097 1446 5166 negotiorum
1468 5097 1638 5168 propriorum
1659 5101 1701 5154 rel
1724 5099 1857 5170 profectio
1880 5101 1927 5152 ur-

1112 5167 1195 5236 guens
1214 5171 1262 5220 ant
1277 5179 1374 5218 munus
1392 5163 1500 5232 aliquod
1514 5165 1554 5220 rei
1565 5167 1703 5236 publicae:
1722 5173 1749 5222 et
1763 5169 1803 5222 ita
1817 5167 1926 5222 Labeo:

1150 5231 1188 5290 16
1207 5233 1326 5286 Pronus
1348 5233 1416 5286 libro
1440 5235 1519 5288 tertio
1543 5233 1644 5290 decimo
1662 5235 1701 5290 ad
1717 5235 1833 5290 edictum
1860 5239 1887 5288 et
1904 5235 1928 5290 si

1115 5317 1168 5368 qua
1186 5299 1239 5354 alia
1255 5297 1459 5360 incommoditas
1478 5301 1582 5372 etpost
1598 5303 1754 5358 arbiterium
1772 5305 1928 5370 susceptum

254 5533 281 5596 (ι)
299 5535 491 5588 arbiteriumF¹
566 5539 599 5598 (ιι
617 5537 801 5598 nonS‚onr.F
875 5537 907 5598 (t)
926 5533 1063 5584 deheretF
1112 5537 1152 5596 (ιιι
1170 5535 1408 5600 pomponponinsF
1490 5543 1533 5602 (ιι)
1553 5539 1683 5590 dondacF
1756 5539 1799 5600 (13)
1817 5503 1929 5600 pecnnia

254 5601 283 5660 (4)
302 5601 414 5654 debuisse
424 5605 471 5656 del.
482 5605 543 5656 Hct.
653 5605 685 5668 (5)
704 5605 784 5656 hosS

253 5671 284 5728 (ι)
302 5671 501 5734 posscS,om.F
590 5673 641 5736 ’(8)
661 5671 741 5734 quin*
857 5673 891 5734 (ι)
909 5665 1059 5734 recepitll'2

254 5743 296 5796 lte)
314 5739 400 5788 fecerit
419 5741 443 5788 F
450 5741 459 5770 ¹
491 5737 612 5800 inceperit
636 5737 678 5790 F²
710 5737 836 5792 receneris
860 5737 889 5798 S,
913 5737 993 5800 egerit
1011 5755 1059 5788 scr.

893 5603 927 5668 (t)
944 5601 973 5650 in
983 5619 1027 5652 om.
1037 5603 1063 5650 F
1112 5605 1290 5666 compromissa
1301 5605 1356 5656 add.

1468 5609 1511 5672 (14)
1530 5605 1647 5672 poenali
1745 5607 1788 5672 (ιι)
1806 5599 1928 5650 stetitF¹

1113 5671 1157 5734 (tt)
1175 5669 1224 5720 int.
1235 5673 1274 5720 ιιι
1283 5671 1318 5734 (ιι
1328 5671 1404 5722 altero
1415 5675 1478 5738 loco)
1487 5675 1554 5728 ratio
1564 5677 1601 5724 ιιι
1609 5673 1636 5722 F
1690 5673 1733 5732 (ιι)
1751 5669 1802 5716 ιἰιιι
1811 5669 1841 5732 S,
1851 5665 1935 5734 ιιι.ΙῖΙ

1112 5737 1158 5804 (48)
1178 5737 1258 5786 darF
1302 5737 1349 5788 trel
1367 5739 1434 5788 diem
1443 5743 1500 5792 dccc.
1546 5737 1768 5804 (colligaturam
1867 5797 1868 5800 Ἴ

1684 5815 1723 5866 9*
