4366 6258
264 355 486 428 XXXXVlllI
510 361 557 424 17.
578 359 616 422 18
1067 349 1128 422 840
1392 347 1398 356 ’
1686 365 1733 416 ns
1754 363 1938 418 vernacule

267 541 308 596 vel
325 539 360 596 ad
377 539 554 596 exhibendum
571 537 705 592 achonem
743 537 780 592 ati
797 537 909 604 debeat,
926 543 957 592 ut
975 543 1078 596 cetero·
1131 537 1206 592 utin
1223 535 1297 602 aliis,
1325 539 1353 590 et
1373 535 1401 592 in
1418 535 1470 590 hac
1488 533 1577 604 specie
1593 535 1738 590 habeamus
1757 533 1886 600 dominia,
1910 537 1941 588 ut

265 613 341 664 rum¹
358 607 476 672 nomine,
500 607 645 676 quaeritur.
688 553 741 662 seril
758 607 846 662 verius
870 611 922 672 est,
948 623 1008 660 cum
1026 607 1080 662 hcc
1132 607 1182 662 en8
1204 605 1275 660 facto
1300 609 1372 658 retro
1398 603 1482 660 fuisse
1504 607 1551 658 ant
1568 619 1623 658 non
1639 601 1722 658 fuisse
1763 605 1829 658 atris
1847 601 1941 658 creda-

265 675 399 746 peculium
416 677 534 744 epatris
551 675 628 730 honis
646 681 792 742 separetur,
811 673 972 730 defensionis
985 691 1078 730 neces·
1130 675 1207 728 mus?
1225 673 1371 728 secundum
1388 673 1461 742 quod
1479 671 1587 726 difficile
1604 673 1655 726 erit
1671 621 1807 742 expedire,
1826 673 1860 740 si,
1880 671 1941 726 dum

266 751 281 796 5
317 745 424 796 citatem
446 743 519 812 patri
542 759 595 796 non
611 743 798 808 inponendum.
834 741 888 796 Sed
908 757 958 796 nec
982 757 1078 810 cogen-
1132 743 1282 796 deliberant
1308 739 1431 806 heredes,
1458 739 1515 796 dies
1542 739 1653 796 cesserit
1677 741 1758 808 legati
1784 757 1860 796 servo
1887 739 1941 794 dati

269 811 318 864 dns
344 817 385 864 est
407 811 502 878 pater²
524 825 570 864 aes
588 809 718 874 alienum,
737 811 808 880 quod
826 807 897 862 iilius
934 811 1014 862 eculii
1030 827 1078 864 nc·
1117 811 1206 880 istius
1233 809 1332 878 peculii
1358 813 1518 862 testamento
1543 809 1614 872 eius,
1640 823 1674 862 ex
1699 823 1752 878 quo
1778 813 1855 878 pater
1876 809 1941 862 nihil

266 877 351 940 mine,
375 877 447 946 quod
469 877 609 930 incastris
629 877 766 946 adqnisiit,
791 877 888 932 iecisse
925 877 1021 944 cetur,
1046 877 1079 930 de
1132 891 1228 944 capere
1245 877 1386 946 potuisset,
1405 877 1482 930 auid
1499 877 1534 930 ad
1550 877 1638 946 ipsum
1653 877 1794 946 pertineat,
1813 891 1874 930 cum
1889 877 1940 930 uti-

287 943 372 998 eculio
390 943 522 998 actionem
536 945 604 1012 pati:
624 949 659 1010 et,
677 945 700 998 si
717 951 813 1014 sponte
850 943 957 1010 atiatur,
974 949 1006 998 ut
1021 945 1078 1014 qui·
1131 961 1183 1012 que
1205 945 1240 998 ad
1263 943 1388 998 heredem
1410 943 1458 998 iilii
1481 943 1634 1012 pertineret.
1670 943 1774 998 facilior
1796 949 1886 998 tamen
1908 943 1941 998 de

266 961 331 1066 fiber
347 1009 470 1066 defensor
485 1011 613 1066 satisdatc
626 1011 711 1066 fillum
724 1015 752 1066 in
768 1011 819 1066 soli
837 1027 890 1078 um,
905 1027 960 1066 non
973 1013 1078 1080 peculio
1130 1013 1254 1066 libertate
1277 1011 1347 1066 servi
1370 1011 1524 1066 deliberatio
1547 1015 1590 1066 cst
1609 1011 1638 1066 in
1659 1011 1761 1078 specie,
1784 1011 1812 1066 in
1830 1027 1884 1080 qua
1900 1011 1941 1064 in-

268 1085 345 1132 tenus
363 1079 505 1132 defendere
523 1079 626 1132 debet³.
655 1081 702 1134 sed
719 1087 746 1134 ct
764 1081 822 1134 eius
838 1077 886 1132 filii
903 1079 1010 1132 nomine
1024 1097 1080 1134 non
1130 1085 1244 1132 testatus
1267 1079 1339 1132 filius
1358 1079 1503 1134 decessisse
1523 1079 1689 1150 proponitur.
1724 1081 1797 1134 non⁰
1820 1085 1861 1134 est
1878 1095 1941 1148 ergo

267 1147 346 1200 aliter
362 1161 468 1202 movere
485 1147 605 1200 actiones
621 1153 726 1216 potest,
751 1163 831 1216 priam
848 1147 871 1202 si
895 1147 960 1202 satis
978 1147 1080 1202 dederit
1130 1147 1197 1202 ratio
1223 1147 1403 1216 respondendi
1429 1153 1578 1216 competere
1601 1147 1749 1202 libertatem
1772 1163 1804 1202 eo
1822 1153 1941 1228 tempore

266 1229 327 1266 eum
345 1219 432 1266 ratam
448 1229 504 1266 rem
521 1213 683 1286 habiturum,
1131 1215 1228 1280 datam,
1247 1231 1301 1282 quc
1319 1231 1374 1270 nun
1390 1213 1443 1268 fuit
1458 1215 1488 1268 in
1505 1213 1620 1270 dominio
1637 1213 1742 1284 patris?
1769 1215 1941 1268 larcrahrlem

306 1275 342 1336 19
362 1279 569 1334 Tarenomrcs
591 1283 659 1336 libro
677 1285 771 1336 octavo
794 1279 896 1336 decimo
918 1281 1079 1360 disputatio·
1130 1287 1220 1336 tamen
1242 1283 1401 1336 sententiam
1424 1283 1584 1338 contrariam
1606 1283 1634 1336 in
1661 1287 1776 1350 utroque
1799 1297 1864 1338 casu
1887 1297 1941 1336 non

268 1363 331 1402 uum
365 1347 408 1402 De
432 1347 582 1402 hereditate
608 1351 642 1404 ab
669 1351 785 1418 adgnato
812 1349 990 1404 commilitone
1016 1349 1080 1402 data
1130 1367 1148 1404 n
1181 1365 1265 1404 amus.

268 1415 396 1470 Scaevola
413 1421 504 1470 noster
520 1417 669 1484 dubitabat,
689 1417 750 1484 quia
768 1417 856 1484 potuit
873 1423 900 1470 et
918 1422 981 1472 ante
998 1423 1079 1472 notus
1186 1417 1203 1474 0
1227 1417 1436 1474 Pronuntiare
1458 1417 1594 1486 sinqulcri
1614 1417 1653 1472 ud
1674 1417 1797 1488 reculam
1818 1417 1941 1472 Octauiu-

268 1489 295 1538 et
312 1483 413 1538 amicus
431 1483 502 1552 dare,
521 1485 609 1552 potuit
625 1491 653 1540 ct
666 1501 721 1538 non
738 1483 810 1548 dare,
829 1485 880 1538 nisi
898 1485 1078 1540 commilitium
1130 1501 1192 1540 nom
1231 1485 1284 1540 Sed
1310 1485 1333 1540 si
1358 1495 1443 1554 ponas
1469 1485 1554 1540 libum
1580 1489 1769 1540 tastamentum
1793 1485 1890 1540 fecisse
1915 1491 1942 1540 et

269 1553 407 1606 caritatem
424 1553 550 1606 auxisset.
587 1555 664 1608 nobis
689 1553 727 1606 ita
744 1551 862 1618 videtur,
887 1553 909 1606 si
926 1555 988 1606 ante
1007 1567 1077 1606 com·
1130 1559 1233 1622 patrem
1250 1553 1376 1608 heredem
1392 1553 1551 1608 instituisse:
1578 1569 1639 1606 cum
1656 1553 1748 1622 utique
1764 1559 1842 1622 pater
1858 1557 1940 1608 testa-

269 1619 390 1672 milltium
413 1617 514 1674 factum
537 1621 572 1674 sit
596 1625 797 1686 testamentum,
827 1635 882 1672 non
899 1635 958 1674 esse
980 1621 1080 1688 peculii
1130 1625 1217 1676 mento
1236 1637 1285 1675 suo
1304 1637 1380 1676 servo
1398 1621 1446 1672 filii
1460 1621 1611 1676 libertatem
1628 1621 1751 1686 dedisset,
1770 1621 1815 1690 qui
1832 1621 1867 1674 ad
1880 1637 1941 1676 curn

271 1691 282 1738 1
319 1687 462 1742 castrensis
479 1703 537 1742 eam
548 1687 729 1754 hereditatem,
743 1687 768 1740 si
779 1693 883 1756 postea,
899 1693 1002 1740 contra.
1026 1687 1079 1740 Sed
1130 1703 1164 1742 ex
1181 1693 1341 1742 testamento
1358 1687 1407 1740 filii
1430 1687 1563 1756 pertinere
1580 1687 1711 1756 coeperit,
1733 1687 1875 1742 videndum
1892 1693 1940 1756 cst,

268 1753 291 1810 si
315 1771 405 1810 serras
428 1755 527 1822 peculii
551 1755 693 1810 castrensis
718 1769 735 1808 a
758 1769 924 1822 quocumque
949 1755 984 1808 sit
1001 1753 1077 1808 heres
1129 1755 1257 1822 numquid
1274 1755 1299 1810 ei
1316 1755 1466 1822 comparari
1484 1755 1593 1822 debeat,
1616 1755 1673 1822 qui,
1693 1771 1753 1810 cnm
1761 1759 1782 1790 ¹⁰
1799 1757 1941 1810 manumit-

269 1823 399 1892 scriptus,
424 1823 498 1878 iussu
521 1823 609 1876 militis
628 1823 702 1876 adire
719 1821 825 1876 debebit
841 1821 1017 1876 hereditatem
1033 1837 1078 1876 ea·
1129 1827 1241 1890 teretur,
1267 1823 1371 1878 alienm
1394 1827 1464 1888 erat,
1490 1823 1585 1876 deinde
1608 1829 1704 1892 postea
1725 1823 1872 1894 adquisitus
1891 1829 1940 1878 est.

270 1895 285 1942 2
320 1905 372 1960 que
388 1891 433 1946 ilct
450 1891 582 1946 bonorum
599 1889 741 1944 castrensis
758 1891 863 1958 peculii.
898 1889 982 1944 Filius
1001 1889 1077 1944 fami·
1130 1891 1177 1944 sed
1193 1889 1341 1946 favorabile
1358 1895 1400 1944 est
1416 1891 1567 1944 libertatern
1581 1907 1598 1944 a
1614 1897 1692 1960 patre
1709 1891 1829 1946 relictam
1846 1891 1940 1944 admit-

269 1959 318 2014 lias
343 1975 462 2026 paganus
485 1959 518 2014 dc
534 1959 639 2028 peculio
663 1959 792 2012 castrensi
809 1957 873 2012 iecit
890 1963 1078 2012 testamentum
1129 1963 1197 2014 tere:
1225 1963 1251 2012 et
1274 1959 1311 2014 ab
1339 1957 1414 2014 initio
1437 1959 1523 2026 patris
1547 1973 1605 2014 esse
1627 1973 1688 2012 eum
1715 1959 1798 2014 videri
1820 1973 1852 2014 ex
1880 1959 1940 2026 hoc,

269 2031 309 2092 et,
335 2027 398 2080 dum
419 2029 524 2094 ignorat
545 2027 618 2094 patri
647 2041 675 2080 se
698 2041 776 2080 suum
798 2025 923 2082 heredem
950 2025 1077 2092 esddsse,
1130 2025 1201 2096 quod
1217 2029 1314 2096 postea
1331 2027 1479 2096 contigit¹¹,
1497 2027 1654 2082 ostenditur.

272 2095 392 2150 decessit.
428 2111 483 2148 non
504 2099 594 2164 potest
615 2093 699 2150 videri
724 2109 774 2164 pro
798 2095 977 2150 castrensibus
1000 2093 1077 2148 bonis

269 2167 395 2228 testatus,
419 2179 468 2232 pro
491 2163 609 2232 paternis
632 2163 773 2218 intestatus
797 2163 957 2228 decessisse,
984 2177 1077 2232 quam-

270 2233 306 2284 vis
323 2231 353 2284 id
368 2231 396 2284 in
413 2231 495 2284 milite
509 2231 664 2284 etiamnunc
680 2233 840 2300 rescriptum
857 2233 905 2296 sit,
922 2231 986 2298 quia
1002 2229 1077 2284 miles
1466 2233 1569 2294 XVIII
1575 2233 1606 2294 ¹²,

269 2299 303 2350 ab
329 2299 405 2352 initio
431 2315 480 2368 pro
506 2305 585 2366 parte
609 2303 738 2364 testatus,
765 2313 814 2366 pro
836 2305 912 2366 parte
935 2299 1078 2352 intestatus
1405 2333 1452 2382 DE
1469 2331 1663 2384 VETERANIS

270 2371 396 2434 potuerat
412 2365 492 2430 mori,
510 2365 583 2434 quod
599 2365 642 2420 ius
658 2365 709 2420 iste
725 2381 780 2420 non
796 2365 933 2430 habuerit,
950 2381 1005 2418 non
1021 2379 1077 2416 ma·
1665 2369 1671 2382 ’

267 2433 307 2500 gis
331 2449 410 2502 quam
432 2433 489 2488 sine
512 2433 697 2486 observatione
719 2433 805 2500 legum
827 2431 917 2486 iacere
934 2437 1077 2488 testamen·
1167 2429 1181 2486 1
1206 2431 1321 2486 Aonius
1340 2431 1508 2486 Mnunnnmr
1535 2431 1603 2488 libro
1628 2431 1705 2486 tertio
1729 2431 1763 2486 de
1778 2447 1810 2486 re
1829 2431 1954 2486 militari

269 2511 333 2554 tum.
356 2501 507 2554 necessario
524 2515 585 2568 ergo
601 2499 744 2554 castrensis
757 2499 855 2568 peculii
869 2501 947 2554 heres
962 2499 1077 2568 scriptus
1130 2497 1324 2554 Veteranorum
1341 2499 1506 2568 privilegium
1523 2499 1595 2554 inter
1611 2505 1701 2554 cetera
1717 2499 1797 2554 etiam
1814 2499 1842 2554 in
1859 2499 1940 2554 delic-

269 2569 392 2622 universa
415 2569 486 2620 bona
507 2567 630 2632 habebit,
657 2567 768 2636 perinde
791 2583 824 2622 ac
847 2567 870 2622 si
893 2569 1077 2636 pauperrimus
1128 2569 1164 2620 tis
1181 2567 1263 2622 habet
1284 2567 1512 2634 praerogativam,
1533 2573 1565 2620 ut
1586 2573 1778 2636 separentura
1801 2567 1896 2622 ceteris
1913 2569 1941 2620 in

269 2637 342 2690 facto
356 2641 513 2692 testamento
530 2635 688 2690 decessisset
703 2635 828 2702 ignorans
842 2651 871 2690 se
884 2635 1078 2704 locupletatum
1129 2635 1230 2756 poenis.
1265 2649 1317 2688 nec
1338 2635 1373 2688 ad
1395 2635 1495 2690 bestias
1521 2635 1612 2704 itaque
1635 2641 1774 2692 veteranus
1796 2635 1875 2688 datur
1891 2649 1941 2690 nec

269 2709 284 2758 3
319 2719 368 2770 per
380 2719 469 2758 servos
485 2701 537 2756 alio
551 2703 609 2758 loco
620 2707 738 2770 agentes.
756 2701 837 2756 Pater
851 2703 948 2770 pecchi
958 2707 1077 2758 castren-
1142 2701 1246 2758 ustibus
1265 2701 1394 2756 caeditur.

269 2773 306 2828 sis
328 2771 376 2824 filii
400 2785 503 2826 servum
525 2775 684 2824 testamento
708 2771 822 2824 liberum
844 2785 903 2826 esse
920 2771 1012 2826 iussit:
1036 2771 1078 2824 in-
1164 2765 1354 2824 2Uar>mrrcs
1373 2769 1441 2824 libro
1464 2771 1542 2824 tertio
1564 2771 1721 2850 opinionum
1760 2769 1880 2824 Honeste
1898 2785 1941 2824 sa·

268 2845 366 2894 testato
385 2839 510 2894 defuncto
527 2837 582 2894 filio
605 2837 732 2906 familias,
757 2857 819 2892 mox
835 2845 922 2908 patre
934 2839 1077 2908 quaeritur,
1132 2843 1268 2894 eramento
1287 2837 1382 2892 solutis
1400 2837 1464 2892 data
1481 2839 1632 2892 immunitas
1649 2839 1729 2892 etiam
1746 2839 1775 2892 in
1792 2839 1830 2894 eis
1847 2839 1940 2892 cirita-

269 2925 304 2962 an
324 2909 434 2962 libertas
464 2923 539 2962 servo
566 2911 710 2974 competat.
746 2907 905 2962 occurrebat
932 2909 1002 2962 enim
1023 2923 1078 2962 non
1129 2905 1215 2974 tibus,
1233 2905 1307 2974 apud
1324 2907 1421 2974 quas¹³
1436 2905 1542 2962 incolae
1559 2911 1630 2972 sunt,
1647 2905 1731 2960 valet:
1754 2921 1805 2962 nec
1821 2905 1940 2960 labefac-

269 2991 348 3096 Rosse
362 2975 506 3030 dominium
521 2975 594 3044 apud
608 2975 675 3028 duos
689 2991 738 3044 pro
753 2975 838 3030 solido
852 2975 946 3030 fuisse:
965 2975 1079 3044 denique
1129 2979 1211 3040 tatur,
1226 2975 1249 3028 si
1258 2975 1319 3044 quis
1328 2989 1420 3028 eorum
1429 2975 1566 3030 voluntate
1581 2989 1631 3028 sua
1643 2973 1773 3028 honorem
1782 2977 1830 3028 aut
1843 2989 1940 3028 munus

288 3043 352 3096 lium
374 3059 454 3112 posse
476 3043 662 3098 manmnittere
684 3043 746 3096 talis
774 3043 873 3112 peculii
895 3059 1001 3100 servum
1022 3043 1097 3110 Ηε-Ι
1134 3049 1144 3096 t
1181 3043 1337 3112 susceperit
1381 3043 1529 3112 Vectigalia
1555 3047 1582 3096 et
1613 3043 1833 3112 patrimoniorum
1859 3057 1939 3098 onere

269 3111 378 3166 drianus
402 3111 553 3166 constituit:
579 3111 647 3166 etsi
669 3117 828 3166 testamento
850 3115 906 3164 tam
928 3109 977 3166 filii
999 3127 1078 3178 quarn
1130 3109 1268 3166 sollemnia
1286 3125 1377 3166 omnes
1395 3109 1527 3164 sustinere
1545 3115 1658 3178 oportet.

269 3179 353 3250 patris
375 3177 445 3232 idem
469 3193 560 3232 servus
584 3179 733 3248 accepisset
755 3179 906 3232 libertatem
929 3185 957 3232 et
973 3181 1079 3246 utrique
1165 3175 1183 3234 3
1202 3175 1379 3232 Maecianus
1394 3177 1463 3232 libro
1480 3177 1597 3232 secundo
1614 3177 1772 3250 reputarunt
1800 3177 1941 3232 Veteranis

290 3247 372 3300 ariter
389 3247 579 3314 decessissent,
605 3263 659 3302 non
677 3247 846 3302 dubitaretur
869 3261 903 3302 ex
917 3253 1078 3302 testamento
1130 3251 1158 3300 ct
1178 3245 1268 3300 liberis
1292 3249 1478 3300 veteranorum
1499 3247 1570 3300 idem
1590 3245 1678 3302 honor
1700 3245 1827 3310 hebetur,
1851 3247 1939 3314 quiet

269 3263 316 3368 iprlii
338 3315 452 3370 liberum
474 3331 535 3370 enm
557 3331 624 3370 esse.
661 3315 708 3370 sad
730 3317 760 3370 in
785 3313 922 3382 superiore
947 3331 1013 3370 casu
1028 3331 1077 3384 pro
1130 3313 1332 3370 decurionibus:
1359 3313 1440 3382 igitur
1463 3313 1563 3370 necin
1584 3315 1720 3368 metallum
1743 3313 1941 3370 damnabuntur

270 3383 392 3436 libertate
414 3397 431 3434 a
454 3387 530 3450 patre
554 3383 617 3436 data
639 3383 686 3436 illa
710 3383 762 3436 dici
785 3389 911 3452 possunt,
941 3383 1078 3452 numquid,
1130 3397 1180 3436 nec
1202 3383 1232 3436 in
1253 3397 1322 3450 opus
1344 3381 1482 3450 publicum
1503 3381 1545 3436 vel
1568 3381 1603 3436 ad
1625 3381 1739 3446 bestias,
1757 3381 1941 3436 neclectibus

270 3451 375 3518 qrroad⁴
399 3455 489 3502 utatur
512 3451 570 3504 iure
593 3465 722 3506 concessu
746 3451 816 3506 filius
839 3451 867 3504 iu
886 3451 1016 3506 castrensi
1031 3467 1077 3520 pe·
1130 3449 1288 3504 caeduntur.

271 3517 348 3580 csilio,
366 3531 484 3586 eousque
500 3517 542 3572 ins
559 3519 644 3588 patris
662 3519 819 3584 cessaverit,
855 3517 911 3574 uod
927 3519 951 3574 si
967 3519 1078 3572 intesta·
1164 3515 1185 3574 4
1213 3517 1359 3574 Uarrnrcs
1385 3517 1452 3572 libro
1475 3521 1573 3588 quarto
1597 3517 1630 3572 cle
1652 3517 1747 3586 officio
1766 3517 1941 3590 proconsulis

272 3587 313 3640 tus
331 3583 474 3640 decesserit
489 3585 570 3652 fidus,
587 3585 744 3654 postliminii
756 3535 894 3640 cuiusdam
908 3585 1080 3640 similitudine
1130 3585 1197 3640 Viae
1219 3583 1377 3640 sternendae
1398 3583 1592 3638 immunitatem
1612 3589 1752 3640 veteranos
1770 3601 1824 3640 non
1841 3585 1941 3640 habere

271 3657 347 3722 pater
363 3653 472 3720 antiqno
495 3653 553 3708 inre
576 3655 676 3708 habeat
698 3655 833 3732 peculium
848 3657 974 3720 retroque
991 3653 1078 3706 videa-
1129 3655 1197 3706 Iulio
1217 3655 1342 3708 Sossiano
1360 3657 1485 3708 veterano
1503 3653 1662 3722 rescriptam
1679 3657 1728 3708 est.
1759 3669 1821 3710 nam
1838 3655 1941 3708 neceb

271 3727 288 3772 4
321 3727 366 3774 tur
382 3721 510 3778 habuisse
527 3737 615 3774 rernm
640 3721 764 3776 dommia.
798 3721 861 3774 Non
878 3727 968 3774 tamen
986 3725 1015 3774 ut
1032 3721 1078 3774 he·
1129 3721 1362 3788 intrihutionihus,
1385 3737 1455 3790 quae
1471 3721 1782 3790 possessionibusiiunt,
1800 3727 1940 3776 veteranos

270 3789 330 3844 res⁵
347 3787 405 3844 vivo
422 3789 477 3842 filio
492 3787 636 3842 vindictam
653 3805 729 3844 servo
743 3787 879 3856 imposuit,
897 3787 1003 3842 dicatur
1020 3803 1080 3842 eum
1133 3793 1143 3840 1
1181 3803 1240 3844 esse
1262 3795 1406 3844 excusatos
1427 3787 1518 3858 palam
1540 3795 1589 3844 est.
1625 3787 1677 3844 Sed
1700 3793 1728 3844 et
1751 3805 1831 3844 naves
1849 3805 1941 3844 eorum

269 3861 332 3926 post
347 3861 460 3912 mortem
476 3857 596 3910 intestati
611 3857 660 3912 filii
677 3871 711 3910 ex
727 3855 773 3910 illa
788 3855 997 3912 manumissione
1013 3855 1079 3910 libe-
1130 3855 1265 3922 angariari
1289 3871 1371 3926 posse
1396 3857 1472 3910 Aelio
1498 3857 1589 3912 Firmo
1616 3861 1643 3910 ct
1668 3857 1834 3912 Antoninc¹⁴
1861 3857 1940 3912 Glaro

270 3931 285 3976 5
318 3943 379 3978 rum
404 3925 505 3980 factum
527 3941 594 3980 csse.
629 3925 699 3994 Quid
720 3929 823 3988 autem,
851 3925 875 3980 si
891 3929 1080 3978 testamentum
1130 3925 1260 3978 veteraria
1279 3925 1362 3980 rescri
1381 3929 1439 3978 tum
1457 3929 1505 3980 est.

269 3991 364 4046 iecerit
386 3993 455 4046 filius
478 3997 505 4048 et
526 3995 638 4048 nonsit
659 3993 717 4048 aas
744 3991 816 4046 adita
838 3991 992 4048 hereditas?
1025 4007 1080 4046 non
1166 3991 1321 4048 thuaus
1340 3941 1409 4048 uiro
1426 3991 1564 4064 rinyulcri
1579 3991 1613 4046 dc
1629 3993 1827 4062 counitionabur
1862 3991 1946 4068 Vete-¹

269 4065 325 4114 tam
343 4059 422 4114 iacile
438 4063 480 4114 est
496 4061 585 4114 dicere
599 4059 782 4114 continuatum
800 4059 872 4128 patri
887 4065 951 4132 post
967 4065 1080 4114 mortem
1130 4075 1211 4114 renos
1235 4059 1313 4114 divus
1336 4059 1451 4128 Magnus
1472 4061 1623 4114 Antoninus
1647 4075 1709 4114 cum
1730 4063 1808 4130 patre
1830 4075 1880 4114 suo
1898 4075 1940 4114 re·

270 4127 318 4180 filii
335 4143 423 4180 rerum
439 4127 538 4196 peculii
560 4127 719 4192 dominium,
744 4143 804 4182 cum
827 4127 942 4180 medium
965 4133 1078 4196 tempus,
1132 4135 1142 4180 1
1181 4129 1290 4196 scripsit
1311 4143 1329 4180 a
1351 4129 1458 4182 narium
1480 4127 1584 4182 fabrica
1607 4127 1738 4182 excusari.
1780 4127 1833 4182 Sed
1857 4131 1885 4182 et
1905 4129 1940 4182 ab

270 4211 321 4264 quo
350 4195 497 4250 deliberant
519 4195 634 4250 instituti
656 4195 780 4258 heredes,
807 4195 949 4262 imaginem
971 4209 1078 4250 succes·
1130 4195 1269 4248 exactione
1292 4195 1455 4250 tributorum
1475 4195 1577 4250 habent
1598 4195 1805 4264 immunitatem,
1826 4195 1878 4250 hcc
1899 4201 1941 4250 est

271 4263 354 4316 sinnii
375 4261 546 4330 praestiterit.
583 4261 702 4330 alioquin
718 4267 746 4316 et
763 4263 785 4316 si
809 4261 882 4316 adita
899 4263 935 4316 sit
951 4263 986 4316 ab
1003 4261 1078 4316 insti·
1131 4267 1146 4316 2
1181 4279 1215 4316 ne
1235 4269 1374 4316 exactores
1396 4265 1558 4318 tributorum
1580 4265 1784 4318 constituantur.
1821 4261 1875 4318 Sed
1895 4279 1940 4318 va-

270 4335 329 4386 tuto
347 4331 480 4384 hereditas
498 4329 553 4394 filii,
573 4331 677 4384 dicetur
694 4345 711 4384 a
727 4335 804 4396 patre
821 4329 856 4384 ad
873 4345 933 4384 eum
950 4331 1079 4384 transisse
1130 4331 1225 4396 terani,
1243 4331 1289 4398 qui
1304 4331 1380 4398 passi
1397 4333 1489 4386 sunt¹⁵
1511 4333 1540 4384 in
1557 4331 1675 4386 ordinem
1692 4333 1758 4400 legi,
1787 4331 1940 4388 muneribus

270 4399 471 4468 proprietatem,
497 4399 570 4466 quod
592 4397 738 4452 absurdum
755 4403 804 4452 est.
839 4397 881 4452 ⁷si
897 4397 926 4450 in
943 4397 1078 4466 pendenti,
1130 4399 1204 4464 fungi
1222 4405 1361 4466 coguntur.

275 4513 367 4522 *a—

270 4571 299 4632 (ι)
317 4567 529 4620 Εἱίοεωηίηε.1ῖ’
584 4569 617 4632 (a)
634 4569 855 4632 proptcrins.e‹lcl.
912 4567 945 4630 (3)
964 4567 1086 4618 debeatF
1166 4569 1208 4632 (ta)
1226 4569 1311 4628 Edu
1328 4567 1465 4630 Scb.r...4;
1481 4569 1938 4638 Pap.5.-—Bcs.5l,e.-0fi00d.

270 4639 302 4696 (4)
321 4633 462 4700 quodadF
509 4635 542 4700 (e)
560 4633 882 4700 heresbeqairuurnforte
935 4635 966 4698 (o)
985 4649 1079 4684 succes·
1133 4639 1172 4700 12,
1181 4647 1206 4686 rt
1293 4637 1338 4702 (13)
1355 4639 1457 4700 quosF
1534 4639 1580 4702 (ιε)
1597 4637 1767 4688 Antonioscr.
1853 4639 1898 4704 (15)
1914 4655 1940 4690 se

270 4705 410 4756 sionisedd„
445 4703 477 4764 (i)
496 4701 558 4766 quid
567 4705 612 4750 ius.
650 4703 684 4764 (8)
700 4705 873 4768 postiae-edd.
910 4701 944 4766 (9)
962 4717 1077 4754 numscr.
1131 4703 1225 4754 inaF²

272 4777 315 4834 (ιε)
334 4771 399 4822 an
463 4769 504 4832 (1¹)
522 4769 648 4832 contingit
657 4767 696 4818 ΡΞ
956 4789 961 4796 ·
