4366 6258
248 373 291 420 DE
313 373 429 422 FURTIS

249 541 312 600 forti
337 539 476 596 actionem.
512 547 540 596 θῖ
566 557 626 598 cum
652 541 741 598 dolum
765 541 904 598 dumtaxat
929 545 1055 614 praestet,

250 609 340 668 merito
365 609 453 676 placet
475 625 528 664 oon
545 611 646 664 habere
665 627 723 664 eum
740 609 806 664 furti
823 613 966 666 actionem:
993 611 1056 678 quid

250 679 316 736 enim
334 675 390 730 eius
402 677 520 746 interest,
539 679 562 732 ei
579 679 640 734 dolo
656 681 764 734 careat?
783 679 854 748 quod
869 679 892 734 εῖ
907 679 968 734 dolo
983 679 1055 742 fecit,

251 751 299 806 iam
317 745 423 814 quidem
465 745 591 800 ericulum
608 745 692 814 ipsius
710 751 764 810 θεῖ,
789 745 836 800 sed
853 763 906 800 εοε
925 747 1004 802 debet
1022 761 1056 800 ex

250 823 265 870 4
299 813 359 868 dolo
377 827 426 890 suo
444 761 508 892 initi
531 829 660 880 quaerere
677 815 816 870 actionem.
851 813 972 868 Iulianus
990 829 1055 880 quo-

250 899 299 952 que
315 881 384 934 libro
401 895 542 934 vicensimo
558 881 675 936 secundo
693 881 855 948 digestorum
870 881 975 934 scribit:
994 881 1056 946 quia

249 955 275 1006 io
292 949 408 1002 omnium
432 947 521 1000 furum
541 963 657 1018 persona
680 949 853 1004 constitutum
871 953 922 1014 θεῖ,
947 963 980 1000 εθ
999 949 1056 1002 θῖεε

249 1019 285 1074 rei
302 1015 407 1070 nomine
424 1015 489 1068 furti
506 1031 585 1084 agere
602 1015 714 1084 possint,
732 1015 807 1070 cuius
824 1015 876 1084 ipsi
893 1015 967 1068 fures
986 1021 1054 1080 sunt,

249 1103 300 1142 non
317 1083 427 1138 habebit
443 1083 508 1136 furti
525 1083 657 1138 actionem
674 1083 709 1148 is,
728 1083 799 1150 apud
817 1097 895 1150 quem
913 1097 956 1136 res
975 1081 1055 1150 depo·

250 1155 299 1210 sita
315 1157 370 1216 θεῖ,
389 1151 505 1220 θεεῖεεῖε
523 1153 641 1220 periculo
659 1151 716 1204 eius
734 1165 793 1204 esse
814 1165 857 1204 res
875 1149 994 1216 coeperit
1011 1149 1056 1218 qni

250 1229 263 1276 5
297 1237 356 1276 eam
380 1219 559 1274 contrectavit.
602 1219 765 1288 Papinianus
793 1221 905 1282 tractat,
935 1217 958 1270 si
987 1217 1054 1272 duos

251 1303 337 1346 servos
361 1291 395 1342 ob
419 1289 509 1342 decem
531 1303 627 1342 aureos
649 1287 753 1354 pignori
777 1285 925 1354 acceperim
944 1289 971 1340 et
988 1285 1055 1340 alter

250 1357 419 1426 subripiatur,
438 1373 497 1410 cum
515 1355 582 1408 alter
599 1369 717 1422 quoque,
737 1353 782 1422 qui
799 1353 834 1408 sit
851 1357 984 1418 retentus,
1001 1371 1055 1408 non

249 1425 354 1480 minoris
373 1425 465 1478 decem
477 1423 590 1476 ualeret:
609 1425 699 1474 utrum
713 1435 797 1488 nsque
814 1421 849 1474 ad
866 1421 982 1490 quinque
996 1429 1055 1476 tan-

249 1503 304 1548 tum
320 1493 434 1546 habeam
451 1491 516 1546 furti
533 1489 677 1556 actionem,
703 1489 765 1558 quia
782 1489 810 1542 in
828 1489 880 1542 alio
899 1489 984 1546 habeo
1002 1491 1055 1546 sal·

249 1577 294 1618 vos
313 1561 447 1629 quinque?
470 1575 504 1612 an
521 1573 591 1624 vero,
611 1557 673 1626 quia
689 1557 756 1612 mori
773 1561 870 1626 potest,
890 1559 942 1612 dici
961 1559 1056 1614 debeat

249 1631 275 1684 io
292 1627 383 1682 decem
401 1627 457 1682 fore
475 1627 618 1690 actionem,
643 1627 747 1680 etiamsi
768 1627 856 1696 magni
880 1627 960 1696 pretii
981 1627 1016 1682 sit
1032 1629 1055 1682 is

250 1695 292 1764 qui
308 1695 456 1750 retinetur?
490 1699 516 1750 et
533 1695 571 1750 ita
588 1699 678 1762 putat:
701 1709 754 1748 non
772 1695 841 1750 enim
859 1695 993 1764 respicere
1010 1697 1056 1750 de·

250 1767 339 1818 bemus
357 1765 460 1832 pignus,
479 1763 550 1832 quod
567 1763 724 1830 subreptum
741 1767 857 1830 nonest,
876 1765 922 1816 sed
939 1763 967 1816 id
985 1765 1056 1832 quod

250 1837 264 1886 6
299 1833 464 1886 subtractum
477 1837 525 1886 est.
552 1831 625 1886 Ιῖῖθεῖ
642 1829 743 1894 scribit,
761 1831 792 1896 si,
812 1847 872 1884 cum
887 1831 951 1884 mihi
966 1831 1055 1884 deceni

250 1899 421 1964 deberentur,
448 1915 540 1954 servus
563 1899 667 1966 pignori
689 1899 767 1954 datiis
786 1901 939 1954 subtractus
959 1899 1005 1962 sit,
1033 1899 1056 1952 εῖ

249 1967 351 2020 actione
368 1967 433 2020 furti
451 1973 609 2020 consecutus
626 1967 702 2020 fuero
717 1967 815 2034 decem,
834 1983 888 2022 non
905 1971 1056 2032 competere

249 2033 309 2086 mihi
327 2035 392 2086 furti
408 2035 550 2098 actionem,
572 2035 596 2090 si
612 2035 708 2088 iterum
726 2035 904 2104 subripiatur,
929 2035 992 2102 quia
1010 2035 1054 2088 de·

249 2101 291 2154 siit
308 2117 367 2156 εῖθε
383 2101 524 2166 ῖεῖθῖθεεθ,
549 2117 609 2156 cum
626 2101 706 2158 semel
728 2103 777 2156 sim
800 2107 968 2156 consecutus.
1004 2101 1055 2154 hoc

251 2169 298 2234 ta,
328 2169 432 2224 sisino
455 2169 534 2238 culpa
556 2185 615 2224 mea
642 2169 816 2236 subripiatur:
843 2185 906 2222 nam
929 2167 953 2222 εῖ
977 2169 1056 2236 culpa

249 2251 318 2302 mea,
342 2237 404 2302 quia
421 2237 543 2304 interest,
566 2251 597 2290 eo
615 2237 686 2306 quod
703 2243 796 2290 teneor
818 2235 993 2306 pignoraticia
1010 2251 1056 2290 ac-

249 2303 425 2372 tione,·agere
441 2309 543 2374 potero.
571 2305 642 2372 quod
660 2305 682 2358 si
700 2305 779 2374 culpa
796 2305 879 2370 abest,
899 2305 957 2360 sine
974 2305 1055 2358 dubio

249 2371 351 2426 dommo
377 2377 525 2440 competere
544 2373 613 2426 aetio
631 2371 746 2440 videtur,
771 2387 839 2440 θεεθ
858 2371 983 2428 creditori
1001 2389 1056 2428 non

211 2453 212 2456 ¹
252 2441 382 2506 competit.
410 2455 489 2508 quam
506 2441 664 2494 sententiam
681 2439 844 2508 Pomponius
863 2457 970 2510 quoque
987 2441 1055 2494 libro

250 2511 262 2558 l
298 2507 398 2560 ῖῖθθῖῖῖῖο
423 2507 457 2560 ad
480 2507 606 2560 Sabinum
627 2509 732 2576 probat.
767 2507 841 2562 Idem
860 2509 964 2572 dicunt,
989 2515 1016 2562 et
1034 2509 1056 2562 si

250 2573 301 2626 duo
329 2575 398 2628 servi
424 2575 543 2642 subrepti
566 2575 618 2628 sint
636 2575 726 2638 simul,
751 2591 808 2630 com
829 2581 900 2630 etere
917 2577 1056 2644 utriusque

249 2641 353 2694 nomine
375 2641 440 2694 furti
462 2643 591 2696 actionem
616 2641 753 2706 creditori,
780 2593 827 2698 seg
843 2659 897 2698 uon
914 2643 942 2696 in
959 2649 1053 2706 toturn,

249 2707 293 2762 sed
315 2725 364 2776 pro
388 2725 442 2776 qua
461 2713 550 2788 parte,
579 2711 608 2764 in
629 2711 746 2778 singulos
771 2711 852 2764 diuiso
875 2727 906 2766 eo
937 2711 1008 2780 quod
1033 2713 1056 2764 ei

250 2777 367 2840 debetur,
386 2777 441 2830 eius
459 2781 580 2830 rnterest:
599 2777 744 2846 separatim
761 2785 850 2832 antem
868 2779 973 2832 duobus
992 2779 1054 2832 sub-

250 2845 336 2912 reptis,
355 2845 378 2898 si
396 2845 473 2898 ῖῖεῖεε
490 2845 594 2898 εοεῖῖεθ
613 2845 725 2900 solidum
743 2851 903 2900 consecutus
922 2847 969 2910 sit,
989 2847 1054 2900 alte-

250 2917 263 2966 8
297 2913 353 2966 rius
383 2911 447 2964 nihil
476 2917 660 2980 consequetur.
704 2913 770 2968 Item
795 2915 958 2982 Pomponius
986 2913 1054 2968 libro

250 2979 348 3034 decimo
368 2995 401 3032 ex
419 2979 516 3034 Sabino
533 2981 653 3048 scripsit,
671 2981 733 3034 siis
751 2983 793 3034 θεῖ
812 2981 976 3034 θοῖεεῖοῖῖεεῖ
994 2981 1055 3034 dolo

249 3049 340 3100 fecerit
357 3047 428 3100 circa
445 3063 501 3100 rem
518 3047 723 3112 commodatam,
747 3063 825 3116 agere
843 3065 903 3102 eum
920 3049 985 3102 furti
1001 3065 1056 3104 uon

214 3109 222 3128 ⁴
250 3121 264 3168 9
297 3129 384 3184 posse.
409 3113 483 3168 Idem
494 3115 657 3182 Pomponius
674 3115 772 3184 probat
789 3121 816 3168 et
832 3115 860 3168 in
878 3133 918 3178 eo,
938 3115 982 3182 qui
1000 3131 1056 3170 rem

251 3187 279 3234 lt
314 3181 439 3234 mandato
453 3181 564 3236 alicuius
578 3183 682 3250 accepit
695 3181 889 3250 perferendam.
914 3185 957 3236 An
970 3187 1055 3250 pater,

250 3251 321 3304 cuius
339 3247 394 3302 filio
413 3249 577 3304 commodata
594 3265 637 3304 res
655 3255 703 3314 θεῖ,
722 3251 786 3304 furti
800 3251 932 3304 actionem
947 3251 1056 3316 habeat,

249 3317 392 3388 quaeritur.
429 3321 456 3370 θῖ
473 3317 590 3370 Ιεῖῖεεεε
608 3317 646 3370 εῖῖ
666 3325 769 3384 patrem
785 3319 837 3370 hoc
855 3317 962 3370 nomine
977 3333 1056 3386 agere

249 3403 301 3442 nou
323 3399 417 3454 posse,
445 3385 507 3454 quia
529 3385 676 3438 custodiam
705 3391 843 3454 praestare
865 3399 920 3438 non
944 3385 1054 3440 debeat:

249 3453 329 3520 sicut,
347 3451 445 3519 inquit,
468 3453 490 3506 is
509 3453 553 3520 qui
569 3469 619 3520 pro
638 3467 681 3516 eo,
700 3453 744 3508 oui
761 3451 927 3506 commodata
944 3469 987 3508 res
1006 3457 1056 3520 est,

249 3519 388 3584 fideiussit,
413 3521 571 3574 nonhabet
593 3519 658 3574 furti
681 3521 820 3574 actionem.
861 3535 949 3586 neque
977 3519 1055 3586 enim,

248 3589 346 3656 inquit,
369 3587 405 3652 ῖε,
432 3589 621 3654 θεῖεεθεεῖθεθ
649 3587 769 3642 ῖεῖθῖθῖῖῖ
798 3601 854 3640 rem
876 3601 932 3640 non
960 3587 1055 3654 perire,

249 3655 328 3710 habet
349 3655 417 3708 furti
438 3655 581 3720 actionem,
608 3653 656 3710 sed
673 3655 718 3722 qui
735 3655 768 3708 ob
788 3669 846 3708 eam
862 3669 918 3706 rem
941 3657 1056 3722 tenetur,

250 3723 319 3792 quod
344 3739 377 3778 ea
398 3739 441 3778 res
464 3723 543 3792 culpa
563 3723 621 3778 eius
644 3721 765 3790 perierit:
794 3737 873 3790 qnam
897 3721 1056 3778 seutentiam

249 3791 340 3846 Celsus
368 3805 471 3860 quoque
492 3791 560 3844 libro
588 3791 744 3846 duodecimo
767 3791 929 3858 digestorum
952 3791 1055 3858 probat.

252 3865 278 3914 li
314 3859 341 3914 Is
365 3859 410 3928 θεῖ
432 3859 552 3938 precario
570 3859 693 3912 εθεῖεεῖ1
716 3861 856 3940 rogaverat
878 3859 1005 3926 subrepto
1024 3873 1055 3914 θθ

250 3931 336 3996 potest
353 3943 444 3996 quaen
461 3943 496 3982 an
512 3925 612 3980 habeat
629 3925 695 3980 furti
712 3932 851 3980 sobonem.
881 3931 907 3980 et
925 3941 984 3980 oum
1002 3943 1056 3982 non

249 4003 288 4052 θεῖ
306 4001 400 4050 contra
418 3997 477 4048 eum
494 3993 577 4050 civilis
595 3995 665 4048 actio
683 3993 755 4062 (quia
773 3993 856 4048 :imile
878 3991 977 4048 donato
994 4009 1056 4062 pre-

250 4065 348 4120 carium
364 4069 414 4128 est)
427 4063 540 4130 ideoque
554 4067 581 4116 et
594 4061 764 4114 interdictum
777 4063 960 4116 necessarium
971 4063 1056 4116 visum

250 4139 302 4196 θεῖ,
326 4147 379 4186 uon
400 4130 510 4186 habehit
530 4129 596 4184 furti
618 4129 758 4184 actionem.
793 4131 873 4198 plane
895 4135 957 4198 post
974 4129 1055 4184 inter·

250 4201 347 4254 dictum
373 4197 505 4252 redditum
528 4201 594 4276 puto
612 4213 672 4252 eum
695 4199 773 4250 etiam
791 4197 897 4264 culpam
918 4201 1056 4264 praestare

252 4273 279 4320 tr
315 4271 342 4320 et
358 4267 418 4320 ideo
437 4271 463 4320 θῖ
479 4267 544 4320 furti
561 4279 638 4334 agere
656 4279 741 4336 posse.
771 4265 885 4334 Quodsi
900 4263 1057 4318 conduxerit

251 4335 321 4404 quis,
349 4333 460 4390 habebit
485 4333 550 4390 furti
573 4333 718 4402 actionem,
747 4333 771 4388 si
792 4333 870 4388 modo
896 4333 975 4402 culpa
998 4333 1055 4386 θῖεε

254 4407 280 4456 ῖ3
316 4403 443 4472 subrepta
461 4403 495 4456 sit
511 4417 562 4456 res.
591 4401 619 4456 Si
633 4401 705 4456 filius
722 4401 836 4456 familias
850 4401 993 4468 subreptus
1013 4399 1056 4464 εῖῖ,

253 4475 282 4524 14
316 4475 419 4540 patrem
436 4471 534 4524 habere
551 4469 616 4522 furti
634 4469 767 4522 actionem
783 4469 873 4540 palam
891 4473 939 4522 θεῖ.
968 4467 996 4522 si
1013 4483 1056 4522 res

251 4537 416 4594 commodata
440 4543 480 4594 θεῖ
502 4541 528 4592 θῖ
550 4537 573 4592 ῖε
593 4537 635 4590 θῖεῖ
653 4537 818 4592 θοῖεῖεθῖῖεῖε
836 4543 877 4592 θεῖ
899 4537 1076 4590 decesserit:

251 4605 368 4672 quamvis
391 4605 531 4660 hereditati
553 4605 654 4658 furtum
676 4603 735 4660 fieri
757 4621 811 4658 non
838 4605 924 4674 possit
948 4609 974 4658 et
995 4601 1056 4658 ideo

250 4687 297 4728 εθθ
319 4675 396 4726 ῖῖθῖθε
419 4673 476 4726 θῖεε
499 4673 543 4726 cui
560 4671 726 4728 commodata
743 4677 783 4726 θεῖ
800 4673 885 4742 possit
903 4687 996 4740 agere,
1015 4677 1056 4726 ta·

251 4755 309 4794 men
326 4741 506 4796 commodator
528 4741 626 4808 poterit
648 4741 715 4792 furti
731 4755 822 4806 agere:
846 4741 967 4808 idemque
986 4739 1056 4792 etin

1040 349 1105 424 765

924 451 1229 464 W

1682 349 1869 418 XXXXVII
1892 359 1911 416 2

1107 539 1214 596 modste
1232 545 1284 610 est,
1304 541 1452 610 quaesitum
1469 541 1518 592 est.
1553 541 1580 592 et
1596 537 1662 604 puto
1680 535 1828 616 omuibusi,
1847 553 1912 604 quo·

1107 625 1167 662 rum
1189 609 1308 676 periculo
1335 625 1380 664 ῖθε
1408 607 1511 664 ahenas
1537 609 1611 670 suot,
1638 601 1720 658 ueluti
1746 605 1912 670 commodati,
1955 621 1956 624 ¹

1107 675 1170 729 item
1186 677 1268 730 locati
1284 677 1434 746 pignorisve
1451 675 1566 744 accepti,
1582 673 1606 728 si
1623 673 1674 726 hae
1691 673 1834 750 subreptae
1851 673 1913 738 sint,

1109 745 1230 798 omnibus
1252 745 1317 798 furti
1334 745 1469 800 εθῖῖθεθε4
1493 745 1653 812 competere:
1673 739 1804 794 condictio
1823 745 1914 796 autem

1112 817 1139 862 ll
1175 811 1200 866 θῖ
1223 811 1327 866 demum
1356 811 1493 880 competit,
1523 811 1567 880 θεῖ
1595 807 1740 864 dominium
1759 807 1850 862 habet.
1885 807 1914 862 Si

1108 879 1229 946 epistula,
1248 895 1328 946 quarn
1342 895 1389 948 ego
1407 879 1457 934 tibi
1469 879 1536 944 misi,
1553 879 1702 946 intercepta
1716 877 1758 942 εῖῖ,
1776 875 1833 946 θεῖε
1848 873 1914 954 furti

1108 947 1238 1000 actionem
1256 947 1371 1002 habeat?
1389 953 1415 1000 et
1432 949 1546 1014 primum
1564 943 1742 1014 quaerendum
1759 949 1814 1010 est,
1838 959 1914 998 curus

1108 1013 1143 1066 sit
1160 1013 1287 1080 epistula,
1311 1019 1400 1066 utrum
1418 1015 1474 1068 eius
1511 1015 1538 1068 ui
1555 1013 1639 1078 misit,
1658 1029 1692 1068 an
1710 1013 1766 1066 eius
1785 1011 1914 1080 adquam

1107 1081 1189 1134 missa
1206 1081 1264 1132 est?
1289 1085 1315 1132 θῖ
1333 1081 1356 1134 si
1373 1081 1479 1150 quidem
1493 1031 1556 1136 isui
1573 1097 1648 1136 servo
1667 1081 1738 1146 θῖεε,
1757 1081 1846 1134 εῖεῖῖῖε
1862 1079 1914 1146 ipsi

1108 1147 1228 1216 quaesita
1251 1151 1306 1210 est,
1334 1147 1378 1200 cui
1398 1149 1470 1204 misi:
1500 1149 1523 1204 si
1544 1165 1605 1204 vero
1628 1149 1807 1218 procuratori,
1830 1165 1914 1216 aeque

1109 1215 1181 1284 (quia
1198 1229 1246 1284 per
1263 1213 1379 1268 liberamv
1398 1231 1539 1284 personam
1556 1217 1689 1284 possessio
1708 1217 1800 1286 quaeri
1816 1221 1914 1286 potest)
1945 1267 1946 1270 ,

1107 1283 1192 1354 ipsius
1207 1281 1281 1336 facta
1295 1287 1343 1346 est,
1361 1285 1473 1338 maxime
1490 1285 1514 1338 si
1528 1285 1584 1340 eius
1597 1283 1719 1338 interfuit
1733 1301 1792 1340 eam
1805 1285 1912 1340 habere.

1108 1351 1179 1420 quod
1196 1351 1218 1404 si
1235 1349 1273 1402 ita
1289 1351 1348 1404 misi
1366 1351 1519 1418 epistulam,
1546 1357 1576 1406 nt
1597 1353 1662 1406 mihi
1679 1353 1840 1418 remittatur,
1866 1351 1913 1404 do-

1107 1419 1215 1474 minium
1241 1433 1329 1472 meum
1352 1425 1452 1482 manet,
1477 1419 1538 1486 quia
1561 1419 1617 1474 θῖεε
1639 1419 1713 1474 nolui
1736 1421 1856 1474 amittere
1873 1423 1915 1474 vel

1107 1487 1252 1540 transferre
1269 1483 1422 1540 dominium.
1457 1487 1515 1554 quis
1532 1503 1594 1556 ergo
1613 1487 1679 1542 furti
1696 1489 1773 1570 aget?
1799 1489 1821 1542 ῖε
1840 1487 1914 1544 cuius

1106 1555 1227 1610 interfuit
1244 1569 1302 1608 eam
1319 1567 1373 1606 non
1390 1553 1503 1622 subripi,
1526 1555 1554 1610 id
1571 1559 1611 1610 θεῖ
1628 1555 1663 1610 ad
1681 1573 1756 1610 θῖῖῖεε
1774 1555 1914 1610 utilitatem

1106 1623 1275 1692 pertinebant
1301 1637 1333 1676 ea
1362 1635 1430 1690 θεεθ
1453 1621 1553 1690 scripta
1580 1627 1650 1678 εεεῖ.
1685 1629 1713 1678 θῖ
1734 1623 1794 1678 ideo
1822 1625 1914 1692 quaeri

1107 1695 1210 1760 potest,
1235 1705 1270 1744 au
1292 1689 1371 1744 etiam
1393 1689 1431 1754 ῖε,
1457 1687 1500 1742 θεῖ
1517 1689 1580 1744 data
1598 1695 1638 1744 est
1675 1691 1823 1758 erierenda,
1850 1689 1915 1744 furti

1108 1775 1186 1826 agere
1208 1757 1302 1828 possit.
1338 1755 1410 1836 etsi
1429 1757 1549 1836 custodia
1562 1759 1622 1836 'eius
1640 1707 1674 1812 ad
1691 1775 1751 1814 eum
1774 1759 1914 1828 pertineat,

1108 1831 1209 1894 potest:
1239 1825 1285 1880 sed
1310 1831 1335 1880 et
1359 1841 1381 1878 s1
1405 1825 1524 1880 interfuit
1546 1841 1601 1880 θῖεε
1628 1827 1768 1894 epistulam
1796 1825 1914 1896 reddere,

1108 1895 1173 1948 furti
1190 1893 1298 1948 habebit
1321 1893 1461 1948 actionem.
1496 1891 1566 1962 finge
1588 1909 1647 1948 θεῖε
1665 1895 1805 1962 epistulam
1823 1893 1913 1962 fuisse,

1109 1977 1176 2032 quae
1195 1963 1359 2026 rennuebat,
1379 1963 1409 2014 ot
1427 1959 1450 2014 θῖ
1468 1961 1530 2030 θεῖε
1548 1961 1702 2014 redderetur
1719 1963 1838 2016 fieretve:
1865 1979 1914 2042 po·

1106 2035 1160 2084 teat
1180 2029 1279 2084 habere
1304 2029 1368 2082 furti
1397 2029 1544 2084 actionem:
1573 2030 1614 2082 vel
1636 2029 1659 2082 si
1686 2027 1835 2084 custodiam
1857 2045 1914 2086 θῖεε

1107 2099 1162 2152 rei⁵
1185 2099 1284 2166 recepit
1308 2097 1347 2152 vel
1377 2097 1523 2150 mercedem
1551 2095 1724 2164 perferendae
1747 2097 1854 2164 accipit.
1889 2103 1916 2152 et

1108 2167 1158 2218 erit
1181 2165 1209 2218 in
1231 2167 1302 2220 hunc
1326 2181 1418 2220 θεεεῖε
1440 2163 1530 2218 similis
1554 2179 1635 2218 causa
1662 2163 1719 2218 eius
1737 2169 1764 2216 et
1787 2165 1914 2230 cauponis

1108 2239 1155 2286 aut
1177 2235 1298 2302 magistri
1320 2233 1407 2288 navis:
1438 2247 1499 2286 nam
1522 2233 1563 2284 his
1582 2231 1676 2284 damus
1693 2231 1758 2284 furti
1776 2229 1914 2296 actionem,

1107 2301 1131 2356 si
1154 2303 1206 2356 sint
1229 2301 1367 2368 solvendo,
1391 2301 1515 2370 quoniam
1538 2299 1686 2370 periculum
1706 2313 1797 2352 rerum
1818 2299 1852 2352 ad
1870 2315 1915 2354 eos

1127 2371 1230 2424 ertinet.

1107 2387 1124 2438 p
1145 2437 1181 2494 la
1205 2439 1323 2494 Paucos
1343 2439 1411 2494 libro
1434 2439 1527 2508 quincto
1545 2437 1582 2490 od
1599 2435 1728 2490 Sabinum
1763 2433 1914 2502 Creditorir,

1108 2507 1183 2560 θεῖῖῖε
1201 2509 1296 2574 pignus
1314 2509 1470 2576 subreptum
1488 2509 1536 2572 est,
1554 2521 1607 2560 non
1622 2503 1722 2560 credito
1739 2510 1817 2558 ῖθεεε
1834 2503 1917 2558 inter-

1106 2581 1161 2638 est,
1190 2575 1236 2628 sed
1264 2575 1413 2628 omnimodo
1437 2575 1464 2628 in
1492 2573 1605 2628 solidum
1627 2571 1692 2626 furti
1714 2587 1791 2640 agere
1814 2575 1913 2640 potest:

1107 2641 1154 2696 sed
1178 2647 1204 2694 et
1226 2643 1400 2710 pigneraticia
1418 2641 1521 2696 εθῖῖοεθ
1538 2641 1566 2694 id
1583 2641 1654 2708 quod
1678 2641 1795 2694 debitum
1813 2639 1916 2696 excedit

1109 2713 1119 2760 1
1158 2707 1272 2764 debitori
1289 2711 1446 2780 praestabit.
1480 2709 1618 2774 Dominus,
1637 2707 1755 2776 quirem
1774 2707 1914 2776 subripuit,

1106 2777 1135 2830 iu
1153 2791 1206 2846 qua
1223 2795 1288 2832 usus
1306 2779 1409 2832 fructus
1428 2779 1529 2832 alienus
1549 2781 1601 2842 est,
1628 2777 1692 2830 furti
1717 2775 1914 2830 usufructuario

1107 2849 1122 2896 ε
1157 2851 1269 2900 tenetur.
1307 2845 1359 2900 Sed
1377 2863 1437 2900 enm
1454 2845 1500 2914 qui
1516 2845 1565 2900 tibi
1585 2845 1798 2912 commodaverit,
1818 2843 1842 2900 εῖ
1858 2859 1915 2898 θεῖε

1106 2929 1164 2968 rem
1181 2913 1323 2982 subripiat,
1346 2929 1401 2972 noo
1417 2913 1501 2968 teneri
1518 2913 1585 2968 furti
1601 2913 1736 2980 placuisse
1752 2913 1915 2982 Pomponius

1107 2981 1226 3050 scripsit,
1251 2983 1375 3050 quoniam
1398 2983 1464 3036 nihil
1486 2987 1533 3036 tua
1551 2983 1701 3048 interesset,
1727 2983 1838 3050 utpotae
1855 2997 1914 3036 cum

1106 3063 1157 3102 nec
1175 3049 1335 3102 commodati
1352 3049 1475 3104 tenearis.
1511 3065 1573 3116 ergo
1596 3049 1620 3102 si
1637 3049 1671 3102 ob
1695 3049 1797 3118 aliquas
1814 3049 1915 3118 impen-

1107 3131 1165 3180 εεε,
1190 3131 1255 3182 quas
1278 3115 1307 3168 in
1328 3131 1384 3170 rem
1409 3115 1601 3170 commodatam
1617 3115 1718 3182 fecisti,
1741 3117 1915 3172 retentionem

1106 3183 1164 3236 eins
1182 3181 1320 3248 habueris,
1346 3185 1426 3236 etiam
1443 3183 1577 3254 cumipse
1597 3183 1717 3248 domino,
1736 3183 1758 3238 si
1775 3199 1835 3238 eam
1852 3185 1914 3238 sub·

1106 3249 1199 3318 ripiat,
1223 3249 1335 3304 habebis
1358 3249 1425 3304 furti
1448 3251 1593 3318 actionem,
1617 3251 1680 3320 quia
1701 3267 1741 3306 eo
1757 3267 1822 3306 casu
1841 3253 1917 3320 quasi

1107 3317 1224 3386 pignoris
1242 3320 1300 3372 loco
1319 3333 1351 3372 ea
1368 3333 1411 3372 res
1428 3317 1487 3372 fuit.

1144 3381 1361 3442 terninano
1379 3387 1490 3464 septimo
1508 3385 1546 3438 ad
1562 3383 1693 3442 Sabinum
1722 3385 1764 3442 Ne
1782 3401 1843 3442 cum
1859 3385 1915 3442 filio

1106 3451 1221 3506 familias
1244 3457 1320 3520 pater
1343 3451 1409 3506 furti
1433 3467 1512 3520 agere
1535 3453 1632 3522 possit,
1655 3469 1709 3508 non
1731 3453 1796 3508 iuris
1815 3455 1914 3508 consti-

1106 3519 1189 3586 tutio,
1216 3521 1263 3574 sed
1285 3525 1382 3574 natura
1405 3519 1445 3574 rei
1469 3520 1656 3588 impedimento
1685 3525 1738 3586 est,
1769 3521 1840 3588 quod
1862 3537 1915 3576 non

1107 3587 1190 3654 magia
1213 3603 1272 3640 θεῖε
1295 3587 1352 3652 hia,
1379 3603 1445 3654 qnos
1468 3587 1496 3640 in
1518 3593 1651 3656 potestate
1673 3589 1814 3652 habemus,
1837 3603 1915 3656 quam

1107 3655 1247 3708 nobiscum
1262 3653 1331 3722 ipsi⁷
1349 3669 1428 3722 agere
1446 3671 1597 3724 possumus.

1144 3719 1181 3778 17
1205 3721 1350 3776 uterinos
1374 3721 1441 3778 libro
1466 3723 1618 3792 tripcrcsc'mo
1636 3739 1708 3778 cono
1730 3721 1914 3778 adriaticum

1108 3789 1182 3844 Serri
1209 3793 1236 3844 et
1259 3787 1306 3842 filii
1328 3789 1415 3844 nostri
1442 3787 1544 3844 furtum
1571 3789 1676 3860 quidem
1703 3791 1781 3846 nobis
1803 3789 1914 3856 faciunt,

1106 3857 1158 3928 ipsi
1183 3861 1272 3910 autem
1295 3855 1361 3910 furti
1383 3871 1439 3910 non
1455 3861 1591 3912 tenentur:
1615 3873 1701 3926 neque
1719 3857 1788 3912 enim
1805 3857 1851 3926 θεῖ
1867 3875 1914 3928 po-

1107 3931 1161 3980 test
1178 3925 1205 3978 in
1223 3925 1308 3978 frtrem
1325 3929 1451 3988 statuere,
1469 3939 1578 3980 necesse
1591 3925 1671 3980 habet
1688 3925 1813 3980 adversus
1831 3923 1915 3982 furem

1107 3993 1221 4060 litigare:
1241 3991 1339 4046 idcirco
1358 4007 1407 4046 neo
1425 3991 1494 4046 aetio
1513 3993 1539 4046 ei
1556 4009 1572 4048 a
1588 3993 1721 4048 veteribus
1742 3991 1849 4062 prodita
1866 3999 1911 4048 est

1109 4065 1121 4114 i
1158 4059 1233 4114 Unde
1249 4063 1290 4114 θεῖ
1324 4059 1464 4124 uaesitnm,
1483 4059 1506 4114 si
1523 4059 1603 4114 fuerit
1619 4061 1749 4114 alienatos
1763 4061 1805 4114 rel
1821 4075 1914 4114 manu·

1107 4129 1216 4192 missus,
1248 4141 1283 4180 an
1304 4075 1371 4180 iusti
1398 4129 1502 4182 actione
1531 4133 1662 4182 teneatur.
1697 4131 1725 4182 et
1751 4129 1839 4196 placet
1859 4143 1914 4180 non

1107 4195 1204 4248 teneri:
1235 4207 1320 4262 neque
1343 4195 1413 4246 enim
1435 4195 1521 4258 actio,
1547 4211 1616 4264 quae
1638 4209 1692 4248 non
1715 4193 1766 4246 fuit
1783 4195 1817 4246 ab
1840 4193 1914 4248 initio

1107 4267 1184 4330 nata,
1209 4261 1272 4316 oriri
1289 4263 1398 4330 θῖθῖθεῖΒ
1421 4261 1548 4318 εῖῖθῖεεε
1571 4263 1643 4318 hunc
1665 4261 1761 4316 furem.
1795 4261 1875 4330 plane
1892 4261 1915 4316 si

1107 4331 1284 4384 manumissus
1307 4331 1496 4394 θοεῖῖθθῖεῖῖῖῖ,
1523 4329 1663 4384 &cendum
1680 4329 1731 4384 erit
1752 4329 1839 4384 teneri
1856 4345 1915 4384 eum

1108 4403 1123 4452 2
1156 4399 1223 4452 furti
1238 4399 1343 4462 iudicio,
1363 4399 1425 4466 quia
1438 4397 1518 4452 hodie
1532 4399 1632 4452 furtum
1647 4397 1718 4452 fecit.
1745 4395 1812 4450 Cum
1826 4401 1914 4450 autem

1107 4483 1213 4532 servus,
1237 4481 1314 4534 quem
1331 4465 1383 4518 emi
1400 4465 1564 4534 traditusque
1582 4463 1647 4518 mihi
1664 4471 1715 4528 θεῖ,
1733 4479 1750 4516 a
1768 4477 1809 4516 me
1826 4463 1914 4518 redhi-

1107 4535 1216 4600 beatur,
1240 4549 1295 4588 uon
1312 4537 1353 4588 est
1373 4533 1402 4588 in
1424 4549 1457 4586 ea
1480 4547 1574 4600 cauea,
1597 4537 1627 4586 ut
1668 4531 1758 4586 erinde
1774 4531 1912 4598 habeatur,

1107 4609 1187 4670 atque
1204 4601 1228 4658 εῖ
1244 4617 1319 4656 meus
1334 4615 1477 4670 numquam
1493 4601 1596 4664 fuisset,
1615 4549 1666 4654 sed
1680 4605 1707 4654 et
1720 4597 1771 4652 fuit
1787 4603 1815 4654 et
1829 4597 1912 4654 desiit.

1107 4669 1206 4724 idcirco
1226 4669 1290 4722 dicit
1304 4669 1417 4724 Sabinus
1432 4683 1499 4734 enm,
1518 4667 1541 4720 si
1557 4667 1659 4720 furtum
1676 4665 1748 4732 feeit,
1766 4667 1794 4720 iu
1810 4681 1843 4722 θε
1855 4681 1914 4722 θεεθ

1108 4753 1203 4804 causa,
1229 4741 1260 4790 εῖ
1283 4737 1348 4792 ῖεῖῖῖ
1370 4737 1428 4800 θῖεε
1451 4735 1556 4792 nomine
1577 4735 1599 4790 ῖε
1618 4735 1663 4804 θεῖ
1679 4735 1814 4792 redhibuit
1835 4751 1914 4804 agere

251 4823 278 4864 ῖθ
301 4807 440 4876 pignerata
461 4807 501 4860 vel
518 4807 546 4860 ῖε
563 4807 712 4862 relocata.
747 4807 810 4862 ῖῖθθῖ
827 4807 897 4862 euim
913 4807 1057 4862 hereditati
1107 4821 1161 4858 non
1178 4805 1271 4872 possit.
1307 4805 1355 4858 sed
1377 4803 1428 4858 θῖεῖ
1448 4819 1503 4858 εοε
1525 4803 1621 4872 possit,
1646 4807 1763 4858 attamen
1778 4803 1848 4860 ratio
1865 4805 1913 4860 ha-

251 4873 315 4930 furti
332 4877 402 4930 actio
419 4889 473 4928 non
491 4873 652 4942 adquiratur,
669 4879 759 4930 tamen
773 4875 826 4940 alii,
845 4875 920 4930 cuius
935 4875 1056 4942 interest,
1106 4873 1164 4930 beri
1182 4873 1260 4928 debet
1286 4873 1343 4928 eius
1361 4873 1432 4942 quod
1455 4871 1533 4936 fecit,
1561 4887 1620 4926 cum
1637 4871 1770 4928 redhiberi
1787 4873 1911 4942 coeperit,

254 4947 281 4994 15
317 4943 472 5010 adquiritur.
507 4941 569 4996 Non
587 4943 672 4998 solum
689 4943 823 4996 antemio
840 4957 870 4996 re
888 4945 1056 4998 commodata
1108 4945 1122 4996 3
1157 4941 1236 5010 idque
1254 4941 1357 4996 actione
1373 4939 1548 4996 redhibitoria
1565 4939 1722 4994 continetur.
1748 4939 1818 4996 illud
1832 4957 1911 5012 quac·

252 5011 376 5082 competit
393 5011 418 5066 ei
435 5009 478 5062 cni
496 5011 661 5064 commodata
674 5015 715 5066 θεῖ
731 5009 797 5064 ῖεῖῖῖ
814 5011 893 5076 εθῖῖο,
911 5011 959 5066 sed
977 5013 1057 5068 etiam
1108 5011 1188 5064 sitnm
1205 5013 1260 5074 est,
1285 5009 1320 5074 si,
1340 5025 1400 5066 cum
1416 5009 1445 5062 in
1462 5007 1527 5078 fuga
1543 5013 1613 5064 θεεθῖ
1630 5023 1729 5078 servus,
1747 5007 1848 5066 furtum
1865 5011 1912 5068 do·

251 5075 278 5130 in
296 5095 335 5146 ea,
355 5095 422 5146 quae
438 5093 472 5132 ex
488 5093 520 5132 ea
538 5077 654 5146 adgnata
671 5083 724 5144 est,
744 5077 807 5146 quia
825 5083 851 5132 et
867 5077 948 5134 huius
966 5085 1055 5136 custo·
1108 5079 1178 5132 mino
1196 5077 1318 5144 iecisset,
1343 5095 1377 5132 εε
1395 5091 1478 5146 εθθεθ
1495 5083 1586 5146 posset
1601 5077 1701 5134 habere
1717 5079 1848 5134 εθῖῖθῖῖθεῖ
1865 5081 1911 5136 ad·

252 5143 294 5198 dia
318 5145 353 5200 ad
377 5161 435 5200 eum
457 5147 579 5214 pertinet.
613 5149 723 5208 namet
746 5145 771 5200 si
794 5163 897 5200 :ervum
920 5147 1056 5204 tibicom-
1108 5161 1199 5202 versus
1214 5161 1282 5212 eum,
1301 5147 1347 5214 qui
1362 5145 1390 5200 in
1407 5151 1564 5216 potestatem
1583 5145 1680 5200 domini
1697 5163 1750 5202 non
1765 5163 1912 5218 regressum

252 5213 402 5278 moderere,
421 5219 448 5268 et
464 5215 545 5270 restis
563 5213 618 5270 eius
635 5215 741 5270 nomine
759 5215 822 5268 furti
839 5231 914 5284 ages,
938 5217 1057 5284 quamvis
1108 5215 1254 5272 bonafide
1281 5215 1419 5284 possidere
1448 5215 1573 5284 eoeperit.
1607 5221 1695 5272 movet
1722 5217 1911 5286 quaestionem,

252 5287 363 5356 ¹uestem,
386 5283 458 5350 θεε2
479 5285 588 5338 ῖθεῖῖῖεε
605 5287 658 5348 θεῖ,
682 5282 732 5337 tibi
752 5299 806 5338 non
829 5285 1055 5338 commodaverim.
1126 5283 1192 5350 uod,
1212 5283 1329 5352 quamvis
1348 5281 1483 5352 possidere
1500 5299 1603 5338 servum
1620 5299 1652 5340 eo
1668 5289 1796 5356 tempore,
1815 5301 1867 5356 quo
1884 5287 1912 5340 iu

252 5351 313 5400 rtem
331 5347 354 5402 si
370 5347 488 5404 iumenta
504 5353 552 5406 tibi
570 5351 782 5416 commodarem,
806 5367 916 5420 quorum
938 5353 1057 5420 aequalia
1108 5301 1172 5422 iuga
1195 5357 1248 5418 est,
1277 5351 1380 5418 videor,
1406 5357 1522 5408 attamen
1538 5351 1602 5408 furti
1619 5353 1724 5410 actione
1740 5371 1794 5410 non
1811 5359 1911 5422 teneor,

253 5419 309 5494 θῖεῖ
332 5417 451 5480 θθεῖθεε,
474 5425 540 5486 θεῖε
563 5423 713 5488 competere
734 5419 800 5472 furti
823 5419 954 5476 achonem
976 5419 1077 5476 etiam¹
1109 5419 1185 5488 quasi
1208 5437 1261 5474 nou
1284 5419 1319 5476 sit
1340 5421 1368 5476 in
1388 5435 1448 5476 mea
1469 5425 1614 5490 potestate:
1645 5423 1716 5492 quod
1736 5421 1806 5476 enim
1823 5419 1913 5476 videor

252 5495 306 5536 θῖεε
339 5485 456 5548 nomine,
490 5487 607 5554 quamvis
636 5487 695 5556 ipse
720 5503 774 5542 non
799 5487 834 5540 sit
864 5487 1056 5542 commodatus.
1128 5485 1258 5554 assidere,
1289 5487 1323 5542 ad
1346 5489 1534 5560 usucapionem
1562 5495 1665 5548 tautum
1693 5489 1758 5544 mihi
1783 5487 1913 5558 proficere

256 5551 283 5602 ta
317 5549 409 5616 Qualis
432 5565 495 5620 ergo
518 5553 584 5610 furti
606 5557 676 5612 aetio
701 5557 778 5612 detur
799 5555 837 5622 ei,
859 5557 902 5612 oui
925 5571 967 5612 res
985 5571 1057 5612 com·
1108 5503 1227 5612 iulianus
1245 5556 1346 5614 scribit.
1368 5557 1432 5614 dicit
1446 5557 1527 5630 igitur
1538 5557 1701 5632 Pomponius
1718 5557 1785 5612 libro
1800 5557 1911 5624 septimo

251 5727 279 5788 (tl
297 5729 402 5776 servoli*
471 5731 502 5792 (ε)
521 5733 630 5794 quamF
700 5731 731 5794 (ε)
749 5725 1055 5794 omuibusJobligatiarcr.
1130 5727 1164 5794 (t)
1179 5729 1302 5782 actionem
1310 5733 1356 5780 scr.
1429 5729 1462 5792 (s)
1480 5723 1638 5776 reidebcdd.
1711 5719 1745 5782 (θ)
1763 5719 1914 5782 utputoteF

252 5793 283 5852 (tl
301 5795 360 5860 ipsis
368 5815 414 5846 ser.
483 5799 672 5864 importantur.
