4366 6258
262 351 390 432 ΧΧΠΠ
416 361 429 418 1

263 543 275 592 1
312 555 370 594 eam
388 553 468 608 quam
491 553 525 592 ex
548 539 678 606 emptione
703 543 840 606 praestare
856 541 959 596 debeat.
995 541 1072 608 Quod
1096 545 1097 548 ’

261 609 285 664 ιι
302 607 396 662 mulier
413 623 468 662 uon
486 613 587 660 emerat
604 621 720 670 servum,
745 607 792 660 sed
809 617 840 662 ut
857 613 962 674 emeret,
981 625 998 660 ι
1014 609 1071 662 viro

261 675 402 746 pecuniam
419 675 531 742 accepit,
549 683 606 726 tum
619 675 661 728 vel
677 681 782 730 mortuo
797 679 839 730 vel
853 677 981 730 deteriore
997 675 1071 730 facto

262 757 336 796 servo
356 743 481 796 damnum
498 743 534 794 ad
549 743 633 796 rhum
651 741 804 810 pertinebit:
829 745 891 813 quia
908 741 978 810 quod
994 745 1072 796 aliter

262 811 398 874 emptura¹
425 809 555 874 nonfuit,
573 809 624 862 nisi
647 809 786 876 pecuniam
803 827 819 864 a
843 811 896 864 rhu
914 811 1071 878 accepisset,

261 877 313 928 hoc
336 885 522 944 consumptum
546 875 569 928 ei
591 875 661 944 perit
683 877 729 944 qui
751 877 872 940 donavit,
896 877 918 928 si
941 877 1019 930 modo
1042 877 1071 930 iu

261 959 351 996 rerum
368 949 465 1006 natura
482 957 541 998 esse
558 943 647 996 desiit:
666 959 716 998 nec
730 947 833 1000 videtur
847 943 939 996 mulier
953 943 1070 1012 locuple·

261 1011 314 1064 tior
338 1027 410 1076 esse,
431 1025 501 1078 quae
522 1027 607 1078 neque
630 1027 647 1064 ι
670 1011 799 1068 creditore
821 1027 870 1066 suo
893 1011 1008 1064 liberata
1031 1017 1071 1066 est

260 1093 348 1156 neque
365 1077 392 1130 id
408 1077 527 1146 possidet
545 1079 615 1144 quod
633 1093 666 1132 ex
682 1081 795 1148 pecunia
812 1081 861 1132 viri
878 1083 984 1132 emerat.

296 1143 333 1200 cl
354 1145 525 1198 Pannonias
547 1147 614 1198 libro
639 1149 732 1214 quinto
752 1147 789 1200 aci
805 1145 931 1210 Quinim
950 1143 1070 1200 Mucium

263 1211 376 1278 Quintus
401 1213 507 1264 Mucius
534 1213 584 1276 ait,
612 1227 671 1266 curu
695 1215 725 1268 in
755 1213 960 1268 controversiam
990 1213 1070 1276 veuit,

262 1279 333 1332 unde
350 1279 384 1332 ad
401 1279 537 1332 mulierem
555 1279 617 1346 quid
632 1281 789 1348 pervenerit,
813 1285 840 1332 et
860 1279 948 1332 verius
973 1285 999 1332 et
1021 1279 1069 1332 ho-

262 1345 363 1398 nestius
389 1351 429 1398 est
460 1345 533 1414 quod
564 1363 618 1400 non
650 1347 846 1402 demonstratur
875 1345 946 1398 unde
971 1345 1070 1398 hebeat

262 1413 407 1466 existimari
429 1427 445 1464 a
469 1413 525 1466 viro
543 1419 590 1464 aut
613 1415 657 1482 qui
679 1415 708 1468 in
724 1419 857 1480 potestate
874 1413 930 1464 eius
949 1419 1019 1466 esset
1036 1413 1071 1464 ad

263 1493 321 1532 eam
335 1479 492 1546 pervenisse.
515 1479 629 1534 evitandi
638 1487 726 1534 autem
734 1479 820 1546 turpis
830 1485 954 1546 quaestus
967 1479 1070 1546 gratia²

263 1547 334 1600 circa
359 1561 468 1600 uxorem
485 1545 538 1600 boc
559 1547 663 1600 videtur
680 1547 792 1614 Quintus
809 1547 915 1600 Mucius
932 1547 1070 1614 probasse.

297 1609 336 1670 52
354 1613 537 1668 Paernrrros
557 1615 624 1670 libro
647 1613 747 1668 deamo
766 1615 951 1682 quaestionum
986 1613 1014 1666 Si
1031 1615 1071 1666 vir

262 1681 340 1734 uxori
364 1679 513 1736 donationis
537 1697 618 1736 causa
641 1697 696 1734 rem
720 1681 796 1732 vilius
814 1681 953 1744 locaverit,
970 1681 1068 1734 locatio

262 1747 336 1802 nulla
354 1753 408 1802 est:
433 1763 492 1802 cnm
509 1755 598 1804 autem
616 1747 763 1816 depositum
786 1747 855 1798 inter
878 1763 922 1800 eas
941 1763 1068 1816 personas

262 1815 371 1868 minoris
389 1815 539 1870 donationis
563 1831 644 1870 causa
667 1813 834 1876 aestimatur,
854 1813 1001 1882 depositum
1020 1821 1067 1868 est.

262 1883 329 1936 haec
345 1881 404 1936 ideo
422 1887 477 1936 tam
494 1885 573 1946 varie,
593 1883 654 1949 quia
671 1879 767 1932 locatio
793 1879 897 1948 quidem
919 1883 976 1934 sine
1000 1897 1068 1934 mer·

263 1949 327 2002 cede
344 1955 417 2002 certa
435 1951 558 2004 contrahi
573 1965 627 2002 uon
644 1951 741 2014 potest,
760 1947 906 2014 depositum
929 1955 1020 2002 autem
1043 1955 1070 2002 et

264 2021 275 2068 1
314 2017 381 2068 citra
406 2017 615 2072 aestimationem
642 2029 747 2082 quoque
773 2015 831 2068 dari
854 2023 951 2084 potest.
995 2015 1069 2070 Uxor

262 2083 317 2138 viro
335 2083 451 2140 fructum
467 2083 544 2138 fundi
561 2083 594 2136 ab
613 2083 708 2136 herede
727 2099 774 2136 suo
794 2083 859 2148 dari,
877 2083 948 2152 quod
959 2083 981 2138 si
990 2083 1068 2138 datus

262 2167 316 2206 nou
332 2151 439 2216 inisset,
464 2157 563 2206 certam
585 2149 725 2218 pecuniam
742 2151 834 2204 mortis
853 2167 934 2206 causa
950 2151 1069 2220 promitti

263 2221 378 2272 amavit:
409 2219 533 2274 defuncto
559 2218 613 2272 viro
637 2217 695 2272 riva
718 2219 826 2272 muliere
850 2221 984 2288 stipulatio
1014 2219 1067 2274 sol-

262 2287 339 2350 vitur,
357 2293 388 2340 ιι
404 2287 521 2350 traditio,
540 2285 759 2354 quaemandante
776 2303 859 2340 uxore
875 2287 967 2340 mortis
986 2301 1069 2340 causa

261 2351 335 2408 iacta
353 2359 406 2410 est:
430 2371 491 2406 nanu
509 2369 561 2422 quo
580 2367 645 2406 casu
661 2353 730 2406 inter
743 2359 846 2406 exteros
859 2353 988 2408 condictio
1005 2367 1067 2406 nas·

264 2421 340 2486 citur,
359 2423 429 2474 inter
445 2419 555 2474 maritos
572 2419 637 2470 nihil
655 2419 748 2486 agitur.

296 2485 335 2544 53
356 2487 451 2540 ³Innnr
467 2487 534 2538 libro
553 2493 649 2554 quarto
667 2503 855 2554 remansurum
888 2487 984 2542 Mortis
1002 2503 1068 2542 suae

263 2569 345 2608 causa
362 2569 456 2620 genero
474 2553 515 2604 vel
532 2551 611 2604 nurui
632 2567 753 2606 socerum
770 2553 870 2606 frustra
887 2553 986 2608 donare
1004 2569 1066 2608 con-

262 2623 347 2686 venit,
371 2623 434 2688 quia
459 2625 563 2674 mortno
586 2635 678 2674 socero
703 2621 811 2688 nuptiae
834 2637 888 2674 uon
917 2623 1065 2674 solvuntur:

262 2703 312 2742 nce
328 2689 445 2750 interest,
463 2703 498 2740 au
515 2693 591 2754 pater
608 2687 690 2740 filium
704 2689 744 2740 vel
761 2687 843 2742 filiam
861 2689 1065 2742 exheredaverit.

264 2761 275 2806 1
313 2755 416 2810 divortii
439 2755 539 2824 species
563 2755 654 2808 eadem
676 2755 780 2810 ratione
803 2755 906 2810 diversa
928 2761 977 2808 est.
1013 2755 1066 2810 Res

262 2821 289 2874 in
307 2821 395 2876 dotem
413 2821 581 2874 ιιιιιιιιιιι4
600 2821 780 2876 consentiente
793 2825 848 2876 viro
860 2821 954 2876 mulier
971 2823 999 2874 in
1016 2839 1067 2876 usu

262 2889 368 2942 habuit:
392 2891 461 2942 usu⁵
479 2889 620 2944 deteriores
638 2889 661 2944 si
677 2889 757 2954 fiant,
782 2891 870 2944 damni
887 2891 1065 2958 compensatio

263 2973 316 3010 uon
334 2957 488 3010 admittitur.
513 2957 618 3010 easdem
640 2973 683 3010 res
707 2975 761 3012 nou
784 2957 890 3026 Ῑιοιιιιὃ
907 2959 1000 3010 ιιιιιιι·
1018 2959 1067 3012 sibi

263 3025 339 3092 quasi
362 3025 474 3078 donatas
499 3025 639 3078 defendere
662 3041 694 3080 ex
716 3025 767 3078 illis
785 3025 879 3088 verbis,
906 3025 1001 3092 quibus
1020 3025 1066 3080 do·

263 3091 384 3146 nationes
401 3091 426 3144 ei
443 3107 459 3144 ι
475 3091 531 3146 viro
549 3093 652 3160 legatae
664 3099 734 3156 sunt,
750 3109 810 3146 cum
822 3091 948 3146 eiusmodi
966 3093 1067 3160 species

263 3173 295 3210 ιι
314 3173 348 3212 ιι
366 3157 460 3212 donari
476 3173 563 3226 neque
579 3159 679 3214 auferri
695 3161 817 3214 videntur
823 3161 838 3214 ⁷.

296 3175 336 3280 64
360 3225 441 3278 Inar!
460 3225 527 3280 libro
551 3233 643 3280 octauo
669 3243 857 3298 responsorum
898 3225 946 3278 Vir
972 3241 1066 3280 usuras

263 3291 408 3360 promissae
426 3291 495 3346 dotis
512 3293 540 3346 in
558 3293 711 3360 stipulatum
729 3295 876 3354 deduxerat
893 3307 991 3372 easque
1013 3309 1067 3348 uon

263 3361 389 3428 petierat:
420 3375 480 3412 cum
503 3377 552 3428 per
575 3377 651 3414 ornue
675 3367 778 3430 tempus
802 3361 960 3414 matrimonu
978 3377 1066 3430 sump-

263 3427 333 3480 tibus
356 3427 411 3482 suis
435 3443 545 3480 uxorem
574 3433 600 3480 et
623 3429 678 3484 eius
706 3427 831 3484 familiam
860 3429 898 3482 vir
925 3429 1066 3490 exhiberet,

263 3493 324 3548 dote
340 3495 525 3562 praelegata⁷',
544 3495 590 3548 sed
617 3503 642 3550 et
668 3497 853 3550 donationibus
883 3497 969 3550 verbis
994 3495 1067 3548 fidei-

264 3563 395 3616 commissi
412 3561 573 3616 coutirmatis
595 3565 681 3632 legato
699 3563 803 3632 quidem
821 3563 888 3616 dotis
901 3577 997 3616 usuras
1014 3577 1068 3616 non

264 3629 393 3682 contineri
408 3631 556 3694 videbatur,
575 3629 622 3682 sed
638 3631 714 3684 titulo
734 3631 883 3682 donationis
901 3631 1032 3682 remissas.

297 3693 336 3750 55
355 3697 472 3748 Paucos
488 3697 555 3750 libro
572 3703 648 3750 saneto
668 3699 852 3766 quaestionum
885 3697 958 3750 Uxor
973 3697 1066 3750 marito

264 3779 311 3816 suo
329 3763 468 3832 pecuniam
486 3763 607 3818 donarit:
631 3765 741 3818 maritus
766 3779 799 3818 ex
821 3763 935 3832 pecunia
952 3763 1001 3816 sibi
1019 3765 1066 3816 do·

263 3837 328 3884 nata
346 3839 393 3884 ιιι
407 3831 529 3886 mobilem
544 3837 591 3884 ιιι
608 3831 657 3884 soli
674 3847 729 3884 rem
748 3831 923 3898 comparavit:
942 3833 1065 3886 solvendo

264 3907 376 3952 nonest
402 3905 428 3952 et
450 3913 492 3952 ιιι
516 3899 641 3952 extanti:
670 3913 778 3968 quaero,
803 3899 825 3952 si
846 3899 939 3952 mulier
962 3907 1068 3954 revocet

264 3965 441 4030 deusdonam,
458 3981 493 4018 au
510 3967 609 4018 utiliter
627 3965 784 4020 condictitia
803 3967 969 4034 experiatur?
996 3965 1065 4018 vide-

263 4039 308 4086 tur
326 4033 393 4086 euim
410 4033 528 4096 maritus,
546 4033 663 4100 quamvis
686 4033 808 4088 solvendo
832 4051 885 4088 non
903 4033 950 4096 sit,
970 4049 1002 4086 ex
1019 4033 1065 4086 do-

265 4101 371 4154 natione
399 4099 556 4168 locupletior
579 4099 701 4164 effeetus,
731 4117 790 4154 curn
816 4101 930 4168 pecunia
950 4101 1066 4154 mulieris

263 4183 306 4222 res
331 4175 483 4234 comparata
506 4173 598 4222 exstet.
623 4167 759 4234 respondi:
788 4169 985 4236 locupletiorem
1009 4183 1066 4222 esse

266 4251 298 4288 ex
314 4235 456 4290 donatione
473 4237 564 4304 negari
575 4251 629 4288 uon
638 4241 739 4304 potest:
758 4251 812 4288 non
827 4237 895 4288 euim
907 4237 1065 4306 quaerimus,

265 4303 328 4372 quid
345 4303 458 4356 deducto
476 4319 538 4356 aere
556 4303 641 4356 alieno
663 4303 774 4356 liberum
796 4303 908 4368 habeat,
932 4305 980 4358 sed
1002 4303 1066 4372 quid

266 4387 297 4424 ex
320 4385 348 4422 re
371 4369 485 4424 mulieris
509 4371 648 4438 possideat.
675 4369 731 4424 solo
755 4369 841 4422 enirn⁹
864 4377 1002 4438 separatur
1022 4371 1065 4424 hic

266 4439 298 4492 ab
323 4453 367 4504 eo,
392 4439 435 4492 cui
458 4453 500 4492 res
523 4437 622 4492 donata
646 4445 699 4502 ιιι,
722 4437 793 4504 quod
809 4437 846 4490 ibi
854 4439 875 4470 ¹⁰
885 4453 934 4506 res
950 4439 1065 4492 ιιιΙιιιιι

265 4511 402 4576 permanet
411 4511 437 4560 et
450 4505 576 4558 uudicari
590 4507 689 4558 directo
704 4511 804 4573 potest:
824 4509 850 4558 et
860 4507 879 4538 ¹¹
895 4507 944 4558 erit
953 4507 1066 4560 deterior

266 4589 348 4628 causa
371 4573 426 4636 viri,
454 4573 476 4626 si
502 4573 525 4628 ei
550 4575 662 4642 pecunia
688 4579 816 4640 quatenus
841 4589 884 4626 res
908 4575 986 4636 valet,
1012 4591 1065 4626 nou

265 4643 336 4696 ultra
352 4639 380 4694 id
397 4649 484 4694 tamen
503 4641 573 4708 quod
591 4641 716 4694 donatum
734 4647 782 4704 est,
801 4641 963 4704 ιοιιιιιιιιι,
988 4657 1065 4708 quam

265 4711 288 4762 si
319 4709 388 4762 dotis
425 4709 522 4762 iudicio
556 4709 734 4762 conveniatur.
777 4705 825 4762 sed
855 4707 919 4760 nihil
943 4707 1066 4774 prohibet

266 4777 346 4830 etiam
362 4777 391 4828 iu
407 4791 462 4828 rem
475 4777 566 4828 utilem
575 4777 676 4828 mulieri
689 4775 716 4828 in
725 4777 797 4842 ipsas
806 4789 847 4828 res
858 4775 1064 4828 accommodare.

299 4841 339 4900 56
358 4843 507 4898 Stentora
525 4843 591 4898 libro
610 4843 687 4894 tertio
705 4845 888 4910 quaestionum
919 4841 946 4894 Si
963 4843 1034 4910 quod
1046 4843 1065 4874 ¹²

265 4911 329 4964 mihi
346 4911 438 4966 mortis
456 4925 537 4964 causa
556 4909 654 4964 donare
670 4911 760 4974 vellet,
779 4927 824 4978 ego
842 4925 907 4978 pure
925 4909 1001 4962 uxori
1018 4909 1065 4964 do·

265 4995 330 5034 nare
347 4981 446 5044 vellem,
464 4995 519 5032 non
535 4979 603 5032 valet
625 4979 696 5046 quod
716 4979 792 5032 uxori
813 4979 890 5032 iubeo
912 4977 982 5042 dari,
1004 4979 1078 5046 quta

264 5047 309 5100 illo
328 5047 527 5102 convalescente
545 5045 710 5100 condictione
726 5053 830 5110 teneor,
851 5053 954 5100 mortuo
977 5053 1065 5098 autem

265 5115 347 5168 nihilo
365 5117 450 5168 miuus
471 5113 612 5182 pauperior
633 5129 704 5168 sum:
726 5131 780 5168 nou
803 5113 871 5168 enim
891 5113 976 5168 habeo
995 5113 1066 5182 quod

266 5183 405 5238 habiturus
422 5197 515 5236 essem.

300 5247 339 5302 57
361 5249 475 5302 Pronus
488 5249 555 5302 libro
573 5249 684 5318 septimo
701 5263 888 5318 responsorum
922 5247 972 5312 Ea,
999 5263 1066 5316 quae

266 5419 295 5476 tt}
313 5415 377 5464 alter
386 5423 494 5480 emptum
503 5419 530 5466 F
577 5419 608 5480 tt)
627 5417 757 5464 ιιιιιιιιιι
767 5425 848 5464 autern
857 5419 938 5480 turpis
948 5423 1065 5480 quaestus

266 5483 418 5546 quaestionis
427 5485 510 5546 gratia
518 5503 564 5534 ser.
649 5487 679 5540 (3)
698 5485 757 5534 citat
769 5485 888 5548 Ulpianus
897 5485 918 5534 ι.
930 5497 945 5536 ι.
956 5485 970 5534 l.
982 5495 1008 5534 ιι
1020 5491 1030 5542 i
1040 5493 1063 5534 tt

267 5551 299 5612 tt)
317 5549 441 5598 datasius.
515 5552 547 5613 (ι)
564 5551 658 5600 ususF
726 5555 759 5612 (ut
778 5551 904 5614 possiti*2
972 5553 1003 5614 (ι)
1027 5551 1064 5598 vi·

266 5615 372 5664 uetur-F
377 5615 384 5644 ¹
410 5615 626 5678 (¹1¹)rslegatascr.
655 5621 687 5680 (8)
695 5621 823 5668 extatcdd.
859 5621 1063 5680 (o)enim]oomr.

267 5679 414 5744 (tblsibiF²
448 5683 487 5738 (ιι)
496 5683 529 5740 ιι]
539 5687 651 5734 neeAut.
660 5685 741 5734 Faber
785 5687 947 5748 titiquisins.
983 5689 1064 5746 (13)ea

266 5749 432 5796 itadarideri
449 5749 492 5796 ins.
579 5757 620 5806 ιιι)
640 5753 775 5800 creditaF
844 5757 885 5812 (lt)
909 5751 1063 5802 ιιιιιιιΡ2

1069 349 1131 422 318

1421 373 1467 420 ΠΕ
1488 373 1614 420 DONAT.
1636 373 1703 422 INT·
1725 373 1792 420 vm.
1814 373 1857 418 ET
1880 375 1932 420 UX.

1122 553 1139 592 a
1151 539 1246 592 manto
1260 553 1309 592 suo
1322 539 1464 606 pecuniam
1478 553 1511 592 ex
1524 553 1607 592 causa
1620 537 1770 592 donationis
1784 547 1931 615 acceperat,

1121 607 1223 660 litteras
1242 605 1276 658 ad
1295 621 1354 658 eum
1371 607 1443 660 misit
1459 605 1624 660 huiusmodi:
1651 613 1720 658 ‘cum
1748 605 1849 674 petenti
1870 605 1932 658 mhi

1122 679 1148 728 ‘a
1172 681 1212 738 te,
1240 673 1344 728 domine
1370 673 1521 738 carissime,
1550 673 1673 726 adnuerit
1696 673 1860 740 indulgentia
1885 679 1932 724 tua

1122 741 1221 808 ‘viginti
1252 741 1286 792 ad
1316 741 1494 810 expediendas
1520 741 1650 810 quasdam
1674 755 1717 794 res
1742 755 1833 804 meas,
1865 753 1932 806 quae

1122 813 1234 862 ‘summa
1250 807 1313 860 mihi
1330 813 1470 862 numerata
1487 813 1527 860 est
1544 809 1594 862 sub
1613 823 1644 860 ea
1663 805 1830 870 condicione,
1849 813 1891 868 ut,
1910 805 1930 860 si

1121 873 1932 996 {sttuittttttiirdtittii‘rtttnttfltit

1121 1011 1212 1064 ‘invito
1230 1015 1257 1062 te
1274 1009 1421 1064 discessero
1446 1009 1479 1062 de
1501 1009 1578 1062 domo
1601 1015 1648 1062 tua
1669 957 1710 1062 661
1727 981 1866 1088 repudiur’n
1883 1009 1931 1062 tibi

1121 1077 1188 1132 ‘sine
1209 1075 1264 1130 ulla
1285 1077 1402 1144 querella
1426 1077 1521 1130 misero
1540 1077 1731 1144 divortiumque
1755 1077 1858 1130 iactum
1883 1091 1931 1144 per

1121 1149 1172 1198 ‘me
1189 1145 1359 1210 probabitur,
1382 1149 1446 1198 ιιιι
1467 1143 1569 1210 viginti
1589 1143 1736 1212 quaemihi
1754 1145 1805 1196 hae
1823 1143 1865 1198 die
1883 1145 1929 1198 do·

1121 1211 1244 1264 ‘nationis
1256 1225 1337 1264 causa
1346 1213 1411 1264 dare
1424 1211 1540 1274 voluisti,
1550 1211 1674 1264 daturam
1689 1211 1872 1264 restituturam
1889 1225 1931 1264 me

1120 1279 1187 1332 ‘siue
1204 1279 1258 1330 ulla
1275 1279 1414 1332 dilatione:
1437 1279 1597 1346 ¹³spoudeo'.
1616 1293 1724 1346 quaero,
1739 1293 1783 1342 an,
1802 1279 1824 1332 si
1839 1277 1929 1332 eedem

1121 1345 1191 1398 Titio
1214 1345 1308 1400 marito
1338 1361 1387 1400 suo
1416 1345 1555 1412 repudium
1580 1345 1692 1408 miserit,
1722 1345 1863 1414 pecuniam
1887 1361 1929 1398 re-

1120 1411 1230 1466 stituere
1253 1411 1356 1466 debeat.
1395 1411 1495 1464 Paulus
1517 1411 1653 1480 respondit
1674 1411 1826 1480 pecuniam,
1850 1429 1929 1480 quam

1118 1479 1158 1532 vir
1175 1479 1254 1532 uxori
1271 1479 1391 1542 donavit,
1415 1495 1449 1532 ex
1470 1479 1639 1546 stipulatione
1661 1479 1806 1546 proposita,
1825 1479 1848 1532 ιι
1866 1495 1928 1534 cou-

1120 1545 1188 1600 disio
1208 1547 1263 1600 eius
1281 1547 1389 1610 exstitit,
1407 1545 1462 1614 peti
1479 1561 1572 1614 posse,
1591 1547 1715 1614 quoniam
1736 1561 1769 1600 ex
1787 1547 1929 1600 donatione

1119 1615 1147 1666 in
1163 1615 1304 1680 pecuniam
1321 1615 1448 1666 creditam
1456 1615 1476 1646 ¹⁴
1494 1629 1623 1668 conversa
1640 1619 1692 1668 est:
1715 1615 1827 1682 quodsi
1844 1615 1927 1682 stipu-

1118 1681 1182 1734 latio
1202 1681 1341 1734 eommissa
1354 1695 1408 1734 uon
1421 1681 1557 1748 probetur,
1574 1687 1639 1734 tuuc
1657 1687 1761 1734 tautum
1773 1681 1829 1750 peti
1839 1697 1926 1750 posse,

1119 1753 1218 1816 quanto
1237 1747 1395 1816 locupletior
1413 1763 1446 1800 ex
1463 1765 1495 1802 ea
1513 1747 1655 1802 donatione
1672 1747 1746 1802 fucta
1761 1749 1899 1816 probetur.

1154 1809 1192 1870 58
1225 1813 1377 1866 Scaevoia
1408 1813 1476 1868 libro
1507 1815 1623 1868 secundo
1654 1831 1843 1884 responsorum
1900 1815 1928 1870 si

1118 1881 1228 1948 praedia
1246 1887 1272 1934 ιι
1289 1881 1421 1948 mancipia
1434 1881 1510 1934 Seiae
1524 1881 1588 1934 data
1606 1881 1700 1936 effecta
1717 1881 1770 1934 sint
1787 1881 1842 1936 eius
1859 1887 1926 1936 tem-

1118 1963 1184 2016 pore
1210 1947 1402 2002 concubinatus
1434 1963 1466 2002 ac
1496 1955 1590 2016 postea
1620 1957 1738 2018 tempore
1768 1949 1927 2002 mauimonii

1117 2017 1177 2068 aliis
1196 2017 1312 2082 acceptis
1329 2015 1435 2068 reddita
1452 2021 1527 2080 suut,
1547 2017 1610 2083 quid
1626 2017 1690 2068 iuris
1709 2017 1767 2068 est‘?
1791 2017 1926 2086 respoudit

1119 2083 1265 2136 secundum
1291 2097 1323 2134 ea
1348 2097 1417 2162 quae
1442 2089 1653 2152 proponerentur
1679 2083 1812 2150 negotium
1837 2083 1926 2152 potius

1120 2153 1132 2202 1
1168 2149 1368 2218 gestumviderr,
1385 2151 1833 2272 quandonationemiuterrenisse.
1860 2151 1926 2204 Item

1118 2233 1179 2272 cum
1197 2223 1367 2286 quaereretur
1402 2233 1417 2272 e
1436 2217 1541 2272 cibariis
1559 2219 1757 2288 mancipiorum,
1774 2217 1924 2286 respoudit:

1118 2291 1237 2356 tempore
1253 2285 1357 2354 quddam
1373 2285 1566 2340 concubinatus
1584 2285 1756 2340 datacibaria
1770 2285 1855 2354 repeti
1871 2301 1926 2338 non

1118 2359 1238 2420 possunt,
1256 2351 1303 2406 sed
1320 2367 1370 2406 nee
1387 2359 1505 2422 ternpore
1517 2353 1686 2416 matrimonii,
1699 2353 1727 2404 si
1744 2367 1776 2404 ea
1793 2353 1926 2420 mancipia

1118 2425 1133 2472 2
1167 2421 1260 2474 uxods
1284 2421 1313 2474 in
1338 2419 1470 2474 communi
1495 2437 1545 2474 ιιι
1571 2419 1706 2472 iuerint¹⁵.
1741 2419 1824 2472 Filius
1846 2421 1925 2474 rebus

1117 2489 1209 2542 mamis
1227 2487 1384 2542 intervenire
1401 2487 1494 2542 solitus
1512 2487 1626 2554 pecunia
1637 2487 1728 2540 matris
1745 2487 1925 2542 consentiente

1117 2555 1176 2624 ipsa
1193 2555 1325 2624 mancipia
1342 2559 1373 2608 ct¹
1385 2569 1428 2608 res
1439 2559 1572 2608 mercatus
1581 2555 1741 2622 emptionum
1749 2553 1925 2608 instrumenta

1117 2637 1165 2674 suo
1193 2623 1297 2676 nomine
1323 2623 1451 2676 coniecit:
1484 2621 1598 2678 decessit
1622 2623 1649 2674 iu
1676 2621 1758 2690 patris
1784 2627 1923 2690 potestate.

1117 2689 1266 2758 quaesitum
1289 2695 1342 2754 est,
1360 2705 1396 2742 an
1412 2695 1497 2742 mater
1515 2705 1575 2742 cum
1591 2689 1684 2744 manto
1703 2705 1751 2742 suo
1768 2689 1881 2756 experiri
1898 2695 1924 2742 et

1118 2771 1170 2824 qua
1187 2755 1292 2810 actione
1308 2757 1348 2810 uti
1364 2757 1457 2824 possit.
1484 2755 1657 2824 respondit¹⁶‚
1683 2755 1706 2810 si
1723 2761 1808 2810 mater
1824 2755 1924 2824 obliga·

1117 2829 1174 2876 tum
1190 2823 1272 2878 tilium
1288 2823 1316 2878 iu
1334 2839 1365 2878 ea
1388 2823 1500 2902 pecunia
1523 2823 1606 2878 volrdt
1628 2839 1698 2888 esse,
1722 2823 1794 2876 ιιιιι
1816 2839 1923 2886 anuum,

1118 2905 1197 2958 quam
1214 2891 1284 2944 filius
1301 2891 1422 2956 decessit,
1441 2891 1473 2944 de
1490 2891 1593 2960 peculio
1618 2907 1678 2944 cum
1713 2895 1786 2956 atre,
1803 2891 1830 2944 ιι
1850 2891 1923 2944 euius

1117 2963 1249 3028 potestate
1266 2959 1349 3012 finisse
1365 2965 1539 3028 proponatur,
1557 2959 1688 3012 audonem
1724 2959 1815 3012 abere:
1834 2959 1857 3012 si
1877 2959 1923 3012 do·

1117 3025 1198 3090 navit,
1216 3027 1299 3094 repeti
1313 3041 1399 3094 posse,
1414 3031 1512 3094 quanto
1527 3025 1685 3094 locupletior
1694 3041 1767 3080 exea
1781 3025 1923 3080 donatione

1117 3099 1195 3160 pater
1211 3093 1299 3148 iactus
1318 3099 1365 3146 est.

1152 3157 1191 3214 59
1216 3159 1332 3214 Pactus
1353 3159 1420 3214 libro
1444 3159 1560 3214 secundo
1582 3161 1773 3214 sententiarum
1813 3157 1842 3212 Si
1865 3161 1923 3226 quis

1117 3227 1194 3280 uxori
1212 3241 1243 3280 ea
1262 3227 1416 3280 condicione
1427 3227 1542 3292 donavit,
1557 3231 1588 3280 ut
1599 3225 1670 3296 quod
1679 3225 1786 3280 donavit
1799 3227 1827 3280 in
1835 3227 1922 3280 dotem

1117 3293 1814 3418 666616666666666161166ἀ66661οι666666866ιιι
1839 3379 1854 3414 e
1874 3367 1910 3414 tto

1116 3445 1220 3482 marum
1258 3427 1375 3484 Vitricus
1400 3433 1427 3482 et
1448 3427 1581 3498 privignus
1604 3427 1715 3482 ιιιιιιιι
1744 3427 1795 3482 sibi
1823 3379 1922 3482 dehere

1120 3501 1131 3548 t
1167 3501 1305 3564 praetexto
1330 3497 1489 3550 matrimonii
1508 3513 1562 3550 non
1586 3495 1767 3564 prohibentur.
1789 3535 1790 3538 ι
1811 3495 1922 3550 Divertii

1118 3577 1200 3616 causa
1218 3563 1372 3618 donationes
1398 3565 1467 3616 iuter
1487 3563 1573 3618 ιιιιιι
1596 3569 1623 3616 ιι
1644 3577 1753 3616 uxorem
1779 3577 1921 3616 concessae

1118 3637 1191 3682 sunt:
1211 3645 1290 3698 saepe
1307 3631 1376 3686 enim
1394 3631 1491 3696 evenit,
1508 3631 1548 3684 uti
1564 3639 1673 3700 propter
1690 3631 1865 3684 sacerdotium
1881 3631 1921 3684 vel

1118 3697 1197 3752 etiarn
1214 3697 1379 3752 sterilitatem

1151 3761 1188 3820 61
1211 3763 1302 3820 Gaios
1325 3765 1392 3820 libro
1415 3765 1554 3820 undecim
1572 3765 1610 3820 od
1625 3765 1737 3820 edictum
1750 3767 1919 3834 provinciale

1116 3833 1158 3886 vel
1182 3839 1344 3886 senectutem
1369 3837 1416 3886 aut
1442 3831 1617 3886 valetudinem
1640 3839 1689 3886 aut
1712 3833 1830 3886 militiam
1856 3835 1920 3888 satis

1117 3899 1253 3954 commode
1269 3901 1376 3954 retineri
1393 3901 1587 3954 matrimonium
1603 3915 1656 3952 nou
1673 3901 1770 3980 possit:

1152 3963 1191 4024 62
1206 3963 1534 4024 Hnandonnmrosiibro
1543 3967 1659 4022 comodo
1669 3967 1920 4036 rarisepitomarum

1119 4041 1130 4086 t
1168 4039 1194 4086 et
1210 4033 1268 4086 ideo
1286 4036 1356 4088 bona
1372 4033 1460 4102 gratia
1475 4033 1671 4098 matrimonium
1688 4033 1844 4090 dissolvitur.
1871 4033 1918 4086 Di·
1946 4065 1947 4068 =

1118 4103 1201 4156 tortio
1223 4099 1295 4154 facto
1319 4117 1368 4156 nec
1391 4103 1539 4156 instaurato
1562 4103 1728 4156 matrimonio
1751 4117 1806 4156 non
1823 4101 1919 4156 confir

1116 4169 1232 4224 mabitur
1248 4169 1317 4222 iuter
1338 4169 1422 4222 virum
1447 4175 1473 4222 et
1496 4183 1603 4222 uxorem
1627 4169 1701 4222 iacta
1724 4169 1845 4224 donatio:
1870 4183 1919 4222 uec

1115 4237 1185 4290 inter
1199 4243 1341 4316 patronum
1359 4243 1386 4292 et
1401 4237 1530 4302 libertam,
1548 4237 1572 4292 si
1589 4237 1623 4290 ab
1641 4253 1671 4290 eo
1689 4237 1769 4292 invito
1793 4237 1920 4290 divertere

1116 4321 1170 4358 non
1187 4305 1262 4368 hcet,
1280 4303 1352 4358 iacta
1370 4305 1476 4358 donatio
1495 4319 1508 4358 s
1543 4305 1671 4368 aratur¹⁸,
1696 4321 1754 4358 cum
1777 4305 1847 4358 iuter
1869 4305 1918 4358 hos

1116 4371 1415 4426 divortiumintercedat.
1433 4321 1542 4438 perindh
1553 4371 1655 4426 euimid
1664 4373 1734 4444 quod
1743 4373 1869 4426 donatum
1879 4379 1918 4426 est

1115 4438 1229 4492 habetur
1238 4437 1347 4492 divortio
1354 4439 1533 4492 intercedente
1538 4453 1571 4492 ac
1580 4439 1602 4492 si
1616 4439 1803 4494 donatumnou
1815 4439 1917 4492 inisset.

1150 4501 1188 4562 63
1214 4505 1332 4560 Pronus
1357 4507 1425 4560 libro
1452 4507 1529 4558 tertio
1559 4507 1597 4560 ad
1612 4507 1760 4570 ¹Neratium
1803 4507 1844 4558 De
1877 4519 1917 4570 eo,

1116 4573 1187 4642 quod
1204 4573 1295 4628 ιιιοιιι
1318 4573 1347 4628 in
1372 4573 1521 4628 aedificium
1545 4573 1595 4628 viri
1619 4575 1658 4628 ita
1680 4573 1850 4628 coniunctum
1869 4579 1916 4636 est,

1115 4647 1146 4694 ut
1163 4639 1308 4694 deuectum
1326 4639 1438 4696 ahcuius
1455 4657 1519 4694 usus
1537 4655 1595 4696 esse
1611 4641 1703 4708 possit,
1721 4641 1861 4694 dicendum
1878 4647 1918 4694 est

1115 4707 1159 4776 agi
1181 4723 1273 4776 posse,
1296 4707 1359 4776 quia
1370 4709 1392 4742 ¹⁹
1412 4707 1487 4762 nuda
1504 4709 1574 4762 actio
1592 4713 1640 4772 est,
1658 4707 1762 4774 exlege
1779 4707 1917 4762 duodecim

1115 4777 1273 4840 tabularum,
1292 4777 1410 4844 quamvis
1427 4777 1587 4828 decemviros
1610 4791 1664 4828 uon
1688 4775 1722 4828 sit
1743 4775 1868 4828 credibile
1885 4773 1917 4828 de

1114 4843 1156 4894 his
1175 4843 1295 4906 sensisse,
1313 4859 1424 4910 quorvrm
1441 4843 1577 4896 voluntate
1592 4857 1635 4896 res
1652 4857 1743 4894 eorum
1758 4843 1786 4894 iu
1804 4843 1917 4894 ιιιιιιιι

1115 4909 1263 4964 aediticium
1281 4909 1437 4964 coniunctae
1456 4911 1551 4964 essent.
1584 4907 1695 4964 Pnunns
1712 4915 1800 4962 notat:
1825 4909 1872 4962 sed
1888 4909 1917 4962 in

1115 4977 1167 5032 boc
1184 4979 1269 5032 solum
1291 4977 1335 5046 agi
1355 4979 1480 5056 potesta,
1505 4983 1535 5030 ut
1552 4977 1609 5032 sola
1625 4977 1765 5030 rincbcatiu
1783 4977 1872 5032 soluta
1887 4993 1926 5044 ra„

1115 5061 1175 5100 com
1194 5051 1249 5100 etat
1265 5045 1381 5110 mulierr,
1407 5061 1462 5100 uon
1483 5045 1512 5098 iu
1529 5045 1640 5114 duplum
1656 5045 1761 5114 exlege
1778 5043 1916 5098 duodecim

1114 5063 1280 5168 taeniarum:
1303 5117 1390 5180 neque
1413 5113 1482 5166 enim
1503 5113 1629 5164 furtivum
1652 5117 1705 5178 ιιι,
1729 5113 1801 5182 quod
1818 5113 1916 5166 sciente

1115 5179 1219 5234 domiuo
1236 5181 1367 5236 inclusum
1384 5185 1431 5234 est.

1148 5245 1190 5304 64
1198 5245 1437 5302 Jurorruustaro
1446 5251 1524 5302 sexto
1533 5245 1916 5316 ecc'postcrioribusLabcont's

1116 5419 1160 5478 tte)
1178 5417 1296 5480 respondi
1305 5415 1344 5464 F²
1412 5419 1454 5476 (17)
1472 5415 1619 5464 defunctiF
1688 5421 1732 5478 (18)
1744 5419 1899 5482 fuitsr'cserc

1116 5483 1230 5532 Divertio
1250 5483 1316 5532 laeto
1331 5497 1377 5532 nec
1394 5483 1535 5532 instaurato
1551 5483 1710 5532 matrimonio
1728 5485 1915 5534 confirmabitur

1115 5551 1182 5598 inter
1191 5553 1270 5600 virum
1279 5557 1304 5600 ιι
1311 5565 1412 5600 uxorem
1426 5549 1492 5600 sacta
1506 5551 1625 5602 donatio.-
1642 5569 1687 5602 nec
1701 5551 1768 5602 inter
1781 5557 1914 5616 patronum

1115 5621 1140 5666 et
1153 5617 1275 5680 libertam,
1290 5619 1311 5668 si
1327 5617 1357 5666 ab
1373 5635 1402 5668 eo
1416 5617 1497 5668 inrito
1512 5619 1633 5668 divertere
1647 5619 1714 5680 licet,
1731 5619 1797 5670 lacta
1812 5621 1913 5672 donatio

1115 5689 1245 5748 reparatur
1312 5687 1355 5746 (ιι)
1373 5685 1477 5738 alisius.
1547 5689 1594 5752 tto)
1612 5689 1654 5752 agi
1667 5691 1758 5752 potest,
1768 5689 1811 5740 sed
1822 5689 1875 5752 (dai
1886 5689 1912 5738 in

1114 5753 1161 5800 hoc
1172 5753 1258 5812 solnm)
1268 5773 1313 5806 scr.
