4366 6258
254 383 294 436 ιι
311 379 610 428 ιιιιιιιιιοιιιιι
1046 349 1089 420 33
1108 365 1109 370 ’

254 547 323 620 aegris
339 547 465 608 omnibus,
484 547 511 598 in
530 559 597 612 quae
614 541 724 612 obligati
740 557 866 608 essemus,
884 541 1043 622 conveniet,

254 625 279 676 ιι
294 617 325 672 ab
342 631 371 668 eo
389 613 493 682 negotio
512 611 703 676 discederetur,
723 627 758 664 an
775 609 803 664 in
819 611 951 682 integrum
967 615 1042 664 resti·
1069 653 1071 662 .

254 687 309 746 tutis
324 683 372 748 bis,
390 697 456 750 quae
475 697 521 748 ego
539 679 587 734 tibi
603 679 807 748 praestitissem,
826 679 1042 744 consentiremus,

254 751 360 822 nequid
382 755 412 802 tu
433 749 498 802 mihi
522 763 552 802 eo
570 749 675 802 nomine
710 753 852 806 raestares.
877 749 943 804 illud
965 749 1044 818 plane

254 819 425 882 conventione,
451 831 518 886 qnae
539 817 653 886 pertinet
676 765 711 870 ai
728 817 911 874 resolvendum
927 817 955 870 id
973 817 1044 886 quod

253 897 331 950 actum
348 891 400 950 est,
418 885 510 954 perlici
527 901 580 940 non
597 889 702 954 potest,
726 891 756 940 ιι
779 889 809 940 ιι
831 885 903 956 quod
925 885 979 940 iam
996 901 1043 954 ego

252 961 294 1018 tibi
308 955 422 1024 praestiti
441 959 534 1008 contra
549 959 687 1024 praestare
703 953 768 1008 mibi
785 953 901 1024 cogaris:
926 953 988 1024 qnia
1012 969 1043 1008 eo

252 1027 320 1084 nodo
342 1039 395 1078 non
411 1027 466 1074 tam
483 1021 534 1076 hoc
552 1023 639 1090 agitur
655 1027 687 1076 ιι
704 1037 721 1076 ι
737 1021 849 1090 pristino
868 1023 972 1090 negotio
990 1021 1042 1076 dis·

253 1095 473 1168 cedamusquam
490 1093 519 1142 ut
536 1105 619 1144 norae
637 1089 768 1158 quaedam
785 1089 958 1156 obligationes
975 1089 1044 1144 inter

252 1177 294 1222 uos
310 1163 507 1214 constituantur.
909 1181 910 1184 ¹

281 1225 315 1286 59
332 1225 447 1280 Paucos
462 1225 529 1280 libro
548 1227 624 1280 tortio
641 1225 796 1294 repulerant
830 1225 884 1278 Per
906 1241 972 1294 quos
996 1225 1043 1278 ad·

252 1297 311 1368 qniri
326 1291 399 1348 nobis
417 1293 586 1360 stipulatione
602 1297 699 1362 potest,
717 1291 1042 1362 pereosdemetiampac-

251 1369 279 1420 tis
288 1361 414 1418 consentis
423 1363 555 1414 meliorem
565 1359 746 1414 condicionem
759 1365 879 1414 nostram
893 1361 950 1414 fieri
964 1375 1044 1430 posse

266 1433 334 1486 lacet.

251 1453 315 1556 pii)
332 1495 473 1550 Parisios
488 1495 594 1550 Icarus
614 1497 681 1552 l'bro
706 1503 799 1552 ootooo
824 1497 1043 1552 constitutionum

251 1567 383 1634 Imperator
399 1563 548 1618 Antoninus
565 1565 660 1618 Avidio
679 1563 771 1618 Cassio
788 1563 931 1632 rescripsit,
950 1563 972 1618 si
986 1579 1042 1618 cre·

251 1633 338 1686 ditores
354 1633 440 1698 parati
458 1633 510 1684 sint
527 1637 628 1702 partem
647 1647 679 1684 ex
695 1631 773 1686 bonis
790 1631 852 1684 licet
866 1633 901 1684 ab
916 1637 1042 1686 extraneo

1746 351 1778 416 Π
1802 355 1848 418 14.
1864 355 1902 418 15

1095 557 1149 596 ιιι
1165 557 1252 610 posse,
1271 541 1436 616 quietisque
1452 557 1512 598 cum
1529 553 1560 596 eo
1576 535 1635 610 ipse
1649 537 1776 618 transegit
1789 553 1838 592 nec
1855 555 1901 594 ne·

1094 609 1194 680 gotium
1212 609 1320 682 Septicii
1337 613 1456 668 Maeuius
1474 625 1566 682 gerens
1584 613 1697 676 accepit.

1130 677 1317 760 tiberianus
1329 683 1395 736 libro
1406 679 1631 754 quadragensimo
1640 683 1718 732 secto
1727 675 1765 730 od
1772 673 1900 732 Sabinam

1094 749 1236 802 Alabana
1262 751 1397 818 stipulatio
1423 749 1572 806 omnimodo
1599 763 1690 802 omnes
1713 745 1901 816 praecedentes

1094 765 1268 898 oliiigationes
1292 823 1372 872 norat
1396 827 1422 874 et
1438 821 1549 888 peremit
1564 817 1674 890 ipsaque
1690 815 1836 896 peremitur
1850 831 1901 896 per

1094 887 1337 954 acceptdatronem:
1363 891 1389 940 et
1411 889 1463 944 hoc
1480 891 1538 944 iure
1553 889 1660 942 utimur.
1688 883 1799 952 1deoque
1823 889 1902 940 ctiam

1094 955 1181 1024 legata
1205 955 1254 1008 sub
1280 953 1434 1010 condicione
1451 959 1543 1012 relicta
1559 959 1587 1012 in
1605 955 1801 1026 stipulationem
1818 955 1901 1024 Aqui-

1094 1021 1192 1076 lianam
1210 1021 1385 1076 deducuntur.

1129 1087 1422 1146 inspiratorium
1427 1093 1517 1162 primo
1527 1093 1710 1162 definitionum
1744 1091 1809 1144 Cum
1817 1089 1902 1156 Aqui-

1094 1159 1166 1212 liana
1184 1157 1319 1226 stipulatio
1337 1157 1527 1224 interponitur,
1551 1179 1619 1230 quae
1644 1179 1676 1216 ex
1695 1175 1825 1216 consensu
1841 1157 1900 1210 red·

1095 1225 1165 1278 ditur
1173 1229 1192 1290 ⁶,
1209 1225 1284 1290 lites,
1310 1225 1455 1292 dequibus
1478 1243 1530 1278 non
1556 1237 1595 1282 est
1619 1231 1777 1300 cogitatum,
1800 1227 1828 1280 in
1852 1241 1901 1282 suo

1094 1297 1167 1348 statu
1184 1295 1338 1348 retinentur.
1366 1291 1550 1346 liberalitatem
1568 1297 1636 1350 enim
1655 1299 1800 1366 captiosam
1817 1297 1899 1348 inter·

1094 1363 1206 1430 pretatio
1225 1361 1396 1428 prudentium
1412 1359 1497 1426 fregit.
1531 1429 1534 1432 Ι

1129 1425 1166 1486 6⁷
1187 1429 1279 1484 Gaius
1299 1429 1366 1484 libro
1384 1429 1495 1498 septimo
1520 1431 1621 1484 flaciaco
1645 1435 1682 1486 od
1704 1435 1816 1488 edictam
1833 1447 1901 1504 pro-

1094 1497 1207 1576 vinciale
1242 1497 1284 1550 De
1307 1495 1349 1552 his
1373 1495 1573 1576 conmorersiis,
1598 1513 1666 1564 quac
1688 1517 1720 1552 ex
1742 1505 1902 1598 ιιιιιιιιιιιΒ

1092 1563 1900 1710 litiltttttr.itit,iittttdllttiitblttt

1093 1705 1184 1754 menti.
1932 1751 1933 1754 ,

1128 1763 1146 1822 7
1170 1767 1316 1822 Uarianos
1331 1765 1398 1820 libro
1415 1765 1527 1834 septimo
1546 1765 1756 1834 disputationum
1790 1765 1827 1822 Et
1840 1773 1902 1836 post

279 1831 312 1890 tl
331 1831 497 1888 Pannonios
512 1835 578 1888 libro
596 1851 667 1888 nono
685 1833 722 1888 od
738 1831 867 1888 Sabinam
893 1833 976 1888 Nemo
994 1849 1042 1902 pa·
1092 1849 1150 1888 rem
1166 1833 1311 1888 iudicatam
1328 1833 1475 1888 transactio
1492 1831 1569 1896 valet,
1588 1831 1611 1886 si
1619 1833 1685 1886 uela
1724 1831 1902 1888 ellatiointer·

251 1899 360 1978 eisoendo
383 1901 488 1956 efficere
509 1907 612 1970 potest,
640 1915 673 1954 ιι
697 1901 747 1954 sibi
767 1903 855 1954 locum
875 1917 951 1954 suum
969 1901 1041 1956 dedi·
1085 1907 1107 1954 ι1
1145 1903 1254 1956 cesserit
1271 1901 1313 1956 vel
1331 1903 1465 1970 appellare
1481 1899 1608 1968 potueris.
1645 1849 1821 1954 diiieiussor
1838 1917 1901 1954 con-

251 1983 303 2022 care
319 1967 393 2020 bceat
410 1975 458 2020 aut
474 1983 507 2022 ne
524 1969 573 2024 sibi
596 1969 624 2022 in
647 1983 696 2022 suo
721 1969 829 2038 sepelire
851 1973 987 2022 mortuum
1009 1969 1039 2022 li·
1092 1973 1186 2024 ventus
1205 1973 1231 2022 ct
1248 1969 1439 2024 condemnatus
1455 1967 1557 2040 fuisset,
1574 1983 1637 2020 mox
1653 1981 1714 2022 reus
1731 1969 1903 2036 transegisset

1084 2041 1209 2100 comeo,
1228 2035 1271 2090 cui
1289 2041 1347 2090 erat
1362 2035 1503 2090 fideiussor
1520 2035 1724 2088 condemnatus:
1743 2035 1797 2086 ιι9
1814 2041 1902 2086 trans-

1093 2103 1164 2158 actio
1181 2103 1270 2158 valeat
1294 2103 1446 2170 quaeritur:
1470 2107 1497 2156 et
1519 2107 1584 2170 puto
1607 2101 1709 2164 valere,
1733 2101 1810 2170 quasi
1832 2101 1903 2178 omni

1093 2185 1176 2224 causa
1193 2173 1220 2224 et
1237 2169 1363 2224 adversus
1380 2185 1455 2224 reum
1473 2175 1500 2224 et
1514 2167 1640 2222 adversus
1654 2167 1834 2222 fideiussorem
1849 2167 1902 2220 dis-

1092 2238 1189 2292 soluta.
1217 2237 1241 2290 si
1262 2241 1354 2290 tamen
1372 2237 1431 2314 ipsc
1447 2235 1588 2290 fideiussor
1605 2235 1797 2290 condemnatus
1814 2239 1902 2288 trans·

1093 2305 1161 2372 egit,
1188 2303 1238 2358 etsi
1264 2309 1411 2358 transactio
1438 2319 1492 2358 non
1508 2303 1619 2372 peremit
1627 2305 1648 2336 ¹⁰
1672 2317 1728 2356 rem
1750 2301 1902 2362 iudicatam,

1093 2377 1184 2424 tamen
1211 2385 1242 2424 eo
1269 2371 1341 2440 qnod
1367 2371 1459 2424 datum
1485 2377 1525 2424 est
1547 2371 1657 2424 relevari
1680 2385 1737 2424 rem
1759 2369 1904 2422 iudicatam

1093 2441 1108 2492 2
1143 2443 1257 2504 oportet.
1293 2437 1383 2506 Usque
1395 2437 1462 2492 adeo
1473 2443 1562 2492 antem
1573 2437 1646 2506 quod
1658 2437 1749 2490 datum
1763 2437 1903 2490 estetiam-

249 2503 295 2554 ιιι
311 2501 333 2554 ιι
348 2503 426 2556 invito
446 2505 596 2572 extorqueri
613 2521 667 2558 non
683 2521 770 2572 posse.
793 2513 795 2518 ’
1092 2505 1116 2560 ιι
1140 2521 1194 2558 ιιι
1217 2503 1323 2572 proiicit
1348 2503 1383 2558 ad
1412 2505 1632 2568 transactionem,
1664 2509 1790 2558 extenuat
1813 2507 1905 2556 tamen

992 2619 993 2622 ,
1091 2587 1148 2624 rem
1171 2571 1330 2636 iudicatam,
1354 2577 1386 2626 nt
1407 2571 1469 2626 inde
1486 2571 1521 2626 sit
1539 2576 1565 2626 et
1582 2571 1683 2626 dictum
1703 2575 1729 2624 et
1745 2569 1904 2638 rescriptum

594 2643 646 2700 XV
655 2643 672 2700 ¹,
900 2703 901 2706 Ἴ
1093 2637 1165 2692 circa
1181 2639 1367 2692 alimentorum
1374 2639 1581 2692 transactionem
1591 2639 1659 2692 citra
1668 2639 1798 2706 praetoris
1808 2643 1902 2692 aucto-

440 2741 486 2788 ιι
505 2737 824 2790 rarescendo·
938 2721 941 2746 ³
1091 2707 1197 2826 titre
1213 2705 1905 2842 abatrinitremctrettcrtd

1093 2839 1183 2894 deberi
1199 2845 1303 2908 potest,
1321 2839 1348 2892 id
1366 2845 1530 2908 praestetur,
1548 2841 1620 2908 quod
1637 2845 1726 2894 antem
1744 2839 1836 2894 datum
1855 2845 1903 2902 est,

1091 2909 1128 2960 im
1146 2911 1245 2960 utetur.

1127 2923 1146 3028 ἕ
1163 2971 1323 3026 lanatiore
1339 2973 1433 3040 quinto
1449 2971 1482 3024 de
1496 2973 1617 3028 omnibus
1632 2971 1811 3026 tribunalibus
1838 2971 1904 3024 Cum

1091 3039 1133 3104 hi,
1151 3039 1247 3106 quibus
1266 3039 1390 3092 alimenta
1407 3037 1501 3092 relicta
1518 3043 1608 3104 erant,
1631 3039 1712 3092 facile
1728 3039 1905 3106 transigerent

1092 3105 1211 3158 contenti
1228 3105 1332 3158 modico
1351 3105 1500 3172 praesent-i:
1519 3105 1593 3160 divus
1610 3105 1721 3160 Marcus
1738 3105 1859 3160 oratione
1875 3107 1904 3158 in

1091 3175 1187 3224 senatu
1211 3171 1326 3224 recitata
1348 3171 1449 3236 effecit,
1472 3187 1506 3226 ne
1523 3171 1599 3224 aliter
1616 3173 1799 3226 alimentorum
1816 3177 1903 3226 mans·

1092 3239 1161 3290 actio
1180 3241 1240 3290 rata
1259 3243 1336 3300 esset,
1355 3253 1436 3304 quam
1453 3237 1476 3290 si
1493 3243 1603 3292 auctore
1619 3243 1742 3304 praetore
1759 3237 1841 3292 iacta.
1861 3253 1905 3292 so·

1091 3305 1129 3358 let
1144 3305 1224 3370 igitur
1241 3309 1351 3370 praetor
1367 3305 1525 3358 intervenire
1535 3307 1555 3336 ¹¹
1573 3309 1600 3358 et
1616 3305 1686 3358 inter
1709 3305 1905 3358 consentientes

1093 3371 1229 3434 arbitrari,
1256 3385 1293 3422 an
1315 3371 1462 3424 transactio
1473 3371 1493 3402 ¹²
1515 3371 1557 3424 rel
1580 3385 1650 3438 quae
1673 3370 1776 3424 admitti
1798 3371 1907 3424 debeat.

1094 3441 1107 3488 1
1143 3437 1272 3490 Eiusdem
1296 3439 1426 3504 praetoris
1455 3439 1527 3490 notio
1553 3439 1587 3490 ob
1612 3439 1820 3490 transactionem
1846 3439 1904 3502 erit,

1093 3505 1147 3556 siue
1171 3503 1303 3556 habitatio
1330 3503 1385 3556 sive
1407 3505 1560 3558 vestiarium
1581 3503 1636 3558 sive
1659 3505 1692 3556 de
1715 3505 1830 3572 praediis
1856 3505 1905 3558 ali-

1093 3575 1107 3622 2
1142 3575 1261 3624 mentum
1277 3571 1418 3638 legabitnr.
1453 3571 1527 3624 Haec
1550 3571 1635 3624 oratio
1657 3571 1776 3652 pertinet
1799 3571 1834 3626 ad
1856 3571 1905 3624 ali·

1092 3643 1278 3706 mentagrae
1302 3643 1461 3692 testamento
1485 3640 1527 3693 vel
1551 3637 1677 3692 codicilbs
1694 3637 1795 3692 fuerint
1811 3639 1906 3692 relicta

248 3709 303 3760 ‘deri
316 3709 408 3776 ιοιιι2
425 3721 510 3776 neque
527 3707 694 3760 manumissis
712 3707 753 3760 sel
770 3705 904 3774 legatariis
921 3705 1040 3772 actiones
1092 3705 1147 3760 sive
1171 3703 1206 3758 ad
1228 3709 1418 3758 testamentum
1441 3705 1521 3760 iactis
1545 3705 1599 3760 sire
1623 3705 1658 3758 ab
1675 3707 1810 3760 intestato.
1836 3707 1905 3760 idern

248 3781 309 3828 ‘suae
330 3775 473 3842 ademptae.
505 3787 587 3842 quare
611 3773 739 3842 quidquid
767 3789 799 3826 ex
815 3777 975 3826 testamento
993 3787 1039 3840 pe·
1093 3771 1143 3824 erit
1166 3771 1308 3824 dicendum
1331 3779 1357 3826 et
1381 3773 1404 3826 si
1421 3773 1512 3826 mortis
1532 3787 1613 3826 causa
1631 3773 1730 3826 donata
1746 3773 1846 3826 inerint
1863 3789 1903 3826 re-

248 3847 317 3906 tunt,
341 3841 467 3910 scriptum
491 3841 614 3894 heredem
641 3841 781 3894 convenire
806 3839 918 3892 debent:
944 3841 988 3910 qui
1012 3839 1041 3892 in
1091 3839 1156 3892 licta
1172 3837 1215 3892 uel
1232 3839 1266 3892 ab
1286 3853 1324 3902 eo,
1344 3839 1388 3892 cui
1404 3839 1497 3892 mortis
1514 3855 1597 3892 causa
1615 3839 1715 3892 donata
1733 3845 1809 3904 sunt,
1827 3841 1907 3894 relic-

247 3909 419 3964 ‘transactione
440 3907 596 3962 hereditatis
620 3913 667 3960 ant
691 3907 761 3960 cauit
778 3907 828 3960 sibi
845 3921 895 3976 pro
914 3907 1041 3960 oneribus
1091 3907 1158 3958 ta¹³.
1187 3905 1233 3958 sed
1253 3911 1280 3958 et
1298 3905 1320 3958 si
1343 3905 1507 3960 condicionis
1530 3907 1680 3974 implendae
1704 3907 1791 3976 gratia
1812 3907 1906 3960 relicta

247 3977 400 4040 ‘hereditatis
419 3979 466 4030 aut
484 3975 506 4028 si
519 3991 573 4028 non
588 3975 665 4038 cauit,
683 3991 738 4028 non
755 3973 836 4028 debet
848 3973 1041 4042 neglegentiam
1092 3979 1163 4036 sunt,
1182 3971 1269 4026 adhuc
1287 3973 1356 4026 idem
1374 3973 1500 4028 dicemus.
1526 3973 1605 4042 plane
1623 3973 1656 4028 de
1673 3973 1818 4038 alimentis,
1838 3989 1907 4042 quae

248 4049 257 4096 l
289 4049 366 4098 ‘suam
383 4043 417 4096 ad
434 4043 547 4098 alienam
563 4043 687 4096 iniuriam
705 4041 824 4096 referre.⁹
860 4039 927 4096 dum
951 4045 1040 4094 trans·
1092 4055 1146 4094 non
1163 4039 1257 4094 mortis
1275 4055 1359 4094 causa
1375 4039 1475 4096 donata
1493 4045 1569 4104 sunt,
1593 4039 1685 4094 beabit
1709 4045 1735 4094 et
1753 4041 1809 4094 sine
1826 4055 1903 4108 prae-

246 4111 306 4164 actlo
326 4117 431 4180 propter
454 4109 687 4162 fideicommissum
704 4107 779 4162 iacta
796 4111 867 4162 esset
885 4109 929 4162 ιι3
946 4111 1041 4174 postea
1093 4111 1107 4162 3
1142 4113 1202 4162 tore
1233 4111 1344 4162 ιιιιιιι
1375 4107 1486 4176 transigi
1495 4109 1524 4160 ¹⁴.
1559 4107 1619 4162 Sive
1643 4109 1724 4176 igitur
1747 4109 1776 4162 in
1800 4121 1905 4160 menses

246 4177 345 4232 codicilli
360 4177 457 4246 reperti
475 4183 550 4230 sunt:
569 4191 683 4244 quaero,
708 4191 744 4230 an
767 4177 886 4244 quanto⁴
903 4175 990 4228 minos
1009 4191 1042 4228 ex
1092 4173 1209 4242 singulos
1233 4175 1337 4230 sivein
1361 4175 1417 4230 dies
1441 4175 1495 4228 sive
1518 4175 1546 4228 in
1568 4189 1653 4228 annos
1676 4173 1777 4228 fuerint
1801 4173 1905 4238 relicta,

245 4243 408 4298 transactione
433 4249 577 4298 consecuta
602 4249 687 4296 mater
713 4241 831 4296 defuncti
853 4239 936 4294 inerit
961 4257 1041 4310 quam
1092 4241 1178 4294 oratic
1201 4241 1290 4294 locum
1311 4241 1401 4294 babet.
1430 4241 1477 4296 sed
1501 4247 1527 4294 et
1544 4243 1567 4296 si
1583 4257 1639 4296 nou
1656 4241 1756 4294 tuerint
1773 4243 1904 4308 perpetuo

245 4327 285 4378 pro
301 4317 372 4378 parte
388 4327 438 4364 sua
460 4315 515 4378 est,
542 4311 568 4364 id
593 4327 625 4364 ex
647 4309 845 4366 fideicommissi
868 4323 953 4364 causa
976 4325 1041 4364 con·
1092 4313 1109 4362 4
1142 4309 1249 4376 relicta,
1269 4309 1316 4364 sed
1332 4325 1365 4364 us
1383 4325 1419 4364 ue
1436 4309 1470 4362 ad
1488 4323 1572 4364 annos
1590 4315 1686 4372 certos,
1704 4309 1774 4360 idem
1792 4311 1840 4360 est.
1876 4305 1906 4384 Si

245 4381 257 4430 l
287 4379 355 4446 sequi
377 4379 480 4432 debeat.
512 4379 649 4446 respondit
672 4377 778 4432 debere.
813 4377 940 4444 Debitor,
965 4377 1041 4432 cuius
1090 4375 1195 4444 integra
1213 4377 1348 4444 quantitas
1367 4377 1447 4432 a'cui
1469 4375 1550 4432 fuerit
1572 4377 1674 4444 legata,
1700 4379 1731 4428 ut
1757 4387 1791 4426 ex
1815 4389 1905 4428 usuris

245 4447 327 4514 pignus
344 4447 455 4498 creditor
473 4445 609 4510 distraxit,
629 4461 690 4500 cum
707 4445 828 4512 Maenio,
846 4447 893 4514 qni
909 4461 939 4500 se
955 4445 1040 4514 legiti-
1093 4445 1149 4498 eins
1173 4459 1202 4498 ιι
1226 4445 1281 4498 alat
1305 4451 1332 4498 et
1354 4447 1448 4498 mortis
1472 4449 1590 4512 tempore
1612 4441 1752 4520 pecunias⁸
1766 4441 1905 4496 restituat:

245 4527 306 4564 mum
323 4513 455 4568 creditoris
472 4513 596 4568 heredem
614 4527 672 4566 esse
688 4513 816 4578 iactabat,
827 4513 1041 4568 -minimotrans-
1091 4527 1146 4566 non
1164 4513 1282 4568 cessabit
1306 4513 1406 4576 oratio,
1432 4513 1495 4564 licet
1511 4527 1565 4564 non
1581 4511 1611 4564 in
1628 4525 1713 4562 annos
1730 4507 1848 4576 singulos
1865 4511 1905 4562 vi-

246 4579 301 4646 egit:
322 4585 416 4646 postea
437 4585 597 4636 testamento
620 4579 726 4648 prolato
745 4579 893 4648 Septicium
915 4581 1041 4636 heredem
1092 4585 1107 4634 5
1144 4579 1240 4636 deatur
1256 4581 1284 4636 id
1301 4581 1432 4636 relictum.
1468 4579 1520 4630 Sed
1538 4581 1564 4630 et
1574 4579 1595 4610 ¹⁵
1613 4577 1636 4630 si
1654 4577 1688 4630 sit
1706 4579 1779 4630 certa
1796 4579 1904 4642 quanti-

246 4659 294 4700 ιιιι
317 4647 444 4714 apparuit.
479 4647 627 4718 quaesitum
651 4653 705 4714 est,
732 4649 756 4702 si
778 4653 842 4718 agat
866 4647 1041 4718 pignoraticia
1091 4653 1135 4702 tas
1152 4649 1248 4702 relicta
1265 4649 1335 4702 Titio
1353 4647 1395 4702 vei
1418 4661 1461 4700 res
1484 4645 1536 4708 ita,
1561 4643 1677 4722 atinde
1699 4643 1825 4696 alimenta
1843 4645 1905 4702 Seio

245 4711 336 4768 debitor
360 4731 418 4768 cum
441 4715 573 4786 Septicio,
600 4731 635 4768 an
659 4715 682 4768 is
709 4717 749 4768 uti
773 4717 861 4786 possit
884 4717 1041 4786 exceptione
1091 4721 1275 4786 praestenturr
1301 4715 1386 4782 magis
1412 4717 1453 4768 est
1477 4717 1508 4764 ut
1530 4717 1677 4790 tqansrgere
1700 4711 1787 4766 Titius
1809 4715 1904 4780 possit,

245 4781 417 4836 transactionis
439 4783 529 4838 factae
552 4799 612 4836 cum
629 4783 744 4848 Maeuio,
764 4785 809 4852 qui
826 4783 904 4838 berea
922 4801 954 4840 eo
972 4789 1039 4840 tem·
1091 4799 1142 4838 nec
1160 4783 1229 4838 enim
1245 4783 1428 4838 transactione
1445 4779 1509 4832 Titii
1525 4785 1681 4834 minuuntur
1698 4781 1824 4834 alimenta
1841 4781 1904 4836 Seii.

244 4849 378 4968 qqre⁵non
392 4849 486 4906 fuerit:
504 4849 642 4920 possitque
656 4851 789 4918 Septicius
803 4851 953 4920 pecuniam,
971 4867 1041 4924 quac
1091 4851 1212 4920 idemque
1235 4855 1275 4906 est
1301 4855 1326 4902 et
1350 4849 1374 4904 si
1416 4845 1698 4926 ertfideicommissnm
1721 4849 1846 4906 admenta
1870 4851 1905 4906 ad

281 4915 332 4970 erio
349 4923 378 4970 ut
398 4919 490 4972 heredi
512 4933 529 4972 a
553 4919 672 4972 debitore
696 4923 837 4974 numerata
859 4925 913 4984 est,
932 4921 1039 4976 condic·
1092 4923 1107 4974 6
1140 4921 1194 4972 hoc
1211 4917 1338 4988 legatario
1349 4917 1370 4950 ¹⁶
1425 4917 1493 4970 ennt
1515 4915 1616 4972 relicta.
1652 4917 1722 4972 Eam
1743 4919 1905 4974 transactio-

244 4981 306 5036 tione
326 4989 455 5054 repetere,
482 4987 558 5066 quasi
581 4987 630 5042 sub
656 4993 797 5054 praetextu
820 4987 975 5056 hereditatis
993 5005 1038 5044 ac·
1091 5003 1152 5040 nem
1169 4987 1254 5040 oratio
1272 4983 1422 5054 improbat,
1446 4983 1632 5054 quaeidcirco
1655 4985 1701 5052 fit,
1725 4993 1757 5042 ut
1780 4987 1839 5056 quis
1862 5003 1904 5054 ra

245 5055 342 5118 ceptam.
374 5055 509 5122 respondit
526 5053 671 5110 secundum
690 5071 723 5106 ea
740 5069 809 5122 quae
826 5063 1042 5124 proponerentur
1091 5059 1289 5122 praesentatam
1305 5051 1449 5122 pecuniam
1467 5059 1614 5142 consumat.
1641 5055 1704 5126 quid
1721 5063 1785 5126 'ergo
1804 5053 1905 5124 siquis

251 1699 376 1766 consequi,
402 1699 530 1752 rationem
555 1699 705 1752 habendam
731 1699 805 1768 prius
832 1699 1043 1754 necessariarum

251 1779 416 1836 personarum,
434 1767 457 1820 si
473 1765 584 1820 idoneae
602 1767 663 1820 sint.

251 2039 301 2088 ceat
317 2039 360 2086 ιιι
376 2051 408 2088 ιι
425 2037 510 2090 ucino
527 2035 609 2090 inuito
626 2035 765 2104 praedium
782 2035 889 2090 alienet.

279 2097 314 2156 62
331 2101 440 2156 Foaros
462 2103 634 2156 Acerranos
657 2103 725 2156 libro
746 2103 838 2172 primo
864 2101 903 2156 od
927 2101 1041 2158 aaaron

251 2167 274 2220 Si
288 2183 351 2230 reus,
368 2173 507 2236 postquam
523 2175 618 2236 pactus
636 2169 671 2224 sit
689 2185 705 2222 a
719 2185 748 2222 se
761 2185 816 2224 non
830 2169 886 2238 peti
900 2169 1041 2236 pecuniam

249 2233 347 2302 ideoque
361 2237 446 2302 coepit
460 2235 488 2290 id
500 2241 609 2304 pactum
623 2235 772 2290 fideiussori
786 2251 891 2304 quoque
906 2235 1041 2306 prodesse,

249 2305 331 2368 pactus
348 2303 381 2354 ιιι
397 2309 426 2354 ιι
444 2317 461 2356 ι
476 2317 504 2356 ιι
518 2305 573 2370 peti
585 2305 678 2356 bceat:
698 2317 732 2356 an
746 2303 847 2358 utilitas
878 2303 955 2356 ricris
969 2305 1043 2372 pacti

250 2367 343 2422 sublata
359 2369 393 2422 sit
409 2369 570 2434 fideiussori,
590 2371 738 2438 quaesitum
756 2375 804 2424 est.
831 2321 879 2424 seii
895 2371 982 2424 uenus
1001 2375 1042 2424 est

250 2435 318 2488 semel
339 2435 495 2502 adquisitam
517 2437 666 2490 fideiussori
683 2437 756 2506 pacti
773 2437 956 2506 exceptionem
974 2437 1041 2492 ulte·

279 2835 291 2890 l
314 2835 528 2890 Uarianosic'bro
543 2839 784 2908 quinquepartitae
800 2839 837 2892 od
849 2839 965 2894 odt'otom
990 2839 1041 2906 Qui

249 2903 364 2970 transigit,
378 2905 454 2970 qnasi
467 2905 500 2956 de
513 2919 543 2956 re
557 2905 638 2958 dubia
653 2911 679 2958 et
692 2905 739 2958 lite
753 2905 857 2958 incerta
872 2905 1041 2974 nequefinita

248 2971 361 3038 ιιιιιιιι.
387 2971 432 3038 qui
448 2987 510 3024 uero
528 2971 686 3038 paciscitur,
712 2971 861 3026 donationis
886 2989 969 3028 causa
985 2989 1041 3026 rem

249 3043 335 3092 certam
352 3043 376 3090 ιι
390 3037 568 3090 indubitatam
585 3037 744 3092 liberalitate
761 3039 879 3092 remittit.

276 3101 381 3158 ilcan
403 3105 470 3158 libro
496 3105 712 3174 septuagensimo
740 3109 838 3174 quarto
864 3105 902 3158 ed
926 3105 1041 3160 edictum

249 3171 408 3224 Transactum
426 3171 546 3238 accipere
564 3173 622 3238 quis
640 3175 730 3238 potest
743 3187 798 3224 non
812 3171 906 3236 solum,
925 3171 1040 3238 siAqui·

248 3239 308 3290 lana
323 3237 355 3292 sti
373 3239 453 3290 olatio
471 3237 553 3290 tuerit
566 3237 693 3302 subiecta,
713 3239 760 3292 sed
775 3243 801 3290 et
815 3239 838 3292 si
851 3243 962 3304 pactum
977 3253 1040 3292 oon-

248 3309 340 3358 uentum
354 3255 435 3358 inerit
450 3303 561 3358 iactum.

276 3367 291 3430 3
308 3371 453 3424 Scrrronn
472 3371 539 3424 libro
552 3373 643 3438 primo
662 3371 827 3440 digestorum
861 3369 1040 3438 Imperatores

248 3439 382 3492 Antoninus
400 3443 426 3490 et
443 3439 529 3490 Verus
547 3439 585 3490 ita
602 3437 810 3510 rescripserunt:
836 3435 958 3490 ‘Privatis
975 3451 1039 3506 pac·

249 3505 357 3560 tionibus
378 3519 432 3558 non
458 3505 567 3558 dubium
593 3509 634 3556 est
658 3521 713 3556 non
735 3503 806 3558 laedi
823 3503 864 3556 ius
884 3509 1039 3556 ceterorum.

248 3577 326 3640 ‘quare
346 3571 538 3636 transactione,
564 3585 634 3640 quae
658 3571 729 3624 inter
745 3571 869 3624 heredem
887 3575 914 3650 et
929 3575 1040 3650 matrem

248 3641 361 3694 ‘defuncti
375 3639 448 3694 iacta
466 3643 513 3704 est,
532 3655 618 3706 neque
634 3643 825 3692 testamentum
841 3653 984 3692 rescissum
1001 3655 1039 3690 vr-

272 5289 297 5348 (ll
315 5287 1040 5356 Sab.t.t...10;Ed.l.att-..133Pop.5.1t...tt;App.s.'
1087 5293 1317 5356 resturatpem.
1402 5295 1436 5358 (a)
1454 5279 1616 5360 anS,oni.F
1670 5281 1745 5358 ’(ιι)
1763 5295 1902 5344 etsitrans-

243 5355 336 5406 -Baa
349 5359 509 5424 iba-Os.
523 5359 638 5422 Cod.2,t
691 5357 724 5420 (a)
742 5357 899 5422 potestHal.
960 5361 1036 5422 (olet
1087 5359 1154 5410 actio
1169 5365 1221 5410 non
1237 5359 1341 5424 perimit
1357 5359 1386 5426 S,
1402 5359 1746 5426 stransaotirinemonicrenrit
1759 5365 1901 5424 rg‘trans-

245 5419 283 5472 dei.
293 5423 351 5474 Ηιι.
470 5427 501 5490 (ι)
520 5441 552 5476 an
562 5425 735 5492 quanam,
746 5441 780 5476 an
788 5425 832 5486 Π,
842 5427 904 5474 anto
913 5423 955 5488 Fi,
964 5441 996 5476 an
1005 5443 1035 5476 eo
1065 5485 1068 5490 g
1086 5427 1332 5492 actionnonperemit
1342 5431 1368 5494 (n
1376 5443 1489 5482 cotenon
1496 5433 1575 5484 delere
1583 5443 1606 5482 el
1613 5431 1663 5482 etsi
1671 5433 1762 5482 addere
1769 5431 1854 5488 oblita)
1861 5429 1902 5480 ΡΒ

242 5501 356 5554 conquam
365 5493 389 5542 in
398 5497 507 5560 margine
517 5491 908 5560 quanto‘proeoemendoretffl
955 5495 987 5558 (a)
1005 5509 1035 5542 eo
1086 5495 1128 5560 ιιι)
1145 5495 1297 5548 invenireF
1330 5499 1773 5562 (12)valeatimrllmannurvids'
1796 5499 1899 5560 (raire-

242 5557 428 5612 bannenmscr.
498 5563 532 5626 (t)
550 5563 837 5626 redditnrJregiturscr.
879 5559 939 5622 ’(ι)
956 5563 1032 5610 =D.
1084 5561 1317 5626 lictaveabeo‚cni
1326 5567 1728 5624 mortiscansaddnatumestscr.
1795 5565 1899 5626 (ιιι-ιιι

241 5623 345 5686 ibant
395 5629 428 5692 (ι)
447 5629 513 5678 ratio
522 5635 606 5680 autem
614 5629 688 5680 huius
697 5627 776 5680 edicti
785 5627 921 5678 manifesta
929 5629 1032 5676 estana·
1085 5627 1142 5690 PU,
1152 5631 1304 5682 auctoritate
1314 5631 1754 5698 transigiKauotcritateransigiF
1780 5671 1782 5674 .
1808 5629 1896 5690 (lai'e‘t

240 5695 621 5762 tltenimsiueiudicetransigi
635 5695 794 5762 nequeapnd
807 5695 918 5758 iudicem
933 5693 1033 5758 exquiri
1085 5695 1133 5746 det.
1202 5699 1247 5762 (ιι)
1265 5695 1896 5764 perfideicommissumadhocadmentaalegate·

239 5761 319 5812 verine
328 5761 357 5812 de
365 5763 405 5812 his
420 5765 604 5826 commoremiis,
619 5779 684 5828 qnae
692 5779 723 5814 ex
732 5767 882 5814 testamento
891 5761 1034 5826 proficisse*
1084 5761 1179 5814 rioscr.
1261 5801 1263 5804 .
1311 5799 1324 5808 .
1341 5767 1352 5810 ’ῑ
1401 5775 1402 5780 ’
1494 5789 1506 5806 -,
1575 5781 1605 5810 tr
1748 5801 1749 5804 ,
1890 5795 1891 5798 ,

1677 5847 1692 5894 ὃ
