4376 6258
266 345 376 414 ιιοιι
398 351 439 434 ιι,
464 357 603 438 ιι-ιιι,
629 363 665 422 ι
924 321 925 324 ‘
1083 357 1123 426 aa

1680 371 1726 420 DE
1748 371 1939 422 contentam

550 559 552 564 ,
603 537 725 602 XXV,
817 543 818 546 =

545 633 590 690 DE
608 639 816 700 contemne.

305 741 377 794 Ante
393 741 507 810 Augusti
522 745 642 810 tempora
657 743 763 795 constat
776 737 819 794 1ιιι
832 739 1014 796 codicillorum
1028 757 1082 796 non
1133 743 1267 798 codicillos
1292 745 1395 810 facere,
1422 743 1470 798 sed
1494 743 1540 798 etl
1562 743 1703 798 intestatus
1727 741 1786 810 quis
1810 742 1873 799 dece
1892 759 1939 798 ens

271 805 362 872 inisse,
380 807 539 878 sedprimus
550 807 651 864 Lucius
664 807 804 874 Lentulus,
823 823 857 864 ex
874 809 950 864 cidus
967 825 1081 878 persona
1131 811 1357 868 fideicommitterc
1375 813 1503 868 codicillis
1540 817 1617 866 otest.
1644 811 1692 866 sed
1706 827 1767 864 cnm
1781 817 1843 866 ante
1856 817 1938 868 testa·

272 875 1081 944 etiamfideiccmmisaacoeperunt,codidllosintroduxitnam
1130 885 1248 934 mentum
1265 879 1367 936 iactum
1385 879 1499 936 codicilli
1515 829 1583 936 sscti
1600 885 1684 944 erant,
1702 879 1742 934 Pa
1760 879 1884 936 inianus⁵
1902 881 1941 934 ait

272 959 332 1012 cnm
357 943 496 998 decederet
517 943 545 996 in
566 943 687 1022 Africai,
710 945 819 1012 scripsit
842 945 976 1000 codicillos
999 949 1080 1000 testa-
1131 963 1186 1002 non
1203 947 1280 1002 aliter
1296 949 1365 1002 vires
1382 948 1495 1012 hebere,
1520 963 1599 1018 quam
1617 947 1639 1002 si
1656 897 1766 1014 specialis
1782 953 1876 1018 postea
1892 963 1940 1002 vo-

273 1017 360 1064 mento
389 1011 573 1074 confirmatos,
605 1011 702 1078 qulbus
728 1011 762 1066 ab
786 1013 907 1082 Augusto
934 1013 1010 1080 petiit
1033 1027 1083 1080 per
1130 1015 1232 1068 luntate
1250 1015 1447 1070 confirmentur.
1481 1015 1528 1068 sed
1547 1015 1599 1070 divi
1616 1015 1727 1070 Severus
1745 1019 1773 1068 et
1787 1017 1939 1070 Antoninus

273 1079 519 1144 fideicommissum,
545 1083 576 1132 nt
599 1077 701 1134 faceret
726 1079 839 1150 ahquid:
867 1085 894 1134 ct
920 1097 981 1134 cum
998 1081 1081 1134 ‘dirus
1130 1081 1324 1150 rescripserunt
1341 1099 1374 1138 ex
1388 1083 1431 1138 his
1448 1083 1577 1138 codicillis
1594 1083 1639 1152 qui
1658 1087 1844 1138 testamentum
1861 1099 1938 1154 praa·

272 1149 408 1216 Augustus
425 1147 588 1202 voluntatem
605 1147 662 1200 cius
680 1147 828 1218 implesset,
847 1149 971 1216 deinceps
988 1147 1082 1218 reliqui
1131 1149 1229 1202 cedunt
1244 1167 1325 1220 posse
1342 1149 1575 1206 fideicommissum
1591 1151 1659 1218 peti,
1684 1149 1707 1206 si
1724 1155 1854 1220 appareat
1871 1167 1938 1216 eum,

273 1213 458 1268 auctoritatem
475 1215 531 1270 eius
548 1215 634 1268 secuti
650 1215 854 1272 fideicommissa
869 1215 1041 1284 praestabant
1055 1221 1082 1270 et
1130 1217 1177 1284 qui
1198 1223 1293 1286 postca
1314 1223 1502 1274 testamentum
1524 1219 1638 1284 iecerat,
1663 1235 1680 1274 a
1702 1221 1839 1274 voluntate
1861 1235 1940 1298 quam

273 1281 327 1336 filia
343 1281 450 1338 Lentuli
473 1285 573 1352 legata,
598 1299 667 1354 quae
689 1287 752 1340 iura
768 1301 823 1338 non
846 1283 976 1348 debehat,
994 1285 1079 1338 solvit.
1130 1289 1146 1338 ‘l
1182 1285 1308 1342 codicillis
1335 1293 1503 1356 expresserat
1527 1303 1582 1344 non
1613 1287 1762 1344 recessisse.
1807 1287 1940 1344 Cedreillis

273 1351 376 1404 dicitur
391 1353 528 1422 Angustus
553 1367 713 1408 convocasse
737 1353 893 1422 prudentes,
919 1351 988 1404 inter
1013 1369 1080 1422 quos
1130 1359 1220 1406 autem
1236 1353 1370 1410 hereditas
1388 1371 1473 1424 neque
1491 1355 1550 1410 dari
1566 1371 1652 1424 neque
1675 1353 1756 1410 adimi
1778 1361 1882 1424 potest,
1906 1371 1941 1410 ne

273 1419 426 1474 Trebatium
452 1435 570 1490 quoque,
597 1421 672 1476 cuius
701 1427 767 1476 tunc
793 1419 940 1476 auotoritas
966 1421 1080 1476 maxima
1131 1419 1310 1476 confundatur
1319 1423 1360 1476 ius
1370 1427 1589 1478 testamentorum
1603 1429 1630 1478 et
1644 1423 1834 1490 codicillorum,
1844 1429 1871 1478 et
1879 1423 1939 1478 idco

270 1491 339 1554 erat,
356 1491 384 1542 et
400 1489 542 1556 quaesisse,
560 1505 594 1544 an
611 1491 697 1560 possit
713 1491 765 1546 hoc
782 1487 867 1558 recipi
883 1503 933 1542 nec
947 1489 1081 1544 absonans
1130 1505 1179 1544 nec
1197 1491 1366 1546 exheredatio
1385 1491 1473 1546 scribi.
1502 1491 1602 1548 directo
1616 1497 1704 1546 autern
1717 1491 1851 1548 hereditas
1867 1491 1939 1548 codi-

270 1575 287 1612 ιι
307 1555 374 1612 iuris
390 1557 494 1614 rabone
518 1557 699 1614 codicillorum
721 1573 786 1614 usus
810 1561 892 1612 esset:
917 1557 962 1612 et³
979 1557 1079 1614 Treba·
1131 1557 1197 1614 cilis
1214 1573 1300 1628 neque
1317 1559 1478 1630 dariaeque
1496 1559 1577 1614 adimi
1592 1565 1695 1630 potest:
1718 1577 1782 1616 nam
1799 1575 1847 1630 per
1864 1559 1940 1614 fidei-

272 1625 339 1680 tium
356 1625 471 1684 suashse
488 1629 625 1698 Augusto,
650 1627 722 1698 quod
745 1625 845 1680 diceret
867 1625 1035 1682 utilissimum
1054 1631 1080 1682 et
1131 1625 1299 1706 commissum
1316 1629 1449 1684 hereditas
1468 1629 1595 1684 codicillis
1612 1629 1670 1686 inre
1686 1629 1851 1752 relinquitur.
1879 1629 1940 1684 ⁶nec

273 1695 451 1750 necessarium
464 1697 517 1752 hoc
532 1697 632 1752 civibus
650 1695 1080 1764 esseproptermagnasetlongas
1132 1695 1314 1750 condicionem
1337 1695 1427 1750 heredi
1442 1697 1567 1752 instituto
1586 1697 1713 1752 codicillis
1730 1713 1747 1752 a
1766 1713 1837 1752 rcere
1854 1711 1940 1764 neque

273 1763 511 1832 peregrinationes,
535 1773 603 1834 quae
620 1761 693 1832 apud
710 1767 811 1818 veteres
827 1761 1040 1828 tuissent³·‚cbi,
1058 1761 1080 1818 si
1131 1767 1146 1818 3
1181 1763 1341 1818 substituere
1355 1763 1455 1818 direeto
1471 1769 1569 1834 potest.
1604 1763 1745 1820 Codicillos
1760 1767 1848 1818 autem
1862 1765 1940 1818 etiarn

274 1831 332 1902 quis
351 1835 536 1888 testamentum
551 1831 641 1886 iacere
654 1845 709 1886 non
723 1833 822 1900 posset,
840 1833 931 1886 tamen
946 1829 1080 1886 codicillos
1130 1831 1220 1900 plures
1244 1833 1302 1902 quis
1326 1831 1417 1886 iacere
1433 1839 1536 1902 potest:
1564 1839 1590 1888 et
1613 1833 1713 1888 nullam
1736 1833 1940 1890 sollemnitatem

272 1905 370 1970 posset.
396 1905 459 1970 post
481 1915 550 1970 quae
573 1905 696 1968 tempora
713 1915 774 1954 cum
791 1903 819 1954 et
834 1897 927 1956 Labeo
946 1899 1080 1956 codicillos
1130 1899 1304 1956 ordinationis
1322 1899 1480 1956 desiderant.

1091 547 1093 552 ’
1131 539 1252 606 iecisset,
1269 543 1323 598 iam
1339 539 1437 600 nemini
1454 537 1564 596 dubium
1582 541 1653 604 erat,
1670 537 1740 608 quin
1752 537 1941 596 codicilli'iure

1132 609 1232 678 optimo
1250 609 1459 666 admitterentur.

1133 679 1145 728 t
1215 675 1277 730 Non
1295 681 1398 732 tantum
1412 681 1502 732 autem
1517 679 1675 732 testamento
1689 673 1763 730 iacto
1777 679 1867 744 potest
1874 675 1940 798 1{ptis

934 2601 1066 2682 LIBER
1088 2599 1287 2676 TERTIUS.

659 2789 692 2850 I'
912 2833 915 2844 .

321 2891 366 2940 nn
384 2889 659 2954 nnnnnrmmnus
677 2889 768 2946 ouen
787 2891 829 2940 ιιι
848 2861 1036 2950 transnare

435 2985 437 2990 -
550 2959 782 3010 nnnnnunrun
854 2975 869 3008 ι

308 3057 452 3114 intestatus
475 3059 591 3126 decedit,
618 3059 664 3130 qui
689 3063 737 3114 aut
762 3061 869 3136 omnino
895 3065 1082 3116 testamentum

274 3143 327 3180 non
352 3125 417 3180 iecit
442 3133 489 3182 aut
511 3141 565 3180 non
587 3127 814 3200 incalescit-iant
836 3129 863 3182 id
888 3129 960 3198 quod
981 3129 1082 3184 fecerat

273 3201 382 3318 ruqtrttngn
398 3195 533 3252 irritumvc
549 3195 651 3252 iactum
670 3201 710 3252 est
728 3199 794 3252 auct
810 3213 888 3252 nemo
906 3213 939 3252 ex
956 3213 987 3252 eo
1004 3197 1081 3252 heres

276 3279 309 3318 ex
323 3281 372 3318 ιι.
963 3287 964 3290 “

277 3337 286 3384 1
361 3333 583 3390 ωἸιι1οι1ιι1οιιιιιι
600 3339 690 3388 autem
707 3333 868 3390 hereditates
886 3333 992 3404 exlege
1016 3333 1080 3388 duo·

275 3399 366 3454 *decim
383 3401 534 3456 tabularum
549 3403 663 3470 primum
680 3401 716 3458 ad
733 3419 796 3458 suos
813 3403 924 3458 heredes
940 3403 1080 3472 pertinent.

275 3473 288 3522 2
326 3467 380 3522 'Sui
393 3475 482 3524 autem
496 3469 606 3526 heredes
623 3471 816 3538 existimantur,
834 3477 865 3526 nt
879 3477 906 3526 et
919 3487 1000 3540 supra
1015 3471 1080 3524 dixi·

275 3537 377 3602 maest,
404 3537 449 3606 qui
476 3537 505 3592 in
528 3543 662 3606 potestate
687 3539 823 3594 morientis
848 3539 969 3596 fuerunt:
1001 3539 1083 3594 veluti

276 3603 350 3660 *tilius
373 3603 441 3674 filia,
464 3621 547 3674 nepos
571 3605 690 3688 neptisve
713 3623 747 3662 ex
768 3607 837 3674 filio,
861 3623 995 3676 pronepos
1017 3623 1080 3676 pro·

278 3673 399 3742 'neptisve
417 3691 450 3728 ex
467 3677 563 3744 nepote
579 3675 634 3730 iiho
652 3681 726 3742 nato,
744 3681 891 3744 prognatus
909 3681 1079 3744 progustare.

275 3747 330 3798 'nec
344 3741 462 3810 interest,
477 3749 567 3798 utrum
581 3741 717 3798 naturales
731 3749 794 3798 sunt
807 3743 884 3798 liberi
898 3759 933 3798 an
949 3743 1080 3816 adoptivi.⁴

239 3855 240 3858 ,
274 3815 307 3864 la
342 3809 444 3880 Quibus
460 3813 645 3868 connumerari
662 3827 773 3868 neeesse
791 3819 831 3868 cst
849 3813 928 3868 etiam
952 3829 1011 3878 eos,
1036 3813 1081 3882 qui

274 3895 307 3934 ex
323 3879 448 3960 ⁴legitimis
471 3879 576 3960 quidem
599 3881 773 3936 matrimoniis
791 3897 846 3936 non
863 3887 926 3936 sunt
941 3881 1080 3950 progeniti,

274 3963 354 4004 curus
377 3953 465 4004 tamen
483 3951 618 4004 crvitatum
636 3949 692 4004 dati
709 3951 856 4004 seeundum
875 3949 998 4004 divalium
1016 3967 1079 4004 eon-

273 4017 453 4086 stitutionem,
479 4035 546 4088 quae
571 4019 714 4090 superbis
738 4017 841 4088 positae
859 4023 937 4096 sunt,
962 4023 1080 4074 tenorem

272 4101 381 4142 suorum
395 4087 453 4142 iura
467 4089 672 4144 nanciscuntur:
688 4103 736 4142 nec
752 4103 807 4142 non
821 4101 875 4152 eos,
891 4103 958 4156 quos
974 4093 1080 4142 nostrae

272 4155 409 4294 isitii
431 4155 1080 4292 illarii‘lil‘llibiaiibhlilleuticiis

272 4309 326 4348 non
343 4293 377 4348 ab
394 4293 468 4348 initio
492 4293 633 4348 affectione
655 4293 783 4356 maritali,
809 4307 867 4346 eam
891 4297 995 4358 tamen,
1019 4309 1080 4348 cum

270 4361 740 4500 tttsittlittttttttr
754 4359 1079 4496 slttstttttt:

271 4473 374 4566 ptialia'
386 4497 560 4554 instrumenta
577 4515 638 4554 eum
656 4513 687 4554 ea
703 4495 937 4566 ieceritiiliosque
953 4497 994 4554 vel
1010 4497 1080 4552 iihas

270 4567 406 4622 habuerit:
425 4585 480 4624 non
494 4570 579 4624 solum
593 4583 639 4624 eos
653 4567 760 4632 liberos,
779 4565 825 4636 qui
838 4571 901 4646 post
915 4567 1002 4622 dotem
1018 4567 1080 4622 editi

271 4639 346 4702 sunt,
363 4635 447 4694 iustos
465 4643 492 4692 et
507 4639 535 4692 in
552 4641 685 4708 potestate
701 4651 760 4692 esse
776 4635 912 4704 patribus,
936 4635 984 4690 sed
1001 4635 1080 4692 etiarn

270 4703 429 4776 anteriores,
455 4707 501 4776 qui
523 4707 642 4764 ethis¹⁴
661 4707 706 4776 qui
729 4707 825 4786 postea
846 4703 904 4760 nati
921 4709 984 4758 sunt
1001 4719 1079 4760 occa·

270 4773 371 4830 sionem
388 4773 495 4842 legitimi
512 4775 624 4832 nominis
641 4779 846 4846 praestiterunt:
871 4773 942 4842 quod
960 4773 1080 4842 optinere

271 4839 433 4908 censuimus,
458 4843 561 4898 etiamsi
577 4861 643 4900 non,
668 4843 780 4914 regeniti
795 4841 896 4896 inerint
911 4847 975 4912 post
991 4841 1080 4896 datam

270 4911 474 4966 instrumentum
491 4911 642 4970 confectum
670 4911 735 4968 'heri
751 4911 794 4966 rel
812 4911 892 4966 etiam
908 4911 965 4966 nati
980 4911 1013 4966 ab
1028 4911 1080 4964 hac

271 4983 302 5034 11
336 4980 397 5035 luce
419 4979 549 5034 subtracti
564 4979 671 5034 fuerint.
710 4979 787 5034 15Ἧι
805 4977 911 5034 demum
926 4987 1017 5034 tamen
1033 4995 1079 5034 ne-

272 5049 279 5070 *
297 5063 328 5104 os
350 5049 469 5118 neptisve
492 5053 519 5102 et
541 5063 675 5120 pronepos
692 5049 861 5118 proneptisve
878 5065 987 5104 suorum
1003 5049 1078 5104 here-

272 5067 342 5172 'gum
358 5133 467 5174 numero
485 5121 555 5182 sunt,
573 5117 597 5172 si
613 5119 777 5198 praecedens
795 5133 911 5198 persona
929 5115 1036 5198 desierit
1052 5117 1080 5172 in

271 5185 1080 5312 11111111111111111311.1111111111

272 5321 396 5390 tempus,
414 5297 470 5394 qno’
485 5313 543 5394 quis
560 5273 720 5390 morereturlss
742 5325 814 5382 filius
829 5325 858 5380 in
872 5273 1007 5400 perereio
1023 5325 1080 5382 eius

305 5499 337 5564 (1)
359 5497 394 5562 ί).
405 5495 465 5564 Die.
476 5501 539 5564 29,t
563 5499 620 5550 Occi.
631 5499 654 5560 6,
667 5507 693 5550 tt
779 5499 813 5564 (1)
830 5503 867 5554 er'c
879 5499 908 5554 B
922 5517 974 5554 cum
989 5501 1020 5566 θ,
1035 5499 1080 5568 qui

272 5567 395 5618 codicillos
404 5569 485 5616 acorna
494 5579 597 5634 ternpore
606 5569 631 5618 ιἰι
641 5565 731 5634 Africa
739 5567 825 5630 factor
839 5571 924 5634 rasari,
938 5569 1041 5620 ahicam
1055 5567 1081 5622 Τ

271 5637 304 5700 (θ)
323 5635 427 5714 οειο1οξ]
437 5637 498 5684 essct
506 5635 542 5698 B,
552 5639 588 5686 esi
596 5639 622 5688 ei
632 5637 680 5688 To
725 5635 768 5698 (θ’)
785 5637 939 5688 crebrisseni
947 5657 1002 5704 sca,
1012 5641 1044 5706 cs.
1054 5637 1077 5690 θ

271 5703 386 5766 seraptis
399 5717 468 5766 ησαν
478 5703 599 5766 [similiter
606 5703 733 5766 Huschke)
784 5705 818 5770 (1)
831 5707 1080 5774 tadei10,sedlihrs'

271 5773 304 5836 (b)
321 5773 382 5840 Dap.
392 5773 486 5838 29,1,1
497 5771 573 5838 (Pop.
585 5773 622 5826 Li
635 5793 699 5842 resp·
779 5775 814 5838 (b)
835 5781 872 5836 §l
879 5777 954 5842 ficut
968 5777 1077 5830 eaMcr·

272 5841 339 5892 cinci
351 5843 366 5892 l.
377 5851 389 5892 6
399 5839 534 5906 instfflr'p.
545 5841 585 5906 29,
595 5851 687 5906 'l‚⁸pr.
698 5847 711 5904 i
722 5841 744 5906 1)

1133 2789 1188 2856 sit,
1211 2805 1295 2860 nepos
1319 2805 1352 2846 ex
1368 2805 1399 2846 co
1418 2805 1482 2846 suus
1499 2791 1577 2846 heres
1595 2805 1653 2844 esse
1669 2805 1725 2844 non
1741 2793 1836 2868 potest.
1863 2789 1943 2868 idque

1133 2857 1169 2912 'et
1184 2857 1213 2912 in
1232 2859 1324 2914 ceteris
1342 2859 1467 2928 deinceps
1484 2859 1628 2916 liberorum
1646 2873 1766 2928 persoms
1784 2857 1885 2914 dictum
1901 2875 1941 2912 rn-

1133 2925 1293 2994 *tellegimus
1320 2927 1437 2996 postumi
1452 2943 1566 2996 quoque,
1585 2927 1637 2996 qui,
1655 2925 1749 2982 sivivo
1761 2933 1872 2996 parente
1886 2927 1943 2982 nati

1135 2997 1243 3060 essent,
1262 2997 1290 3050 in
1306 3001 1440 3066 potestate
1456 2997 1541 3050 futuri
1558 2995 1659 3060 forent,
1677 2995 1719 3048 sni
1736 2995 1846 3050 heredes
1865 2997 1942 3050 sunt*

1133 3067 1147 3118 3
1183 3063 1230 3118 Sui
1247 3069 1336 3120 antem
1353 3065 1433 3120 etiam
1450 3063 1602 3132 ignorantes
1619 3063 1689 3118 fiunt
1704 3063 1814 3118 heredes
1829 3069 1864 3128 et,
1880 3063 1944 3120 licet

1132 3129 1227 3186 furiosi
1244 3131 1305 3198 sint,
1322 3131 1432 3186 heredes
1450 3137 1565 3200 possunt
1579 3131 1703 3186 existere:
1722 3131 1785 3202 quia
1799 3133 1894 3202 quibus
1910 3147 1943 3186 ex

1133 3199 1221 3254 causis
1238 3199 1421 3270 ignorantibus
1439 3199 1587 3270 adquiritur
1604 3201 1689 3266 nobis,
1707 3215 1741 3254 ex
1757 3199 1798 3254 his
1813 3201 1901 3256 causis
1916 3205 1944 3256 et

1132 3267 1239 3324 furiosis
1249 3269 1354 3338 adquiri
1367 3273 1464 3340 potest.
1490 3273 1517 3322 et
1529 3267 1620 3324 statim
1634 3273 1719 3324 morte
1732 3267 1851 3338 parentis
1866 3269 1943 3338 quasi

1133 3335 1304 3392 continuatur
1326 3339 1483 3394 dominium:
1509 3343 1535 3392 et
1556 3337 1617 3392 ideo
1640 3353 1690 3392 nec
1712 3337 1808 3394 hrtoms
1826 3339 1943 3392 auctori·

1131 3411 1188 3460 tate
1205 3421 1272 3474 opus
1291 3411 1332 3462 cst
1346 3407 1375 3462 in
1392 3405 1508 3476 pupillis,
1528 3423 1588 3462 cum
1602 3407 1681 3462 ο11ιιιιι
1695 3405 1878 3474 ignorantibus
1895 3405 1942 3462 ad·

1133 3473 1246 3542 quiritur
1262 3475 1317 3528 suis
1334 3475 1476 3530 heredibus
1493 3473 1641 3528 hereditas:
1660 3491 1710 3528 neo
1728 3475 1860 3530 curatoris
1877 3491 1941 3528 eon·

1131 3545 1148 3594 4
1182 3555 1262 3596 sensu
1279 3543 1426 3612 adquiritur
1442 3543 1554 3606 furioso,
1572 3541 1618 3596 sed
1631 3543 1691 3612 ipsc
1704 3543 1770 3596 iure.
1805 3541 1942 3596 Interdum

1132 3615 1234 3674 autem,
1258 3609 1321 3666 licet
1342 3609 1371 3664 in
1386 3615 1521 3678 potestate
1537 3609 1629 3666 mortis
1646 3615 1766 3678 tempore
1783 3625 1848 3664 suus
1865 3611 1942 3666 heres

1132 3693 1185 3732 non
1202 3677 1261 3744 ftdt,
1279 3683 1368 3732 tamen
1385 3693 1449 3732 suus
1467 3679 1545 3734 heres
1582 3681 1668 3734 arenti
1685 3677 1807 3744 efficitur,
1824 3679 1905 3734 veluti
1919 3679 1942 3734 ai

1133 3747 1167 3800 ab
1190 3747 1309 3802 hostibus
1333 3747 1391 3816 quis
1414 3763 1537 3802 reversus
1566 3747 1635 3802 uerit
1652 3753 1713 3816 post
1730 3751 1841 3802 mortem
1857 3747 1942 3816 patris

1132 3819 1147 3868 5
1183 3813 1237 3870 suit
1261 3815 1303 3870 ius
1327 3817 1395 3870 enim
1412 3815 1568 3884 postliminii
1583 3815 1635 3870 hoc
1651 3817 1725 3870 facit.
1759 3815 1813 3870 Per
1835 3821 1941 3870 conba-

1131 3883 1199 3936 rium
1217 3885 1302 3938 evenit
1319 3889 1357 3950 ut,
1376 3885 1438 3940 licet
1456 3885 1515 3954 quis
1532 3885 1560 3938 in
1577 3883 1678 3940 familia
1692 3883 1809 3940 defuncti
1823 3883 1859 3940 sit
1870 3899 1941 3938 mor-

1131 3951 1166 4006 tis
1183 3957 1310 4020 ternpore,
1328 3957 1418 4008 tamen
1435 3969 1500 4008 suus
1514 3951 1590 4008 heres
1606 3969 1659 4008 ιιοιι
1673 3953 1728 4020 fiat,
1747 3951 1829 4008 veluti
1842 3953 1866 4008 si
1880 3957 1944 4022 post

1131 4025 1242 4074 mortem
1260 4037 1335 4076 suam
1351 4027 1428 4092 pater
1445 4021 1578 4078 iudicatus
1595 4021 1676 4076 fuerit
1697 4037 1760 4076 reus
1783 4021 1941 4092 paduano-

1132 4089 1173 4144 nis
1191 4105 1223 4144 ac
1240 4105 1288 4158 per
1304 4089 1356 4146 hoe
1373 4089 1500 4146 memoria
1518 4089 1575 4146 eius
1598 4089 1725 4146 damnata
1746 4089 1840 4144 fuerit:
1865 4105 1943 4146 suum

1131 4157 1201 4212 enim
1217 4157 1340 4214 heredem
1357 4159 1457 4212 habere
1472 4173 1528 4212 non
1544 4163 1642 4228 potest,
1661 4173 1721 4212 cnm
1738 4157 1820 4214 fiscus
1838 4159 1863 4212 ei
1880 4175 1941 4214 suc-

1131 4225 1209 4280 cedit.
1234 4225 1282 4280 sad
1298 4231 1388 4296 potest
1406 4225 1457 4280 dici
1473 4227 1532 4296 ipso
1550 4227 1608 4282 iure
1626 4241 1686 4282 esse
1709 4241 1787 4280 snam
1808 4227 1941 4292 heredem,

1132 4299 1147 4350 6
1181 4293 1229 4350 sed
1254 4293 1381 4348 desinere.
1420 4293 1523 4350 ¹⁶*Oum
1545 4293 1617 4350 iilius
1639 4293 1726 4350 filiave
1748 4299 1776 4348 et
1798 4311 1830 4350 ex
1856 4295 1941 4350 altero

1132 4361 1191 4416 'filio
1210 4375 1293 4432 nepos
1310 4361 1431 4430 neptisve
1454 4367 1561 4428 extant,
1587 4363 1688 4432 pariter
1709 4361 1746 4416 ad
1767 4361 1942 4418 hereditatem

1132 4431 1267 4484 *vocantur
1283 4443 1333 4484 neo
1350 4431 1396 4500 qui
1412 4431 1497 4498 gradu
1514 4431 1659 4500 proximior
1674 4437 1713 4486 est
1727 4431 1879 4486 ulteriorem
1895 4447 1941 4486 ex·

1132 4497 1235 4552 'cluditr
1253 4513 1368 4566 aequum
1385 4499 1455 4554 enim
1472 4515 1531 4554 esse
1547 4499 1650 4554 videtur
1667 4503 1777 4572 nepotes
1794 4505 1941 4570 neptesque

1130 4567 1165 4620 'in
1181 4565 1266 4636 patris
1283 4567 1325 4622 sui
1340 4567 1429 4624 locum
1446 4569 1596 4624 succedere.
1622 4569 1682 4638 pari
1697 4569 1802 4624 ratione
1816 4573 1844 4626 et
1856 4567 1879 4626 si
1893 4583 1941 4624 ne·

1131 4635 1186 4704 'pos
1205 4635 1344 4706 neptisquc
1361 4637 1396 4692 sit
1409 4653 1444 4692 ex
1457 4637 1512 4692 filio
1528 4643 1555 4692 et
1571 4653 1603 4692 ex
1617 4643 1715 4706 nepote
1729 4653 1863 4710 pronepos
1877 4653 1940 4708 pro·

1131 4701 1270 4772 *neptisve
1296 4705 1374 4762 simul
1397 4711 1536 4762 vocantur.
1568 4713 1594 4762 et
1616 4707 1680 4776 quia
1701 4705 1804 4776 placuit
1829 4711 1940 4774 nepotes

1130 4773 1290 4852 *neptesque
1307 4773 1371 4830 item
1381 4779 1548 4898 (pronepotes
1565 4779 1760 4854 proneptesque
1775 4775 1805 4830 in
1821 4773 1941 4844 parentis

1130 4839 1179 4896 *sur
1194 4841 1283 4896 locum
1299 4857 1380 4898 succe
1400 4857 1457 4910 ere,
1476 4845 1635 4898 conveniens
1653 4859 1710 4898 esse
1725 4859 1812 4898 usum
1829 4847 1941 4900 estnon

1130 4909 1165 4962 *in
1183 4911 1278 4978 capita,
1297 4911 1389 4966 sedin
1406 4911 1502 4980 stirpes
1519 4911 1693 4968 hereditatem
1710 4911 1806 4978 dudi,
1822 4917 1854 4966 nt
1870 4911 1941 4968 iilius

1130 4977 1238 5046 *partem
1256 4979 1390 5036 dimidiam
1407 4979 1562 5036 hereditatis
1580 4981 1678 5036 habeat
1695 4985 1722 5034 ct
1739 4995 1772 5034 ex
1787 4981 1871 5036 altero
1885 4979 1940 5034 filio

1131 5047 1190 5102 *duo
1208 5050 1329 5118 pluresve
1346 5055 1458 5118 nepotes
1475 5050 1588 5104 alteram
1606 5047 1747 5104 dimidiam.
1773 5049 1837 5104 item
1860 5049 1883 5104 si
1907 5063 1941 5104 ex

1131 5115 1242 5172 *duobus
1265 5117 1326 5172 iihis
1349 5123 1460 5188 nepotes
1477 5123 1572 5172 extant
1588 5121 1616 5172 et
1632 5133 1666 5172 ex
1682 5117 1765 5172 altero
1783 5133 1853 5172 nnus
1869 5115 1941 5172 torte

1130 5185 1185 5238 ‘aut
1203 5187 1270 5254 duo,
1295 5203 1328 5242 ex
1344 5187 1427 5242 altero
1445 5193 1500 5242 tres
1518 5193 1566 5242 aut
1583 5191 1722 5256 quattuor,
1742 5185 1875 5242 adunam
1892 5191 1941 5240 aut

1131 5253 1206 5310 *duos
1223 5255 1330 5312 dimidia
1346 5271 1409 5324 pars
1426 5255 1555 5326 pertinet,
1580 5255 1686 5310 adires
1702 5255 1744 5310 rel
1761 5253 1796 5308 ad
1812 5259 1939 5324 quattuor

1132 5327 1146 5376 1
1182 5323 1274 5382 'altera
1291 5325 1416 5382 dimidia*
1451 5325 1518 5380 (lum
1535 5329 1624 5380 autem
1647 5323 1796 5394 quaeritur,
1819 5339 1855 5380 an
1877 5323 1938 5396 quis

1161 5499 1195 5568 (tl
1216 5499 1254 5568 Os.
1271 5501 1415 5580 Getasa
1433 5499 1494 5566 Dip.
1507 5499 1548 5564 38,
1557 5509 1583 5552 ιο
1605 5499 1663 5550 Cori.
1674 5501 1734 5562 tim
1825 5499 1860 5578 (ο)
1877 5497 1938 5550 lacit

1127 5567 1164 5630 B,
1178 5569 1491 5622 1οιι1οιιιοιι11ιιιι1οοι1Το*1
1571 5567 1606 5634 (a)
1622 5569 1676 5630 aut]
1687 5567 1771 5628 Tres
1787 5565 1938 5620 snthG*

1127 5637 1174 5772 tt
1189 5637 1401 5772 ittttt..
1415 5639 1626 5772 stitit,
1656 5637 1701 5702 ‘¹²³
1723 5637 1938 5772 titides}

1127 5775 1258 5906 ἒῖῗοιίψ
1272 5775 1449 5844 qaiasthisT
1522 5775 1569 5842 (tt)
1588 5775 1646 5830 dat.
1657 5777 1683 5842 3,
1692 5785 1736 5828 1.1
1810 5775 1858 5844 (1⁸)
1877 5773 1936 5830 Gai
