<?xml version="1.0" encoding="UTF-8"?>
<!DOCTYPE html PUBLIC "-//W3C//DTD XHTML 1.0 Transitional//EN"
    "http://www.w3.org/TR/xhtml1/DTD/xhtml1-transitional.dtd">
<html xmlns="http://www.w3.org/1999/xhtml" xml:lang="en" lang="en">
 <head>
  <title>
</title>
<meta http-equiv="Content-Type" content="text/html;charset=utf-8" />
  <meta name='ocr-system' content='tesseract 3.04.00' />
  <meta name='ocr-capabilities' content='ocr_page ocr_carea ocr_par ocr_line ocrx_word'/>
</head>
<body>
  <div class='ocr_page' id='page_1' title='image "./corpusiuriscivi00schogoog_0856.png"; bbox 0 0 4366 6258; ppageno 0'>
   <div class='ocr_carea' id='block_1_1' title="bbox 245 331 1908 470">
    <p class='ocr_par' dir='ltr' id='par_1_1' title="bbox 245 331 1908 470">
     <span class='ocr_line' id='line_1_1' title="bbox 245 331 1908 470; baseline -0.008 -40"><span class='ocrx_word' id='word_1_1' title='bbox 245 371 285 430; x_wconf 81' lang='lat' dir='ltr'><strong>nr</strong></span> <span class='ocrx_word' id='word_1_2' title='bbox 305 331 596 428; x_wconf 79' lang='lat' dir='ltr'><strong>umaesmonmns</strong></span> <span class='ocrx_word' id='word_1_3' title='bbox 919 351 1224 470; x_wconf 46' lang='lat' dir='ltr'><strong>...Q-m</strong></span> <span class='ocrx_word' id='word_1_4' title='bbox 1694 349 1867 416; x_wconf 75' lang='lat' dir='ltr'><strong>xxxiivi</strong></span> <span class='ocrx_word' id='word_1_5' title='bbox 1889 355 1908 416; x_wconf 77' lang='grc'><strong>1</strong></span> 
     </span>
    </p>
   </div>
   <div class='ocr_carea' id='block_1_2' title="bbox 245 533 1913 5704">
    <p class='ocr_par' dir='ltr' id='par_1_2' title="bbox 245 533 1913 5704">
     <span class='ocr_line' id='line_1_2' title="bbox 245 533 1909 616; baseline -0.011 -9"><span class='ocrx_word' id='word_1_6' title='bbox 245 547 351 608; x_wconf 87' lang='lat' dir='ltr'><strong>venerit.</strong></span> <span class='ocrx_word' id='word_1_7' title='bbox 397 551 425 600; x_wconf 91' lang='lat' dir='ltr'><strong>et</strong></span> <span class='ocrx_word' id='word_1_8' title='bbox 449 545 608 616; x_wconf 74' lang='lat' dir='ltr'><strong>generaliter</strong></span> <span class='ocrx_word' id='word_1_9' title='bbox 635 547 795 600; x_wconf 83' lang='lat' dir='ltr'><strong>consistet</strong></span> <span class='ocrx_word' id='word_1_10' title='bbox 823 543 996 616; x_wconf 76' lang='lat' dir='ltr'><strong>stipulatione</strong></span> <span class='ocrx_word' id='word_1_11' title='bbox 1023 543 1051 598; x_wconf 88' lang='lat' dir='ltr'><strong>in</strong></span> <span class='ocrx_word' id='word_1_12' title='bbox 1105 549 1116 596; x_wconf 94' lang='grc'><strong>1</strong></span> <span class='ocrx_word' id='word_1_13' title='bbox 1154 545 1197 598; x_wconf 88' lang='lat' dir='ltr'><strong>cui</strong></span> <span class='ocrx_word' id='word_1_14' title='bbox 1214 545 1329 602; x_wconf 87' lang='lat' dir='ltr'><strong>iusserit.</strong></span> <span class='ocrx_word' id='word_1_15' title='bbox 1358 543 1404 600; x_wconf 85' lang='lat' dir='ltr'><strong>Fit</strong></span> <span class='ocrx_word' id='word_1_16' title='bbox 1421 547 1509 598; x_wconf 89' lang='lat' dir='ltr'><strong>autem</strong></span> <span class='ocrx_word' id='word_1_17' title='bbox 1527 535 1657 606; x_wconf 81' lang='lat' dir='ltr'>delegatio</span> <span class='ocrx_word' id='word_1_18' title='bbox 1674 535 1716 592; x_wconf 82' lang='lat' dir='ltr'><strong>rel</strong></span> <span class='ocrx_word' id='word_1_19' title='bbox 1732 551 1781 604; x_wconf 91' lang='lat' dir='ltr'><strong>per</strong></span> <span class='ocrx_word' id='word_1_20' title='bbox 1798 533 1909 606; x_wconf 64' lang='lat' dir='ltr'><strong>stipula</strong></span> 
     </span>
     <span class='ocr_line' id='line_1_3' title="bbox 247 609 1841 686; baseline -0.006 -15"><span class='ocrx_word' id='word_1_21' title='bbox 247 621 313 676; x_wconf 81' lang='grc'>111111</span> <span class='ocrx_word' id='word_1_22' title='bbox 338 615 412 670; x_wconf 84' lang='lat' dir='ltr'><strong>iacta</strong></span> <span class='ocrx_word' id='word_1_23' title='bbox 441 613 609 670; x_wconf 73' lang='lat' dir='ltr'><strong>novationem</strong></span> <span class='ocrx_word' id='word_1_24' title='bbox 638 613 803 680; x_wconf 88' lang='lat' dir='ltr'><strong>contingere,</strong></span> <span class='ocrx_word' id='word_1_25' title='bbox 839 613 887 668; x_wconf 88' lang='lat' dir='ltr'><strong>sed</strong></span> <span class='ocrx_word' id='word_1_26' title='bbox 914 629 969 668; x_wconf 91' lang='lat' dir='ltr'><strong>non</strong></span> <span class='ocrx_word' id='word_1_27' title='bbox 996 619 1051 668; x_wconf 90' lang='lat' dir='ltr'><strong>sta·</strong></span> <span class='ocrx_word' id='word_1_28' title='bbox 1101 611 1200 666; x_wconf 77' lang='lat' dir='ltr'><strong>donem</strong></span> <span class='ocrx_word' id='word_1_29' title='bbox 1217 615 1258 670; x_wconf 85' lang='lat' dir='ltr'><strong>rel</strong></span> <span class='ocrx_word' id='word_1_30' title='bbox 1274 629 1323 684; x_wconf 88' lang='lat' dir='ltr'><strong>per</strong></span> <span class='ocrx_word' id='word_1_31' title='bbox 1339 613 1394 670; x_wconf 88' lang='lat' dir='ltr'><strong>litis</strong></span> <span class='ocrx_word' id='word_1_32' title='bbox 1412 609 1639 668; x_wconf 72' lang='lat' dir='ltr'><strong>contestationem.</strong></span> <span class='ocrx_word' id='word_1_33' title='bbox 1663 673 1668 686; x_wconf 34' lang='grc'>1</span> <span class='ocrx_word' id='word_1_34' title='bbox 1835 673 1841 686; x_wconf 42' lang='grc'><strong>.</strong></span> 
     </span>
     <span class='ocr_line' id='line_1_4' title="bbox 246 671 1911 760; baseline -0.008 -18"><span class='ocrx_word' id='word_1_35' title='bbox 246 691 289 742; x_wconf 91' lang='lat' dir='ltr'><strong>tim</strong></span> <span class='ocrx_word' id='word_1_36' title='bbox 315 699 348 738; x_wconf 86' lang='lat' dir='ltr'><strong>ex</strong></span> <span class='ocrx_word' id='word_1_37' title='bbox 374 697 406 736; x_wconf 87' lang='lat' dir='ltr'><strong>ca</strong></span> <span class='ocrx_word' id='word_1_38' title='bbox 431 679 600 748; x_wconf 72' lang='lat' dir='ltr'><strong>stipulatione</strong></span> <span class='ocrx_word' id='word_1_39' title='bbox 630 679 673 748; x_wconf 90' lang='lat' dir='ltr'><strong>agi</strong></span> <span class='ocrx_word' id='word_1_40' title='bbox 700 697 794 748; x_wconf 87' lang='lat' dir='ltr'><strong>posse,</strong></span> <span class='ocrx_word' id='word_1_41' title='bbox 827 687 969 748; x_wconf 82' lang='lat' dir='ltr'><strong>antequam</strong></span> <span class='ocrx_word' id='word_1_42' title='bbox 995 679 1051 736; x_wconf 91' lang='lat' dir='ltr'><strong>dies</strong></span> <span class='ocrx_word' id='word_1_43' title='bbox 1122 677 1177 758; x_wconf 40' lang='lat'><strong>,12</strong></span> <span class='ocrx_word' id='word_1_44' title='bbox 1202 681 1319 736; x_wconf 79' lang='lat' dir='ltr'><strong>Parcus</strong></span> <span class='ocrx_word' id='word_1_45' title='bbox 1343 683 1411 736; x_wconf 82' lang='lat' dir='ltr'><strong>libro</strong></span> <span class='ocrx_word' id='word_1_46' title='bbox 1439 679 1594 760; x_wconf 69' lang='lat' dir='ltr'><strong>trrqcrnimo</strong></span> <span class='ocrx_word' id='word_1_47' title='bbox 1617 689 1717 756; x_wconf 42' lang='lat' dir='ltr'><strong>premo·</strong></span> <span class='ocrx_word' id='word_1_48' title='bbox 1736 671 1774 726; x_wconf 85' lang='lat' dir='ltr'><strong>ed</strong></span> <span class='ocrx_word' id='word_1_49' title='bbox 1790 671 1911 752; x_wconf 37' lang='lat' dir='ltr'><strong>,odacrum</strong></span> 
     </span>
     <span class='ocr_line' id='line_1_5' title="bbox 246 739 1911 822; baseline -0.008 -13"><span class='ocrx_word' id='word_1_50' title='bbox 246 751 351 812; x_wconf 85' lang='lat' dir='ltr'><strong>venerit</strong></span> <span class='ocrx_word' id='word_1_51' title='bbox 1102 745 1130 802; x_wconf 83' lang='lat' dir='ltr'><strong>Si</strong></span> <span class='ocrx_word' id='word_1_52' title='bbox 1154 747 1212 816; x_wconf 91' lang='lat' dir='ltr'><strong>quis</strong></span> <span class='ocrx_word' id='word_1_53' title='bbox 1236 751 1396 818; x_wconf 82' lang='lat' dir='ltr'><strong>delegaverit</strong></span> <span class='ocrx_word' id='word_1_54' title='bbox 1418 749 1579 814; x_wconf 71' lang='lat' dir='ltr'><strong>debitorem,</strong></span> <span class='ocrx_word' id='word_1_55' title='bbox 1602 739 1911 822; x_wconf 62' lang='grc'>1111111111111111-</span> 
     </span>
     <span class='ocr_line' id='line_1_6' title="bbox 278 809 1911 892; baseline -0.006 -18"><span class='ocrx_word' id='word_1_56' title='bbox 278 817 488 878; x_wconf 78' lang='grc'>6111111111)</span> <span class='ocrx_word' id='word_1_57' title='bbox 530 813 738 886; x_wconf 80' lang='lat' dir='ltr'><strong>andrapensium</strong></span> <span class='ocrx_word' id='word_1_58' title='bbox 761 821 839 872; x_wconf 80' lang='lat' dir='ltr'><strong>reete</strong></span> <span class='ocrx_word' id='word_1_59' title='bbox 861 815 899 870; x_wconf 84' lang='lat' dir='ltr'><strong>ed</strong></span> <span class='ocrx_word' id='word_1_60' title='bbox 922 813 1051 870; x_wconf 83' lang='lat' dir='ltr'><strong>Setinum</strong></span> <span class='ocrx_word' id='word_1_61' title='bbox 1101 815 1174 870; x_wconf 77' lang='lat' dir='ltr'><strong>done</strong></span> <span class='ocrx_word' id='word_1_62' title='bbox 1197 817 1269 872; x_wconf 90' lang='lat' dir='ltr'><strong>tueri</strong></span> <span class='ocrx_word' id='word_1_63' title='bbox 1291 835 1320 872; x_wconf 91' lang='lat' dir='ltr'><strong>se</strong></span> <span class='ocrx_word' id='word_1_64' title='bbox 1348 833 1428 886; x_wconf 86' lang='lat' dir='ltr'><strong>posse</strong></span> <span class='ocrx_word' id='word_1_65' title='bbox 1450 817 1566 880; x_wconf 78' lang='lat' dir='ltr'><strong>sciebat,</strong></span> <span class='ocrx_word' id='word_1_66' title='bbox 1593 811 1702 868; x_wconf 77' lang='lat' dir='ltr'><strong>similis²</strong></span> <span class='ocrx_word' id='word_1_67' title='bbox 1727 809 1860 892; x_wconf 79' lang='lat' dir='ltr'><strong>ridebitur</strong></span> <span class='ocrx_word' id='word_1_68' title='bbox 1886 811 1911 866; x_wconf 92' lang='lat' dir='ltr'><strong>ei</strong></span> 
     </span>
     <span class='ocr_line' id='line_1_7' title="bbox 247 877 1910 954; baseline -0.007 -9"><span class='ocrx_word' id='word_1_69' title='bbox 247 893 272 948; x_wconf 84' lang='lat' dir='ltr'><strong>si</strong></span> <span class='ocrx_word' id='word_1_70' title='bbox 288 889 326 942; x_wconf 87' lang='lat' dir='ltr'><strong>ita</strong></span> <span class='ocrx_word' id='word_1_71' title='bbox 342 885 418 940; x_wconf 86' lang='lat' dir='ltr'><strong>tuero</strong></span> <span class='ocrx_word' id='word_1_72' title='bbox 437 883 489 954; x_wconf 87' lang='lat' dir='ltr'><strong>stip</strong></span> <span class='ocrx_word' id='word_1_73' title='bbox 536 889 594 940; x_wconf 86' lang='lat' dir='ltr'><strong>tus:</strong></span> <span class='ocrx_word' id='word_1_74' title='bbox 623 889 730 940; x_wconf 82' lang='lat' dir='ltr'><strong>‘nanto</strong></span> <span class='ocrx_word' id='word_1_75' title='bbox 748 885 835 940; x_wconf 88' lang='lat' dir='ltr'><strong>miuus</strong></span> <span class='ocrx_word' id='word_1_76' title='bbox 853 901 870 940; x_wconf 88' lang='lat' dir='ltr'><strong>a</strong></span> <span class='ocrx_word' id='word_1_77' title='bbox 888 883 959 938; x_wconf 90' lang='lat' dir='ltr'><strong>Titio</strong></span> <span class='ocrx_word' id='word_1_78' title='bbox 978 883 1050 936; x_wconf 92' lang='lat' dir='ltr'><strong>debi-</strong></span> <span class='ocrx_word' id='word_1_79' title='bbox 1103 883 1149 952; x_wconf 91' lang='lat' dir='ltr'><strong>qui</strong></span> <span class='ocrx_word' id='word_1_80' title='bbox 1172 885 1267 950; x_wconf 88' lang='lat' dir='ltr'><strong>donat,</strong></span> <span class='ocrx_word' id='word_1_81' title='bbox 1291 887 1415 952; x_wconf 90' lang='lat' dir='ltr'><strong>quoniam</strong></span> <span class='ocrx_word' id='word_1_82' title='bbox 1437 885 1572 940; x_wconf 82' lang='lat' dir='ltr'><strong>remittere</strong></span> <span class='ocrx_word' id='word_1_83' title='bbox 1595 881 1776 952; x_wconf 84' lang='lat' dir='ltr'><strong>exceptionem</strong></span> <span class='ocrx_word' id='word_1_84' title='bbox 1799 877 1910 934; x_wconf 81' lang='lat' dir='ltr'><strong>ridetur.</strong></span> 
     </span>
     <span class='ocr_line' id='line_1_8' title="bbox 248 901 1912 1024; baseline -0.006 -10"><span class='ocrx_word' id='word_1_85' title='bbox 248 967 310 1014; x_wconf 82' lang='lat' dir='ltr'><strong>tore</strong></span> <span class='ocrx_word' id='word_1_86' title='bbox 327 953 483 1022; x_wconf 83' lang='lat' dir='ltr'><strong>exegissem,</strong></span> <span class='ocrx_word' id='word_1_87' title='bbox 506 957 611 1006; x_wconf 89' lang='lat' dir='ltr'><strong>tantum</strong></span> <span class='ocrx_word' id='word_1_88' title='bbox 628 901 792 1018; x_wconf 75' lang='lat' dir='ltr'><strong>ideiubesl&#39;,</strong></span> <span class='ocrx_word' id='word_1_89' title='bbox 815 969 870 1008; x_wconf 89' lang='lat' dir='ltr'><strong>non</strong></span> <span class='ocrx_word' id='word_1_90' title='bbox 886 951 918 1006; x_wconf 91' lang='lat' dir='ltr'><strong>fit</strong></span> <span class='ocrx_word' id='word_1_91' title='bbox 935 949 1051 1018; x_wconf 81' lang='lat' dir='ltr'><strong>novatio,</strong></span> <span class='ocrx_word' id='word_1_92' title='bbox 1102 951 1150 1006; x_wconf 86' lang='lat' dir='ltr'><strong>sed</strong></span> <span class='ocrx_word' id='word_1_93' title='bbox 1172 953 1197 1006; x_wconf 90' lang='lat' dir='ltr'><strong>si</strong></span> <span class='ocrx_word' id='word_1_94' title='bbox 1222 969 1271 1022; x_wconf 91' lang='lat' dir='ltr'><strong>per</strong></span> <span class='ocrx_word' id='word_1_95' title='bbox 1292 953 1469 1022; x_wconf 88' lang='lat' dir='ltr'><strong>ignorantiam</strong></span> <span class='ocrx_word' id='word_1_96' title='bbox 1493 953 1647 1024; x_wconf 81' lang='lat' dir='ltr'><strong>promiserit</strong></span> <span class='ocrx_word' id='word_1_97' title='bbox 1674 949 1812 1016; x_wconf 89' lang='lat' dir='ltr'><strong>creditori,</strong></span> <span class='ocrx_word' id='word_1_98' title='bbox 1836 949 1912 1004; x_wconf 89' lang='lat' dir='ltr'><strong>uuila</strong></span> 
     </span>
     <span class='ocr_line' id='line_1_9' title="bbox 249 1019 1911 1094; baseline -0.005 -16"><span class='ocrx_word' id='word_1_99' title='bbox 249 1037 259 1084; x_wconf 87' lang='lat'>1</span> <span class='ocrx_word' id='word_1_100' title='bbox 293 1021 357 1094; x_wconf 90' lang='lat' dir='ltr'><strong>quia</strong></span> <span class='ocrx_word' id='word_1_101' title='bbox 374 1039 429 1078; x_wconf 91' lang='lat' dir='ltr'><strong>non</strong></span> <span class='ocrx_word' id='word_1_102' title='bbox 445 1021 498 1076; x_wconf 89' lang='lat' dir='ltr'><strong>boo</strong></span> <span class='ocrx_word' id='word_1_103' title='bbox 515 1019 614 1090; x_wconf 87' lang='lat' dir='ltr'><strong>agitur,</strong></span> <span class='ocrx_word' id='word_1_104' title='bbox 631 1027 662 1076; x_wconf 90' lang='lat' dir='ltr'><strong>ut</strong></span> <span class='ocrx_word' id='word_1_105' title='bbox 679 1025 799 1078; x_wconf 79' lang='lat' dir='ltr'><strong>novetur.</strong></span> <span class='ocrx_word' id='word_1_106' title='bbox 826 1019 894 1074; x_wconf 80' lang='lat' dir='ltr'><strong>Cum</strong></span> <span class='ocrx_word' id='word_1_107' title='bbox 910 1019 1051 1088; x_wconf 89' lang='lat' dir='ltr'><strong>pecuniam</strong></span> <span class='ocrx_word' id='word_1_108' title='bbox 1102 1021 1208 1090; x_wconf 88' lang='lat' dir='ltr'><strong>quidem</strong></span> <span class='ocrx_word' id='word_1_109' title='bbox 1229 1021 1386 1090; x_wconf 84' lang='lat' dir='ltr'><strong>exceptione</strong></span> <span class='ocrx_word' id='word_1_110' title='bbox 1409 1023 1535 1080; x_wconf 82' lang='lat' dir='ltr'><strong>adversus</strong></span> <span class='ocrx_word' id='word_1_111' title='bbox 1565 1021 1721 1078; x_wconf 87' lang='lat' dir='ltr'><strong>creditorem</strong></span> <span class='ocrx_word' id='word_1_112' title='bbox 1743 1019 1783 1076; x_wconf 90' lang='lat' dir='ltr'><strong>uti</strong></span> <span class='ocrx_word' id='word_1_113' title='bbox 1804 1019 1911 1088; x_wconf 87' lang='lat' dir='ltr'><strong>poterit,</strong></span> 
     </span>
     <span class='ocr_line' id='line_1_10' title="bbox 246 1087 1912 1160; baseline -0.004 -11"><span class='ocrx_word' id='word_1_114' title='bbox 246 1099 362 1150; x_wconf 88' lang='lat' dir='ltr'><strong>mutuam</strong></span> <span class='ocrx_word' id='word_1_115' title='bbox 379 1087 453 1144; x_wconf 85' lang='lat' dir='ltr'><strong>dedit</strong></span> <span class='ocrx_word' id='word_1_116' title='bbox 469 1087 528 1156; x_wconf 87' lang='lat' dir='ltr'><strong>quis</strong></span> <span class='ocrx_word' id='word_1_117' title='bbox 546 1087 602 1144; x_wconf 88' lang='lat' dir='ltr'><strong>sine</strong></span> <span class='ocrx_word' id='word_1_118' title='bbox 620 1089 792 1160; x_wconf 86' lang='lat' dir='ltr'><strong>stipulatione</strong></span> <span class='ocrx_word' id='word_1_119' title='bbox 809 1091 835 1144; x_wconf 91' lang='lat' dir='ltr'><strong>et</strong></span> <span class='ocrx_word' id='word_1_120' title='bbox 853 1105 885 1142; x_wconf 91' lang='lat' dir='ltr'><strong>ex</strong></span> <span class='ocrx_word' id='word_1_121' title='bbox 904 1087 1050 1142; x_wconf 88' lang='lat' dir='ltr'><strong>continenti</strong></span> <span class='ocrx_word' id='word_1_122' title='bbox 1102 1087 1165 1156; x_wconf 87' lang='lat' dir='ltr'><strong>quia</strong></span> <span class='ocrx_word' id='word_1_123' title='bbox 1185 1087 1230 1142; x_wconf 91' lang='lat' dir='ltr'><strong>ille</strong></span> <span class='ocrx_word' id='word_1_124' title='bbox 1251 1105 1330 1144; x_wconf 89' lang='lat' dir='ltr'><strong>suum</strong></span> <span class='ocrx_word' id='word_1_125' title='bbox 1351 1091 1465 1160; x_wconf 87' lang='lat' dir='ltr'><strong>recepit:</strong></span> <span class='ocrx_word' id='word_1_126' title='bbox 1489 1089 1536 1146; x_wconf 90' lang='lat' dir='ltr'><strong>sed</strong></span> <span class='ocrx_word' id='word_1_127' title='bbox 1554 1091 1577 1146; x_wconf 86' lang='lat' dir='ltr'><strong>is</strong></span> <span class='ocrx_word' id='word_1_128' title='bbox 1595 1089 1641 1160; x_wconf 92' lang='lat' dir='ltr'><strong>qui</strong></span> <span class='ocrx_word' id='word_1_129' title='bbox 1658 1087 1787 1160; x_wconf 83' lang='lat' dir='ltr'><strong>delegarit</strong></span> <span class='ocrx_word' id='word_1_130' title='bbox 1805 1093 1912 1144; x_wconf 89' lang='lat' dir='ltr'><strong>tenetur</strong></span> 
     </span>
     <span class='ocr_line' id='line_1_11' title="bbox 247 1153 1912 1228; baseline -0.004 -10"><span class='ocrx_word' id='word_1_131' title='bbox 247 1159 307 1218; x_wconf 87' lang='lat' dir='ltr'><strong>lecit</strong></span> <span class='ocrx_word' id='word_1_132' title='bbox 323 1157 533 1228; x_wconf 87' lang='lat' dir='ltr'><strong>stipulationem,</strong></span> <span class='ocrx_word' id='word_1_133' title='bbox 557 1175 625 1214; x_wconf 90' lang='lat' dir='ltr'><strong>nnus</strong></span> <span class='ocrx_word' id='word_1_134' title='bbox 647 1161 801 1214; x_wconf 88' lang='lat' dir='ltr'><strong>contractus</strong></span> <span class='ocrx_word' id='word_1_135' title='bbox 823 1161 871 1210; x_wconf 90' lang='lat' dir='ltr'><strong>est.</strong></span> <span class='ocrx_word' id='word_1_136' title='bbox 911 1153 981 1210; x_wconf 89' lang='lat' dir='ltr'><strong>idem</strong></span> <span class='ocrx_word' id='word_1_137' title='bbox 1002 1155 1053 1210; x_wconf 90' lang='lat' dir='ltr'><strong>erit</strong></span> <span class='ocrx_word' id='word_1_138' title='bbox 1102 1155 1287 1212; x_wconf 82' lang='lat' dir='ltr'><strong>condictione³</strong></span> <span class='ocrx_word' id='word_1_139' title='bbox 1312 1159 1355 1212; x_wconf 84' lang='lat' dir='ltr'><strong>vel</strong></span> <span class='ocrx_word' id='word_1_140' title='bbox 1382 1159 1488 1224; x_wconf 88' lang='lat' dir='ltr'><strong>incerti,</strong></span> <span class='ocrx_word' id='word_1_141' title='bbox 1521 1159 1544 1214; x_wconf 91' lang='lat' dir='ltr'><strong>si</strong></span> <span class='ocrx_word' id='word_1_142' title='bbox 1574 1159 1647 1214; x_wconf 67' lang='lat' dir='ltr'><strong>noni</strong></span> <span class='ocrx_word' id='word_1_143' title='bbox 1677 1157 1792 1228; x_wconf 90' lang='lat' dir='ltr'><strong>pecunia</strong></span> <span class='ocrx_word' id='word_1_144' title='bbox 1823 1159 1912 1214; x_wconf 88' lang='lat' dir='ltr'><strong>soluta</strong></span> 
     </span>
     <span class='ocr_line' id='line_1_12' title="bbox 248 1223 1912 1298; baseline 0 -16"><span class='ocrx_word' id='word_1_145' title='bbox 248 1227 384 1288; x_wconf 76' lang='lat' dir='ltr'><strong>fficendum</strong></span> <span class='ocrx_word' id='word_1_146' title='bbox 401 1231 429 1280; x_wconf 94' lang='lat' dir='ltr'><strong>et</strong></span> <span class='ocrx_word' id='word_1_147' title='bbox 443 1225 465 1280; x_wconf 89' lang='lat' dir='ltr'><strong>si</strong></span> <span class='ocrx_word' id='word_1_148' title='bbox 479 1231 541 1282; x_wconf 89' lang='lat' dir='ltr'><strong>aute</strong></span> <span class='ocrx_word' id='word_1_149' title='bbox 554 1225 690 1296; x_wconf 86' lang='lat' dir='ltr'><strong>stipulatio</strong></span> <span class='ocrx_word' id='word_1_150' title='bbox 706 1225 780 1280; x_wconf 88' lang='lat' dir='ltr'><strong>facta</strong></span> <span class='ocrx_word' id='word_1_151' title='bbox 795 1230 844 1290; x_wconf 90' lang='lat' dir='ltr'><strong>est,</strong></span> <span class='ocrx_word' id='word_1_152' title='bbox 862 1239 926 1280; x_wconf 87' lang='lat' dir='ltr'><strong>mox</strong></span> <span class='ocrx_word' id='word_1_153' title='bbox 939 1225 1052 1294; x_wconf 88' lang='lat' dir='ltr'><strong>pecunia</strong></span> <span class='ocrx_word' id='word_1_154' title='bbox 1102 1231 1185 1290; x_wconf 89' lang='lat' dir='ltr'><strong>esset,</strong></span> <span class='ocrx_word' id='word_1_155' title='bbox 1209 1225 1251 1278; x_wconf 86' lang='lat' dir='ltr'><strong>vel</strong></span> <span class='ocrx_word' id='word_1_156' title='bbox 1270 1223 1347 1292; x_wconf 87' lang='lat' dir='ltr'><strong>certi,</strong></span> <span class='ocrx_word' id='word_1_157' title='bbox 1372 1225 1396 1280; x_wconf 90' lang='lat' dir='ltr'><strong>si</strong></span> <span class='ocrx_word' id='word_1_158' title='bbox 1416 1227 1505 1282; x_wconf 87' lang='lat' dir='ltr'><strong>solute</strong></span> <span class='ocrx_word' id='word_1_159' title='bbox 1527 1233 1611 1294; x_wconf 89' lang='lat' dir='ltr'><strong>esset,</strong></span> <span class='ocrx_word' id='word_1_160' title='bbox 1635 1231 1662 1282; x_wconf 91' lang='lat' dir='ltr'><strong>et</strong></span> <span class='ocrx_word' id='word_1_161' title='bbox 1679 1227 1752 1294; x_wconf 90' lang='lat' dir='ltr'><strong>ideo,</strong></span> <span class='ocrx_word' id='word_1_162' title='bbox 1776 1227 1912 1298; x_wconf 88' lang='lat' dir='ltr'><strong>cumipse</strong></span> 
     </span>
     <span class='ocr_line' id='line_1_13' title="bbox 247 1293 1818 1364; baseline 0.003 -15"><span class='ocrx_word' id='word_1_163' title='bbox 247 1301 384 1354; x_wconf 81' lang='lat' dir='ltr'><strong>numerata</strong></span> <span class='ocrx_word' id='word_1_164' title='bbox 401 1293 444 1348; x_wconf 88' lang='lat' dir='ltr'><strong>sit.</strong></span> <span class='ocrx_word' id='word_1_165' title='bbox 1101 1293 1266 1364; x_wconf 89' lang='lat' dir='ltr'><strong>praestiterit</strong></span> <span class='ocrx_word' id='word_1_166' title='bbox 1283 1293 1432 1362; x_wconf 90' lang='lat' dir='ltr'><strong>pecuniam,</strong></span> <span class='ocrx_word' id='word_1_167' title='bbox 1451 1299 1511 1364; x_wconf 88' lang='lat' dir='ltr'><strong>eget</strong></span> <span class='ocrx_word' id='word_1_168' title='bbox 1528 1295 1647 1350; x_wconf 90' lang='lat' dir='ltr'><strong>mandati</strong></span> <span class='ocrx_word' id='word_1_169' title='bbox 1664 1295 1770 1354; x_wconf 91' lang='lat' dir='ltr'><strong>iudicio.</strong></span> <span class='ocrx_word' id='word_1_170' title='bbox 1817 1341 1818 1344; x_wconf 62' lang='lat'><strong>,</strong></span> 
     </span>
     <span class='ocr_line' id='line_1_14' title="bbox 279 1359 1912 1486; baseline -0.001 -66"><span class='ocrx_word' id='word_1_171' title='bbox 279 1359 486 1420; x_wconf 63' lang='lat' dir='ltr'><strong>leonianus</strong></span> <span class='ocrx_word' id='word_1_172' title='bbox 506 1361 573 1418; x_wconf 81' lang='lat' dir='ltr'><strong>libro</strong></span> <span class='ocrx_word' id='word_1_173' title='bbox 592 1361 733 1418; x_wconf 83' lang='lat' dir='ltr'><strong>vicensimo</strong></span> <span class='ocrx_word' id='word_1_174' title='bbox 752 1365 849 1442; x_wconf 82' lang='lat' dir='ltr'><strong>quarto</strong></span> <span class='ocrx_word' id='word_1_175' title='bbox 867 1361 905 1416; x_wconf 87' lang='lat' dir='ltr'><strong>ed</strong></span> <span class='ocrx_word' id='word_1_176' title='bbox 923 1359 1051 1418; x_wconf 83' lang='lat' dir='ltr'><strong>Sabinum</strong></span> <span class='ocrx_word' id='word_1_177' title='bbox 1140 1359 1177 1420; x_wconf 89' lang='lat'><strong>13</strong></span> <span class='ocrx_word' id='word_1_178' title='bbox 1202 1363 1348 1418; x_wconf 76' lang='lat' dir='ltr'><strong>Utrrares</strong></span> <span class='ocrx_word' id='word_1_179' title='bbox 1368 1361 1435 1418; x_wconf 83' lang='lat' dir='ltr'><strong>libre</strong></span> <span class='ocrx_word' id='word_1_180' title='bbox 1457 1365 1612 1486; x_wconf 55' lang='lat' dir='ltr'><strong>tepea-rimo</strong></span> <span class='ocrx_word' id='word_1_181' title='bbox 1630 1371 1722 1420; x_wconf 84' lang='lat' dir='ltr'><strong>octeno</strong></span> <span class='ocrx_word' id='word_1_182' title='bbox 1745 1365 1912 1422; x_wconf 76' lang='lat' dir='ltr'><strong>edacitatem</strong></span> 
     </span>
     <span class='ocr_line' id='line_1_15' title="bbox 248 1429 1911 1504; baseline 0.001 -15"><span class='ocrx_word' id='word_1_183' title='bbox 248 1435 311 1490; x_wconf 83' lang='lat' dir='ltr'><strong>cum</strong></span> <span class='ocrx_word' id='word_1_184' title='bbox 328 1429 398 1484; x_wconf 90' lang='lat' dir='ltr'><strong>enim</strong></span> <span class='ocrx_word' id='word_1_185' title='bbox 413 1429 528 1500; x_wconf 85' lang='lat' dir='ltr'><strong>pecunia</strong></span> <span class='ocrx_word' id='word_1_186' title='bbox 544 1435 637 1484; x_wconf 88' lang='lat' dir='ltr'><strong>mutua</strong></span> <span class='ocrx_word' id='word_1_187' title='bbox 650 1431 714 1484; x_wconf 89' lang='lat' dir='ltr'><strong>data</strong></span> <span class='ocrx_word' id='word_1_188' title='bbox 731 1429 899 1498; x_wconf 83' lang='lat' dir='ltr'><strong>stipulamur,</strong></span> <span class='ocrx_word' id='word_1_189' title='bbox 917 1445 970 1484; x_wconf 88' lang='lat' dir='ltr'><strong>non</strong></span> <span class='ocrx_word' id='word_1_190' title='bbox 985 1439 1051 1500; x_wconf 88' lang='lat' dir='ltr'><strong>puto</strong></span> <span class='ocrx_word' id='word_1_191' title='bbox 1103 1431 1132 1486; x_wconf 80' lang='lat' dir='ltr'><strong>Si</strong></span> <span class='ocrx_word' id='word_1_192' title='bbox 1150 1447 1205 1486; x_wconf 89' lang='lat' dir='ltr'><strong>non</strong></span> <span class='ocrx_word' id='word_1_193' title='bbox 1221 1429 1368 1486; x_wconf 87' lang='lat' dir='ltr'><strong>debitorem</strong></span> <span class='ocrx_word' id='word_1_194' title='bbox 1385 1429 1463 1500; x_wconf 87' lang='lat' dir='ltr'><strong>qnasi</strong></span> <span class='ocrx_word' id='word_1_195' title='bbox 1502 1431 1631 1488; x_wconf 89' lang='lat' dir='ltr'><strong>ebitorem</strong></span> <span class='ocrx_word' id='word_1_196' title='bbox 1655 1433 1808 1504; x_wconf 85' lang='lat' dir='ltr'><strong>delegavero</strong></span> <span class='ocrx_word' id='word_1_197' title='bbox 1827 1435 1911 1490; x_wconf 89' lang='lat' dir='ltr'><strong>credi-</strong></span> 
     </span>
     <span class='ocr_line' id='line_1_16' title="bbox 247 1497 1912 1570; baseline 0.001 -15"><span class='ocrx_word' id='word_1_198' title='bbox 247 1499 432 1568; x_wconf 89' lang='lat' dir='ltr'><strong>obligationem</strong></span> <span class='ocrx_word' id='word_1_199' title='bbox 449 1497 630 1552; x_wconf 87' lang='lat' dir='ltr'><strong>numeratione</strong></span> <span class='ocrx_word' id='word_1_200' title='bbox 647 1497 722 1552; x_wconf 86' lang='lat' dir='ltr'><strong>nasci</strong></span> <span class='ocrx_word' id='word_1_201' title='bbox 739 1503 765 1552; x_wconf 93' lang='lat' dir='ltr'><strong>et</strong></span> <span class='ocrx_word' id='word_1_202' title='bbox 783 1497 877 1552; x_wconf 87' lang='lat' dir='ltr'><strong>deiude</strong></span> <span class='ocrx_word' id='word_1_203' title='bbox 890 1513 949 1552; x_wconf 89' lang='lat' dir='ltr'><strong>eam</strong></span> <span class='ocrx_word' id='word_1_204' title='bbox 967 1501 1050 1570; x_wconf 87' lang='lat' dir='ltr'><strong>stipu·</strong></span> <span class='ocrx_word' id='word_1_205' title='bbox 1104 1501 1156 1554; x_wconf 87' lang='lat' dir='ltr'><strong>tori</strong></span> <span class='ocrx_word' id='word_1_206' title='bbox 1172 1515 1240 1566; x_wconf 89' lang='lat' dir='ltr'><strong>meo,</strong></span> <span class='ocrx_word' id='word_1_207' title='bbox 1259 1497 1380 1568; x_wconf 80' lang='lat' dir='ltr'><strong>exceptio</strong></span> <span class='ocrx_word' id='word_1_208' title='bbox 1398 1501 1485 1552; x_wconf 91' lang='lat' dir='ltr'><strong>locum</strong></span> <span class='ocrx_word' id='word_1_209' title='bbox 1502 1517 1557 1554; x_wconf 91' lang='lat' dir='ltr'><strong>non</strong></span> <span class='ocrx_word' id='word_1_210' title='bbox 1574 1501 1696 1566; x_wconf 86' lang='lat' dir='ltr'><strong>habebit,</strong></span> <span class='ocrx_word' id='word_1_211' title='bbox 1715 1501 1762 1558; x_wconf 86' lang='lat' dir='ltr'><strong>sed</strong></span> <span class='ocrx_word' id='word_1_212' title='bbox 1780 1503 1912 1558; x_wconf 89' lang='lat' dir='ltr'><strong>condictio</strong></span> 
     </span>
     <span class='ocr_line' id='line_1_17' title="bbox 247 1565 1669 1646; baseline -0.001 -22"><span class='ocrx_word' id='word_1_213' title='bbox 247 1567 342 1624; x_wconf 88' lang='lat' dir='ltr'><strong>latione</strong></span> <span class='ocrx_word' id='word_1_214' title='bbox 368 1565 472 1634; x_wconf 76' lang='lat' dir='ltr'><strong>noram,</strong></span> <span class='ocrx_word' id='word_1_215' title='bbox 500 1565 561 1646; x_wconf 79' lang='lat' dir='ltr'><strong>quia</strong></span> <span class='ocrx_word' id='word_1_216' title='bbox 587 1567 615 1620; x_wconf 88' lang='lat' dir='ltr'><strong>id</strong></span> <span class='ocrx_word' id='word_1_217' title='bbox 638 1567 739 1636; x_wconf 88' lang='lat' dir='ltr'><strong>agitur,</strong></span> <span class='ocrx_word' id='word_1_218' title='bbox 772 1571 803 1620; x_wconf 90' lang='lat' dir='ltr'><strong>ut</strong></span> <span class='ocrx_word' id='word_1_219' title='bbox 830 1567 888 1622; x_wconf 91' lang='lat' dir='ltr'><strong>sola</strong></span> <span class='ocrx_word' id='word_1_220' title='bbox 915 1567 1050 1636; x_wconf 89' lang='lat' dir='ltr'><strong>stipulatio</strong></span> <span class='ocrx_word' id='word_1_221' title='bbox 1103 1567 1230 1624; x_wconf 85' lang='lat' dir='ltr'><strong>adversus</strong></span> <span class='ocrx_word' id='word_1_222' title='bbox 1249 1583 1309 1622; x_wconf 90' lang='lat' dir='ltr'><strong>eum</strong></span> <span class='ocrx_word' id='word_1_223' title='bbox 1327 1567 1371 1636; x_wconf 92' lang='lat' dir='ltr'><strong>qui</strong></span> <span class='ocrx_word' id='word_1_224' title='bbox 1388 1567 1518 1636; x_wconf 85' lang='lat' dir='ltr'><strong>delegerit</strong></span> <span class='ocrx_word' id='word_1_225' title='bbox 1534 1569 1669 1636; x_wconf 87' lang='lat' dir='ltr'><strong>competit.</strong></span> 
     </span>
     <span class='ocr_line' id='line_1_18' title="bbox 246 1633 1912 1708; baseline 0.002 -18"><span class='ocrx_word' id='word_1_226' title='bbox 246 1639 341 1700; x_wconf 90' lang='lat' dir='ltr'><strong>teneat,</strong></span> <span class='ocrx_word' id='word_1_227' title='bbox 359 1639 385 1690; x_wconf 92' lang='lat' dir='ltr'><strong>et</strong></span> <span class='ocrx_word' id='word_1_228' title='bbox 401 1635 484 1702; x_wconf 65' lang='lat' dir='ltr'><strong>mags</strong></span> <span class='ocrx_word' id='word_1_229' title='bbox 499 1633 646 1704; x_wconf 80' lang='lat' dir='ltr'><strong>implendae</strong></span> <span class='ocrx_word' id='word_1_230' title='bbox 665 1633 843 1706; x_wconf 86' lang='lat' dir='ltr'><strong>stipulationis</strong></span> <span class='ocrx_word' id='word_1_231' title='bbox 860 1635 947 1706; x_wconf 86' lang='lat' dir='ltr'><strong>gratia</strong></span> <span class='ocrx_word' id='word_1_232' title='bbox 959 1653 1050 1692; x_wconf 87' lang='lat' dir='ltr'><strong>nume·</strong></span> <span class='ocrx_word' id='word_1_233' title='bbox 1141 1633 1179 1694; x_wconf 85' lang='grc'><strong>14</strong></span> <span class='ocrx_word' id='word_1_234' title='bbox 1202 1635 1282 1692; x_wconf 75' lang='lat' dir='ltr'><strong>Inar!</strong></span> <span class='ocrx_word' id='word_1_235' title='bbox 1306 1633 1374 1690; x_wconf 83' lang='lat' dir='ltr'><strong>libro</strong></span> <span class='ocrx_word' id='word_1_236' title='bbox 1397 1637 1509 1706; x_wconf 79' lang='lat' dir='ltr'><strong>septime</strong></span> <span class='ocrx_word' id='word_1_237' title='bbox 1533 1637 1745 1708; x_wconf 80' lang='lat' dir='ltr'><strong>disputationem</strong></span> <span class='ocrx_word' id='word_1_238' title='bbox 1784 1637 1912 1708; x_wconf 79' lang='lat' dir='ltr'><strong>Quotiens</strong></span> 
     </span>
     <span class='ocr_line' id='line_1_19' title="bbox 247 1701 1913 1774; baseline 0.002 -16"><span class='ocrx_word' id='word_1_239' title='bbox 247 1703 312 1758; x_wconf 90' lang='lat' dir='ltr'><strong>ratio</strong></span> <span class='ocrx_word' id='word_1_240' title='bbox 329 1703 506 1772; x_wconf 85' lang='lat' dir='ltr'><strong>intellegenda</strong></span> <span class='ocrx_word' id='word_1_241' title='bbox 523 1709 564 1756; x_wconf 85' lang='lat' dir='ltr'><strong>est</strong></span> <span class='ocrx_word' id='word_1_242' title='bbox 578 1701 645 1758; x_wconf 85' lang='lat' dir='ltr'><strong>fieri.</strong></span> <span class='ocrx_word' id='word_1_243' title='bbox 1103 1705 1175 1774; x_wconf 91' lang='lat' dir='ltr'><strong>quod</strong></span> <span class='ocrx_word' id='word_1_244' title='bbox 1198 1717 1266 1774; x_wconf 90' lang='lat' dir='ltr'><strong>pure</strong></span> <span class='ocrx_word' id='word_1_245' title='bbox 1288 1703 1413 1768; x_wconf 87' lang='lat' dir='ltr'><strong>debetur,</strong></span> <span class='ocrx_word' id='word_1_246' title='bbox 1441 1703 1556 1758; x_wconf 87' lang='lat' dir='ltr'><strong>uorandi</strong></span> <span class='ocrx_word' id='word_1_247' title='bbox 1578 1719 1660 1760; x_wconf 89' lang='lat' dir='ltr'><strong>causa</strong></span> <span class='ocrx_word' id='word_1_248' title='bbox 1683 1705 1733 1760; x_wconf 87' lang='lat' dir='ltr'><strong>sub</strong></span> <span class='ocrx_word' id='word_1_249' title='bbox 1757 1707 1913 1762; x_wconf 71' lang='lat' dir='ltr'><strong>commnione</strong></span> 
     </span>
     <span class='ocr_line' id='line_1_20' title="bbox 278 1765 1911 1842; baseline 0.001 -14"><span class='ocrx_word' id='word_1_250' title='bbox 278 1765 296 1828; x_wconf 89' lang='lat'>8</span> <span class='ocrx_word' id='word_1_251' title='bbox 320 1769 465 1826; x_wconf 67' lang='lat' dir='ltr'><strong>Uarr-anes</strong></span> <span class='ocrx_word' id='word_1_252' title='bbox 488 1769 555 1826; x_wconf 83' lang='lat' dir='ltr'><strong>libro</strong></span> <span class='ocrx_word' id='word_1_253' title='bbox 578 1771 685 1840; x_wconf 76' lang='lat' dir='ltr'><strong>querire</strong></span> <span class='ocrx_word' id='word_1_254' title='bbox 704 1771 805 1828; x_wconf 82' lang='lat' dir='ltr'><strong>certem</strong></span> <span class='ocrx_word' id='word_1_255' title='bbox 823 1777 903 1828; x_wconf 78' lang='lat' dir='ltr'><strong>seete</strong></span> <span class='ocrx_word' id='word_1_256' title='bbox 922 1773 959 1828; x_wconf 83' lang='lat' dir='ltr'><strong>ed</strong></span> <span class='ocrx_word' id='word_1_257' title='bbox 975 1771 1051 1828; x_wconf 82' lang='lat' dir='ltr'><strong>Sebi-</strong></span> <span class='ocrx_word' id='word_1_258' title='bbox 1102 1773 1275 1842; x_wconf 89' lang='lat' dir='ltr'><strong>promittitur,</strong></span> <span class='ocrx_word' id='word_1_259' title='bbox 1293 1787 1347 1826; x_wconf 89' lang='lat' dir='ltr'><strong>non</strong></span> <span class='ocrx_word' id='word_1_260' title='bbox 1364 1771 1455 1826; x_wconf 90' lang='lat' dir='ltr'><strong>statim</strong></span> <span class='ocrx_word' id='word_1_261' title='bbox 1471 1771 1503 1824; x_wconf 87' lang='lat' dir='ltr'><strong>fit</strong></span> <span class='ocrx_word' id='word_1_262' title='bbox 1519 1771 1634 1840; x_wconf 74' lang='lat' dir='ltr'><strong>novato,</strong></span> <span class='ocrx_word' id='word_1_263' title='bbox 1653 1773 1700 1828; x_wconf 88' lang='lat' dir='ltr'><strong>sed</strong></span> <span class='ocrx_word' id='word_1_264' title='bbox 1717 1779 1782 1828; x_wconf 89' lang='lat' dir='ltr'><strong>tunc</strong></span> <span class='ocrx_word' id='word_1_265' title='bbox 1799 1775 1911 1842; x_wconf 89' lang='lat' dir='ltr'><strong>demum,</strong></span> 
     </span>
     <span class='ocr_line' id='line_1_21' title="bbox 246 1837 1912 1910; baseline 0.001 -16"><span class='ocrx_word' id='word_1_266' title='bbox 246 1855 306 1894; x_wconf 85' lang='lat' dir='ltr'><strong>aere</strong></span> <span class='ocrx_word' id='word_1_267' title='bbox 341 1837 507 1894; x_wconf 72' lang='lat' dir='ltr'><strong>distichum</strong></span> <span class='ocrx_word' id='word_1_268' title='bbox 529 1837 585 1894; x_wconf 88' lang='lat' dir='ltr'><strong>dari</strong></span> <span class='ocrx_word' id='word_1_269' title='bbox 609 1839 661 1910; x_wconf 89' lang='lat' dir='ltr'><strong>stip</strong></span> <span class='ocrx_word' id='word_1_270' title='bbox 691 1849 751 1896; x_wconf 89' lang='lat' dir='ltr'><strong>atus</strong></span> <span class='ocrx_word' id='word_1_271' title='bbox 769 1841 864 1898; x_wconf 85' lang='lat' dir='ltr'><strong>fuerim</strong></span> <span class='ocrx_word' id='word_1_272' title='bbox 882 1847 922 1906; x_wconf 89' lang='lat' dir='ltr'><strong>et,</strong></span> <span class='ocrx_word' id='word_1_273' title='bbox 947 1857 1006 1894; x_wconf 84' lang='lat' dir='ltr'><strong>curu</strong></span> <span class='ocrx_word' id='word_1_274' title='bbox 1023 1843 1052 1896; x_wconf 90' lang='lat' dir='ltr'><strong>in</strong></span> <span class='ocrx_word' id='word_1_275' title='bbox 1103 1857 1164 1894; x_wconf 90' lang='lat' dir='ltr'><strong>eum</strong></span> <span class='ocrx_word' id='word_1_276' title='bbox 1192 1839 1312 1894; x_wconf 87' lang='lat' dir='ltr'><strong>condicio</strong></span> <span class='ocrx_word' id='word_1_277' title='bbox 1344 1839 1469 1894; x_wconf 78' lang='grc'>1111111111.</span> <span class='ocrx_word' id='word_1_278' title='bbox 1512 1845 1539 1894; x_wconf 92' lang='grc' dir='ltr'><strong>θ1</strong></span> <span class='ocrx_word' id='word_1_279' title='bbox 1569 1839 1629 1894; x_wconf 91' lang='lat' dir='ltr'><strong>ideo</strong></span> <span class='ocrx_word' id='word_1_280' title='bbox 1656 1843 1680 1894; x_wconf 90' lang='lat' dir='ltr'><strong>si</strong></span> <span class='ocrx_word' id='word_1_281' title='bbox 1710 1841 1779 1896; x_wconf 87' lang='lat' dir='ltr'><strong>torte</strong></span> <span class='ocrx_word' id='word_1_282' title='bbox 1804 1843 1912 1896; x_wconf 81' lang='lat' dir='ltr'><strong>Stichus</strong></span> 
     </span>
     <span class='ocr_line' id='line_1_22' title="bbox 246 1907 1911 1978; baseline 0.003 -18"><span class='ocrx_word' id='word_1_283' title='bbox 246 1921 319 1960; x_wconf 89' lang='lat' dir='ltr'><strong>mora</strong></span> <span class='ocrx_word' id='word_1_284' title='bbox 335 1907 483 1976; x_wconf 87' lang='lat' dir='ltr'><strong>promissor</strong></span> <span class='ocrx_word' id='word_1_285' title='bbox 500 1911 578 1974; x_wconf 91' lang='lat' dir='ltr'><strong>esset,</strong></span> <span class='ocrx_word' id='word_1_286' title='bbox 597 1925 648 1978; x_wconf 91' lang='lat' dir='ltr'><strong>quo</strong></span> <span class='ocrx_word' id='word_1_287' title='bbox 667 1909 754 1964; x_wconf 91' lang='lat' dir='ltr'><strong>minus</strong></span> <span class='ocrx_word' id='word_1_288' title='bbox 771 1909 855 1976; x_wconf 88' lang='lat' dir='ltr'><strong>daret,</strong></span> <span class='ocrx_word' id='word_1_289' title='bbox 874 1927 968 1964; x_wconf 86' lang='lat' dir='ltr'><strong>rursus</strong></span> <span class='ocrx_word' id='word_1_290' title='bbox 987 1927 1050 1964; x_wconf 90' lang='lat' dir='ltr'><strong>euu-</strong></span> <span class='ocrx_word' id='word_1_291' title='bbox 1100 1909 1183 1962; x_wconf 85' lang='lat' dir='ltr'><strong>fuerit</strong></span> <span class='ocrx_word' id='word_1_292' title='bbox 1205 1909 1233 1962; x_wconf 91' lang='lat' dir='ltr'><strong>in</strong></span> <span class='ocrx_word' id='word_1_293' title='bbox 1256 1909 1417 1976; x_wconf 84' lang='lat' dir='ltr'><strong>obligatione</strong></span> <span class='ocrx_word' id='word_1_294' title='bbox 1440 1911 1466 1962; x_wconf 91' lang='lat' dir='ltr'><strong>et</strong></span> <span class='ocrx_word' id='word_1_295' title='bbox 1487 1907 1620 1978; x_wconf 89' lang='lat' dir='ltr'><strong>pendente</strong></span> <span class='ocrx_word' id='word_1_296' title='bbox 1643 1909 1797 1966; x_wconf 88' lang='lat' dir='ltr'><strong>condicione</strong></span> <span class='ocrx_word' id='word_1_297' title='bbox 1819 1909 1911 1966; x_wconf 86' lang='lat' dir='ltr'><strong>deces-</strong></span> 
     </span>
     <span class='ocr_line' id='line_1_23' title="bbox 245 1975 1912 2056; baseline 0.002 -28"><span class='ocrx_word' id='word_1_298' title='bbox 245 1975 303 2028; x_wconf 92' lang='lat' dir='ltr'><strong>dem</strong></span> <span class='ocrx_word' id='word_1_299' title='bbox 320 1975 464 2044; x_wconf 80' lang='lat' dir='ltr'><strong>stiprdatur</strong></span> <span class='ocrx_word' id='word_1_300' title='bbox 482 1977 570 2042; x_wconf 89' lang='lat' dir='ltr'><strong>fuero,</strong></span> <span class='ocrx_word' id='word_1_301' title='bbox 596 1977 692 2032; x_wconf 85' lang='lat' dir='ltr'><strong>desinit</strong></span> <span class='ocrx_word' id='word_1_302' title='bbox 712 1977 860 2048; x_wconf 85' lang='lat' dir='ltr'><strong>periculum</strong></span> <span class='ocrx_word' id='word_1_303' title='bbox 883 1979 918 2032; x_wconf 88' lang='lat' dir='ltr'><strong>ad</strong></span> <span class='ocrx_word' id='word_1_304' title='bbox 939 1981 1051 2046; x_wconf 89' lang='lat' dir='ltr'><strong>promis·</strong></span> <span class='ocrx_word' id='word_1_305' title='bbox 1102 1977 1179 2040; x_wconf 90' lang='lat' dir='ltr'><strong>serit,</strong></span> <span class='ocrx_word' id='word_1_306' title='bbox 1199 1993 1249 2032; x_wconf 89' lang='lat' dir='ltr'><strong>nec</strong></span> <span class='ocrx_word' id='word_1_307' title='bbox 1265 1975 1371 2030; x_wconf 87' lang='lat' dir='ltr'><strong>novatio</strong></span> <span class='ocrx_word' id='word_1_308' title='bbox 1391 1975 1537 2056; x_wconf 84' lang='lat' dir='ltr'><strong>continget,</strong></span> <span class='ocrx_word' id='word_1_309' title='bbox 1560 1977 1694 2044; x_wconf 88' lang='lat' dir='ltr'><strong>quianon</strong></span> <span class='ocrx_word' id='word_1_310' title='bbox 1712 1977 1912 2032; x_wconf 88' lang='lat' dir='ltr'><strong>subestresen</strong></span> 
     </span>
     <span class='ocr_line' id='line_1_24' title="bbox 250 2043 1913 2114; baseline 0.001 -18"><span class='ocrx_word' id='word_1_311' title='bbox 250 2049 258 2096; x_wconf 93' lang='grc'><strong>1</strong></span> <span class='ocrx_word' id='word_1_312' title='bbox 294 2059 381 2098; x_wconf 86' lang='lat' dir='ltr'><strong>sorem</strong></span> <span class='ocrx_word' id='word_1_313' title='bbox 398 2043 530 2112; x_wconf 86' lang='lat' dir='ltr'><strong>pertinere</strong></span> <span class='ocrx_word' id='word_1_314' title='bbox 549 2045 625 2114; x_wconf 87' lang='lat' dir='ltr'><strong>quasi</strong></span> <span class='ocrx_word' id='word_1_315' title='bbox 641 2061 716 2098; x_wconf 92' lang='lat' dir='ltr'><strong>mora</strong></span> <span class='ocrx_word' id='word_1_316' title='bbox 733 2053 856 2114; x_wconf 89' lang='lat' dir='ltr'><strong>purgata.</strong></span> <span class='ocrx_word' id='word_1_317' title='bbox 892 2045 994 2112; x_wconf 88' lang='lat' dir='ltr'><strong>Legata</strong></span> <span class='ocrx_word' id='word_1_318' title='bbox 1010 2045 1052 2098; x_wconf 87' lang='lat' dir='ltr'><strong>vel</strong></span> <span class='ocrx_word' id='word_1_319' title='bbox 1102 2049 1233 2112; x_wconf 84' lang='lat' dir='ltr'><strong>tempore,</strong></span> <span class='ocrx_word' id='word_1_320' title='bbox 1263 2059 1315 2112; x_wconf 91' lang='lat' dir='ltr'><strong>quo</strong></span> <span class='ocrx_word' id='word_1_321' title='bbox 1340 2043 1460 2098; x_wconf 90' lang='lat' dir='ltr'><strong>condicio</strong></span> <span class='ocrx_word' id='word_1_322' title='bbox 1483 2043 1618 2112; x_wconf 80' lang='lat' dir='ltr'><strong>impletur.</strong></span> <span class='ocrx_word' id='word_1_323' title='bbox 1658 2045 1729 2098; x_wconf 90' lang='lat' dir='ltr'><strong>uude</strong></span> <span class='ocrx_word' id='word_1_324' title='bbox 1751 2045 1913 2098; x_wconf 83' lang='lat' dir='ltr'><strong>Marcellus⁵</strong></span> 
     </span>
     <span class='ocr_line' id='line_1_25' title="bbox 245 2109 1912 2182; baseline 0 -18"><span class='ocrx_word' id='word_1_325' title='bbox 245 2109 446 2164; x_wconf 84' lang='lat' dir='ltr'><strong>fideicommissa</strong></span> <span class='ocrx_word' id='word_1_326' title='bbox 469 2113 536 2166; x_wconf 91' lang='lat' dir='ltr'><strong>siin</strong></span> <span class='ocrx_word' id='word_1_327' title='bbox 554 2113 753 2182; x_wconf 88' lang='lat' dir='ltr'><strong>stipulationem</strong></span> <span class='ocrx_word' id='word_1_328' title='bbox 776 2113 877 2166; x_wconf 81' lang='grc'>11111111</span> <span class='ocrx_word' id='word_1_329' title='bbox 894 2113 1008 2166; x_wconf 88' lang='lat' dir='ltr'><strong>deducta</strong></span> <span class='ocrx_word' id='word_1_330' title='bbox 1025 2117 1052 2166; x_wconf 90' lang='lat' dir='ltr'><strong>et</strong></span> <span class='ocrx_word' id='word_1_331' title='bbox 1103 2117 1130 2164; x_wconf 92' lang='lat' dir='ltr'><strong>et</strong></span> <span class='ocrx_word' id='word_1_332' title='bbox 1148 2113 1170 2164; x_wconf 88' lang='lat' dir='ltr'><strong>si</strong></span> <span class='ocrx_word' id='word_1_333' title='bbox 1193 2117 1255 2180; x_wconf 87' lang='lat' dir='ltr'><strong>pust</strong></span> <span class='ocrx_word' id='word_1_334' title='bbox 1276 2125 1378 2164; x_wconf 91' lang='lat' dir='ltr'><strong>moram</strong></span> <span class='ocrx_word' id='word_1_335' title='bbox 1400 2111 1508 2164; x_wconf 84' lang='lat' dir='ltr'><strong>Stichus</strong></span> <span class='ocrx_word' id='word_1_336' title='bbox 1529 2111 1556 2164; x_wconf 92' lang='lat' dir='ltr'><strong>in</strong></span> <span class='ocrx_word' id='word_1_337' title='bbox 1581 2111 1790 2164; x_wconf 88' lang='lat' dir='ltr'><strong>condicionalem</strong></span> <span class='ocrx_word' id='word_1_338' title='bbox 1811 2113 1912 2180; x_wconf 89' lang='lat' dir='ltr'><strong>obliga-</strong></span> 
     </span>
     <span class='ocr_line' id='line_1_26' title="bbox 246 2177 1912 2298; baseline -0.001 -66"><span class='ocrx_word' id='word_1_339' title='bbox 246 2179 294 2232; x_wconf 89' lang='lat' dir='ltr'><strong>hoc</strong></span> <span class='ocrx_word' id='word_1_340' title='bbox 312 2185 414 2244; x_wconf 89' lang='lat' dir='ltr'><strong>actum,</strong></span> <span class='ocrx_word' id='word_1_341' title='bbox 432 2185 605 2246; x_wconf 79' lang='lat' dir='ltr'><strong>uideretur,</strong></span> <span class='ocrx_word' id='word_1_342' title='bbox 626 2179 673 2234; x_wconf 87' lang='lat' dir='ltr'><strong>fiet</strong></span> <span class='ocrx_word' id='word_1_343' title='bbox 689 2179 804 2248; x_wconf 84' lang='lat' dir='ltr'><strong>novatio,</strong></span> <span class='ocrx_word' id='word_1_344' title='bbox 822 2181 846 2236; x_wconf 91' lang='lat' dir='ltr'><strong>si</strong></span> <span class='ocrx_word' id='word_1_345' title='bbox 864 2179 969 2248; x_wconf 90' lang='lat' dir='ltr'><strong>quidem</strong></span> <span class='ocrx_word' id='word_1_346' title='bbox 986 2195 1053 2248; x_wconf 88' lang='lat' dir='ltr'><strong>pure</strong></span> <span class='ocrx_word' id='word_1_347' title='bbox 1102 2179 1202 2232; x_wconf 89' lang='lat' dir='ltr'><strong>tionem</strong></span> <span class='ocrx_word' id='word_1_348' title='bbox 1221 2179 1349 2232; x_wconf 90' lang='lat' dir='ltr'><strong>deductus</strong></span> <span class='ocrx_word' id='word_1_349' title='bbox 1368 2177 1416 2242; x_wconf 87' lang='lat' dir='ltr'><strong>sit,</strong></span> <span class='ocrx_word' id='word_1_350' title='bbox 1439 2179 1549 2260; x_wconf 86' lang='lat' dir='ltr'><strong>purgari</strong></span> <span class='ocrx_word' id='word_1_351' title='bbox 1565 2193 1669 2232; x_wconf 89' lang='lat' dir='ltr'><strong>moram</strong></span> <span class='ocrx_word' id='word_1_352' title='bbox 1689 2179 1912 2298; x_wconf 73' lang='grc' dir='ltr'>11111111θὲ111-</span> 
     </span>
     <span class='ocr_line' id='line_1_27' title="bbox 245 2245 1912 2314; baseline 0.001 -16"><span class='ocrx_word' id='word_1_353' title='bbox 245 2245 283 2300; x_wconf 88' lang='lat' dir='ltr'><strong>rcl</strong></span> <span class='ocrx_word' id='word_1_354' title='bbox 300 2245 328 2298; x_wconf 94' lang='lat' dir='ltr'><strong>in</strong></span> <span class='ocrx_word' id='word_1_355' title='bbox 346 2245 415 2302; x_wconf 91' lang='lat' dir='ltr'><strong>diem</strong></span> <span class='ocrx_word' id='word_1_356' title='bbox 432 2247 531 2302; x_wconf 88' lang='lat' dir='ltr'><strong>fuerint</strong></span> <span class='ocrx_word' id='word_1_357' title='bbox 548 2249 654 2312; x_wconf 87' lang='lat' dir='ltr'><strong>relicta,</strong></span> <span class='ocrx_word' id='word_1_358' title='bbox 673 2247 774 2312; x_wconf 88' lang='lat' dir='ltr'><strong>statim,</strong></span> <span class='ocrx_word' id='word_1_359' title='bbox 800 2247 822 2302; x_wconf 90' lang='lat' dir='ltr'><strong>si</strong></span> <span class='ocrx_word' id='word_1_360' title='bbox 839 2263 902 2302; x_wconf 80' lang='lat' dir='ltr'><strong>vero</strong></span> <span class='ocrx_word' id='word_1_361' title='bbox 921 2249 969 2302; x_wconf 89' lang='lat' dir='ltr'><strong>sub</strong></span> <span class='ocrx_word' id='word_1_362' title='bbox 989 2263 1050 2302; x_wconf 92' lang='lat' dir='ltr'><strong>con·</strong></span> <span class='ocrx_word' id='word_1_363' title='bbox 1106 2251 1116 2300; x_wconf 90' lang='lat'>1</span> <span class='ocrx_word' id='word_1_364' title='bbox 1154 2251 1208 2300; x_wconf 88' lang='lat' dir='ltr'><strong>tem</strong></span> <span class='ocrx_word' id='word_1_365' title='bbox 1226 2245 1321 2302; x_wconf 85' lang='lat' dir='ltr'><strong>deduci</strong></span> <span class='ocrx_word' id='word_1_366' title='bbox 1338 2245 1524 2314; x_wconf 79' lang='lat' dir='ltr'><strong>obligationem</strong></span> <span class='ocrx_word' id='word_1_367' title='bbox 1542 2251 1629 2314; x_wconf 88' lang='lat' dir='ltr'><strong>putat.</strong></span> <span class='ocrx_word' id='word_1_368' title='bbox 1664 2245 1716 2300; x_wconf 85' lang='lat' dir='ltr'><strong>Sed</strong></span> <span class='ocrx_word' id='word_1_369' title='bbox 1734 2245 1757 2300; x_wconf 80' lang='lat' dir='ltr'><strong>si</strong></span> <span class='ocrx_word' id='word_1_370' title='bbox 1774 2263 1824 2314; x_wconf 88' lang='lat' dir='ltr'><strong>quo</strong></span> <span class='ocrx_word' id='word_1_371' title='bbox 1862 2247 1912 2300; x_wconf 79' lang='lat' dir='ltr'><strong>sub</strong></span> 
     </span>
     <span class='ocr_line' id='line_1_28' title="bbox 248 2311 1912 2384; baseline 0 -16"><span class='ocrx_word' id='word_1_372' title='bbox 248 2313 357 2380; x_wconf 80' lang='lat' dir='ltr'><strong>dolone,</strong></span> <span class='ocrx_word' id='word_1_373' title='bbox 375 2331 429 2368; x_wconf 91' lang='lat' dir='ltr'><strong>uon</strong></span> <span class='ocrx_word' id='word_1_374' title='bbox 446 2315 544 2380; x_wconf 81' lang='lat' dir='ltr'><strong>statim,</strong></span> <span class='ocrx_word' id='word_1_375' title='bbox 563 2317 674 2368; x_wconf 82' lang='lat' dir='ltr'><strong>sedebi</strong></span> <span class='ocrx_word' id='word_1_376' title='bbox 691 2315 811 2370; x_wconf 90' lang='lat' dir='ltr'><strong>condicio</strong></span> <span class='ocrx_word' id='word_1_377' title='bbox 830 2315 955 2370; x_wconf 89' lang='lat' dir='ltr'><strong>extiterit.</strong></span> <span class='ocrx_word' id='word_1_378' title='bbox 990 2331 1052 2368; x_wconf 89' lang='lat' dir='ltr'><strong>nam</strong></span> <span class='ocrx_word' id='word_1_379' title='bbox 1103 2313 1259 2368; x_wconf 88' lang='lat' dir='ltr'><strong>condicione</strong></span> <span class='ocrx_word' id='word_1_380' title='bbox 1276 2314 1403 2380; x_wconf 91' lang='lat' dir='ltr'><strong>debetur,</strong></span> <span class='ocrx_word' id='word_1_381' title='bbox 1429 2329 1496 2384; x_wconf 89' lang='lat' dir='ltr'><strong>pure</strong></span> <span class='ocrx_word' id='word_1_382' title='bbox 1519 2315 1578 2382; x_wconf 86' lang='lat' dir='ltr'><strong>quie</strong></span> <span class='ocrx_word' id='word_1_383' title='bbox 1596 2311 1712 2368; x_wconf 80' lang='lat' dir='ltr'><strong>novandi</strong></span> <span class='ocrx_word' id='word_1_384' title='bbox 1728 2329 1810 2368; x_wconf 88' lang='lat' dir='ltr'><strong>causa</strong></span> <span class='ocrx_word' id='word_1_385' title='bbox 1828 2313 1912 2380; x_wconf 89' lang='lat' dir='ltr'><strong>stipu-</strong></span> 
     </span>
     <span class='ocr_line' id='line_1_29' title="bbox 247 2381 1912 2452; baseline 0 -18"><span class='ocrx_word' id='word_1_386' title='bbox 247 2389 271 2434; x_wconf 89' lang='lat' dir='ltr'><strong>et</strong></span> <span class='ocrx_word' id='word_1_387' title='bbox 289 2381 355 2436; x_wconf 91' lang='lat' dir='ltr'><strong>alias</strong></span> <span class='ocrx_word' id='word_1_388' title='bbox 374 2383 462 2450; x_wconf 91' lang='lat' dir='ltr'><strong>quiin</strong></span> <span class='ocrx_word' id='word_1_389' title='bbox 480 2381 549 2438; x_wconf 88' lang='lat' dir='ltr'><strong>diem</strong></span> <span class='ocrx_word' id='word_1_390' title='bbox 566 2383 720 2452; x_wconf 87' lang='lat' dir='ltr'><strong>stipulatur,</strong></span> <span class='ocrx_word' id='word_1_391' title='bbox 743 2383 832 2438; x_wconf 89' lang='lat' dir='ltr'><strong>statim</strong></span> <span class='ocrx_word' id='word_1_392' title='bbox 848 2389 942 2450; x_wconf 84' lang='lat' dir='ltr'><strong>norat,</strong></span> <span class='ocrx_word' id='word_1_393' title='bbox 961 2385 984 2438; x_wconf 88' lang='lat' dir='ltr'><strong>si</strong></span> <span class='ocrx_word' id='word_1_394' title='bbox 1000 2383 1052 2438; x_wconf 89' lang='lat' dir='ltr'><strong>hoe</strong></span> <span class='ocrx_word' id='word_1_395' title='bbox 1101 2383 1184 2448; x_wconf 85' lang='lat' dir='ltr'><strong>tetur,</strong></span> <span class='ocrx_word' id='word_1_396' title='bbox 1202 2399 1251 2436; x_wconf 90' lang='lat' dir='ltr'><strong>nec</strong></span> <span class='ocrx_word' id='word_1_397' title='bbox 1269 2399 1341 2436; x_wconf 91' lang='lat' dir='ltr'><strong>nuuc</strong></span> <span class='ocrx_word' id='word_1_398' title='bbox 1359 2383 1464 2452; x_wconf 85' lang='lat' dir='ltr'><strong>quidem</strong></span> <span class='ocrx_word' id='word_1_399' title='bbox 1481 2383 1569 2438; x_wconf 88' lang='lat' dir='ltr'><strong>statim</strong></span> <span class='ocrx_word' id='word_1_400' title='bbox 1587 2389 1680 2446; x_wconf 84' lang='lat' dir='ltr'><strong>novat,</strong></span> <span class='ocrx_word' id='word_1_401' title='bbox 1697 2381 1761 2434; x_wconf 87' lang='lat' dir='ltr'><strong>licet</strong></span> <span class='ocrx_word' id='word_1_402' title='bbox 1775 2395 1845 2450; x_wconf 88' lang='lat' dir='ltr'><strong>pura</strong></span> <span class='ocrx_word' id='word_1_403' title='bbox 1863 2381 1912 2434; x_wconf 84' lang='lat' dir='ltr'><strong>rti-</strong></span> 
     </span>
     <span class='ocr_line' id='line_1_30' title="bbox 247 2449 1911 2520; baseline -0.001 -18"><span class='ocrx_word' id='word_1_404' title='bbox 247 2457 334 2502; x_wconf 89' lang='lat' dir='ltr'><strong>actum</strong></span> <span class='ocrx_word' id='word_1_405' title='bbox 352 2457 404 2518; x_wconf 90' lang='lat' dir='ltr'><strong>est,</strong></span> <span class='ocrx_word' id='word_1_406' title='bbox 430 2467 490 2506; x_wconf 88' lang='lat' dir='ltr'><strong>cum</strong></span> <span class='ocrx_word' id='word_1_407' title='bbox 512 2457 614 2506; x_wconf 88' lang='lat' dir='ltr'><strong>certum</strong></span> <span class='ocrx_word' id='word_1_408' title='bbox 636 2451 672 2506; x_wconf 90' lang='lat' dir='ltr'><strong>sit</strong></span> <span class='ocrx_word' id='word_1_409' title='bbox 692 2451 762 2506; x_wconf 87' lang='lat' dir='ltr'><strong>diem</strong></span> <span class='ocrx_word' id='word_1_410' title='bbox 783 2451 942 2520; x_wconf 88' lang='lat' dir='ltr'><strong>quandoque</strong></span> <span class='ocrx_word' id='word_1_411' title='bbox 959 2457 1052 2506; x_wconf 85' lang='lat' dir='ltr'><strong>rentu-</strong></span> <span class='ocrx_word' id='word_1_412' title='bbox 1102 2451 1205 2520; x_wconf 87' lang='lat' dir='ltr'><strong>putatio</strong></span> <span class='ocrx_word' id='word_1_413' title='bbox 1231 2449 1332 2518; x_wconf 86' lang='lat' dir='ltr'><strong>aliquid</strong></span> <span class='ocrx_word' id='word_1_414' title='bbox 1358 2451 1442 2518; x_wconf 85' lang='lat' dir='ltr'><strong>egisse</strong></span> <span class='ocrx_word' id='word_1_415' title='bbox 1466 2449 1602 2514; x_wconf 83' lang='lat' dir='ltr'><strong>rideatur,</strong></span> <span class='ocrx_word' id='word_1_416' title='bbox 1633 2449 1680 2504; x_wconf 90' lang='lat' dir='ltr'><strong>sed</strong></span> <span class='ocrx_word' id='word_1_417' title='bbox 1704 2455 1769 2502; x_wconf 90' lang='lat' dir='ltr'><strong>tunc</strong></span> <span class='ocrx_word' id='word_1_418' title='bbox 1794 2449 1911 2514; x_wconf 86' lang='lat' dir='ltr'><strong>novabit,</strong></span> 
     </span>
     <span class='ocr_line' id='line_1_31' title="bbox 247 2515 1911 2588; baseline -0.001 -18"><span class='ocrx_word' id='word_1_419' title='bbox 247 2533 315 2570; x_wconf 88' lang='lat' dir='ltr'><strong>rum:</strong></span> <span class='ocrx_word' id='word_1_420' title='bbox 339 2523 368 2570; x_wconf 87' lang='lat' dir='ltr'><strong>at</strong></span> <span class='ocrx_word' id='word_1_421' title='bbox 386 2519 432 2584; x_wconf 90' lang='lat' dir='ltr'><strong>qui</strong></span> <span class='ocrx_word' id='word_1_422' title='bbox 449 2521 499 2574; x_wconf 91' lang='lat' dir='ltr'><strong>sub</strong></span> <span class='ocrx_word' id='word_1_423' title='bbox 523 2517 678 2574; x_wconf 83' lang='lat' dir='ltr'><strong>condicione</strong></span> <span class='ocrx_word' id='word_1_424' title='bbox 695 2519 851 2588; x_wconf 86' lang='lat' dir='ltr'><strong>stipulatur,</strong></span> <span class='ocrx_word' id='word_1_425' title='bbox 874 2537 929 2572; x_wconf 90' lang='lat' dir='ltr'><strong>non</strong></span> <span class='ocrx_word' id='word_1_426' title='bbox 947 2521 1050 2572; x_wconf 84' lang='lat' dir='ltr'><strong>statim1</strong></span> <span class='ocrx_word' id='word_1_427' title='bbox 1104 2533 1165 2572; x_wconf 90' lang='lat' dir='ltr'><strong>oum</strong></span> <span class='ocrx_word' id='word_1_428' title='bbox 1193 2517 1324 2572; x_wconf 87' lang='lat' dir='ltr'><strong>exstiterit</strong></span> <span class='ocrx_word' id='word_1_429' title='bbox 1353 2517 1488 2572; x_wconf 88' lang='lat' dir='ltr'><strong>condicio:</strong></span> <span class='ocrx_word' id='word_1_430' title='bbox 1520 2519 1618 2572; x_wconf 87' lang='lat' dir='ltr'><strong>etenim</strong></span> <span class='ocrx_word' id='word_1_431' title='bbox 1644 2515 1761 2572; x_wconf 76' lang='lat' dir='ltr'><strong>existam</strong></span> <span class='ocrx_word' id='word_1_432' title='bbox 1790 2515 1911 2570; x_wconf 90' lang='lat' dir='ltr'><strong>condicio</strong></span> 
     </span>
     <span class='ocr_line' id='line_1_32' title="bbox 247 2583 1911 2654; baseline 0 -17"><span class='ocrx_word' id='word_1_433' title='bbox 247 2589 260 2636; x_wconf 84' lang='lat'>2</span> <span class='ocrx_word' id='word_1_434' title='bbox 294 2591 387 2648; x_wconf 85' lang='lat' dir='ltr'><strong>uorat,</strong></span> <span class='ocrx_word' id='word_1_435' title='bbox 412 2587 462 2640; x_wconf 91' lang='lat' dir='ltr'><strong>nisi</strong></span> <span class='ocrx_word' id='word_1_436' title='bbox 486 2587 607 2640; x_wconf 87' lang='lat' dir='ltr'><strong>condicio</strong></span> <span class='ocrx_word' id='word_1_437' title='bbox 626 2587 751 2640; x_wconf 82' lang='lat' dir='ltr'><strong>extiterit.</strong></span> <span class='ocrx_word' id='word_1_438' title='bbox 786 2587 814 2640; x_wconf 81' lang='lat' dir='ltr'><strong>Si</strong></span> <span class='ocrx_word' id='word_1_439' title='bbox 835 2587 894 2654; x_wconf 88' lang='lat' dir='ltr'><strong>quis</strong></span> <span class='ocrx_word' id='word_1_440' title='bbox 913 2587 951 2642; x_wconf 86' lang='lat' dir='ltr'><strong>ita</strong></span> <span class='ocrx_word' id='word_1_441' title='bbox 968 2587 1051 2654; x_wconf 86' lang='lat' dir='ltr'><strong>stipu-</strong></span> <span class='ocrx_word' id='word_1_442' title='bbox 1103 2587 1216 2652; x_wconf 75' lang='lat' dir='ltr'><strong>pumam</strong></span> <span class='ocrx_word' id='word_1_443' title='bbox 1244 2587 1442 2654; x_wconf 89' lang='lat' dir='ltr'><strong>stipulationem</strong></span> <span class='ocrx_word' id='word_1_444' title='bbox 1471 2585 1611 2638; x_wconf 84' lang='lat' dir='ltr'><strong>committit</strong></span> <span class='ocrx_word' id='word_1_445' title='bbox 1636 2583 1855 2650; x_wconf 86' lang='lat' dir='ltr'><strong>commissamque</strong></span> <span class='ocrx_word' id='word_1_446' title='bbox 1883 2583 1911 2636; x_wconf 89' lang='lat' dir='ltr'><strong>in</strong></span> 
     </span>
     <span class='ocr_line' id='line_1_33' title="bbox 247 2651 1911 2722; baseline 0 -18"><span class='ocrx_word' id='word_1_447' title='bbox 247 2653 314 2704; x_wconf 86' lang='lat' dir='ltr'><strong>latus</strong></span> <span class='ocrx_word' id='word_1_448' title='bbox 332 2667 349 2706; x_wconf 91' lang='lat' dir='ltr'><strong>a</strong></span> <span class='ocrx_word' id='word_1_449' title='bbox 367 2653 426 2708; x_wconf 82' lang='lat' dir='ltr'><strong>Seio</strong></span> <span class='ocrx_word' id='word_1_450' title='bbox 445 2653 492 2708; x_wconf 87' lang='lat' dir='ltr'><strong>sit:</strong></span> <span class='ocrx_word' id='word_1_451' title='bbox 509 2653 590 2722; x_wconf 87' lang='lat' dir='ltr'><strong>‘quod</strong></span> <span class='ocrx_word' id='word_1_452' title='bbox 607 2653 707 2706; x_wconf 83' lang='lat' dir='ltr'><strong>aTitio</strong></span> <span class='ocrx_word' id='word_1_453' title='bbox 726 2653 868 2722; x_wconf 88' lang='lat' dir='ltr'><strong>stipulatus</strong></span> <span class='ocrx_word' id='word_1_454' title='bbox 885 2653 971 2718; x_wconf 84' lang='lat' dir='ltr'><strong>fuero,</strong></span> <span class='ocrx_word' id='word_1_455' title='bbox 989 2653 1053 2708; x_wconf 90' lang='lat' dir='ltr'><strong>dare</strong></span> <span class='ocrx_word' id='word_1_456' title='bbox 1103 2653 1266 2706; x_wconf 75' lang='lat' dir='ltr'><strong>secundamfl</strong></span> <span class='ocrx_word' id='word_1_457' title='bbox 1286 2653 1424 2706; x_wconf 87' lang='lat' dir='ltr'><strong>transfert.</strong></span> <span class='ocrx_word' id='word_1_458' title='bbox 1459 2657 1485 2706; x_wconf 91' lang='lat' dir='ltr'><strong>et</strong></span> <span class='ocrx_word' id='word_1_459' title='bbox 1506 2653 1565 2706; x_wconf 92' lang='lat' dir='ltr'><strong>ideo</strong></span> <span class='ocrx_word' id='word_1_460' title='bbox 1583 2653 1607 2706; x_wconf 85' lang='lat' dir='ltr'><strong>si</strong></span> <span class='ocrx_word' id='word_1_461' title='bbox 1630 2651 1700 2706; x_wconf 84' lang='lat' dir='ltr'><strong>torte</strong></span> <span class='ocrx_word' id='word_1_462' title='bbox 1715 2665 1832 2720; x_wconf 87' lang='lat' dir='ltr'><strong>persona</strong></span> <span class='ocrx_word' id='word_1_463' title='bbox 1848 2665 1911 2720; x_wconf 87' lang='lat' dir='ltr'><strong>pro-</strong></span> 
     </span>
     <span class='ocr_line' id='line_1_34' title="bbox 247 2719 1911 2788; baseline -0.001 -16"><span class='ocrx_word' id='word_1_464' title='bbox 247 2719 402 2786; x_wconf 83' lang='lat' dir='ltr'><strong>‘spondes?&#39;,</strong></span> <span class='ocrx_word' id='word_1_465' title='bbox 426 2737 474 2786; x_wconf 90' lang='lat' dir='ltr'><strong>an,</strong></span> <span class='ocrx_word' id='word_1_466' title='bbox 493 2719 516 2776; x_wconf 91' lang='lat' dir='ltr'><strong>si</strong></span> <span class='ocrx_word' id='word_1_467' title='bbox 533 2723 627 2788; x_wconf 85' lang='lat' dir='ltr'><strong>postea</strong></span> <span class='ocrx_word' id='word_1_468' title='bbox 644 2735 662 2774; x_wconf 90' lang='lat' dir='ltr'><strong>a</strong></span> <span class='ocrx_word' id='word_1_469' title='bbox 678 2719 750 2774; x_wconf 80' lang='lat' dir='ltr'><strong>Titio</strong></span> <span class='ocrx_word' id='word_1_470' title='bbox 768 2719 912 2788; x_wconf 84' lang='lat' dir='ltr'><strong>stipulatus</strong></span> <span class='ocrx_word' id='word_1_471' title='bbox 930 2721 987 2786; x_wconf 80' lang='lat' dir='ltr'><strong>sim,</strong></span> <span class='ocrx_word' id='word_1_472' title='bbox 1004 2721 1053 2776; x_wconf 85' lang='lat' dir='ltr'><strong>fiat</strong></span> <span class='ocrx_word' id='word_1_473' title='bbox 1103 2719 1221 2774; x_wconf 87' lang='lat' dir='ltr'><strong>missoris</strong></span> <span class='ocrx_word' id='word_1_474' title='bbox 1237 2719 1371 2788; x_wconf 86' lang='lat' dir='ltr'><strong>pendente</strong></span> <span class='ocrx_word' id='word_1_475' title='bbox 1389 2719 1542 2774; x_wconf 88' lang='lat' dir='ltr'><strong>condicione</strong></span> <span class='ocrx_word' id='word_1_476' title='bbox 1564 2719 1645 2774; x_wconf 86' lang='lat' dir='ltr'><strong>tuerit</strong></span> <span class='ocrx_word' id='word_1_477' title='bbox 1662 2719 1814 2786; x_wconf 88' lang='lat' dir='ltr'><strong>deportata,</strong></span> <span class='ocrx_word' id='word_1_478' title='bbox 1837 2719 1911 2772; x_wconf 88' lang='lat' dir='ltr'><strong>Mar-</strong></span> 
     </span>
     <span class='ocr_line' id='line_1_35' title="bbox 246 2785 1911 2856; baseline 0 -16"><span class='ocrx_word' id='word_1_479' title='bbox 246 2785 348 2842; x_wconf 87' lang='lat' dir='ltr'><strong>uovatio</strong></span> <span class='ocrx_word' id='word_1_480' title='bbox 367 2789 492 2856; x_wconf 90' lang='lat' dir='ltr'><strong>solusque</strong></span> <span class='ocrx_word' id='word_1_481' title='bbox 509 2791 632 2842; x_wconf 86' lang='lat' dir='ltr'><strong>teneatur</strong></span> <span class='ocrx_word' id='word_1_482' title='bbox 649 2785 744 2842; x_wconf 83' lang='lat' dir='ltr'><strong>Seius?</strong></span> <span class='ocrx_word' id='word_1_483' title='bbox 761 2793 789 2842; x_wconf 90' lang='lat' dir='ltr'><strong>et</strong></span> <span class='ocrx_word' id='word_1_484' title='bbox 806 2787 843 2842; x_wconf 90' lang='lat' dir='ltr'><strong>ait</strong></span> <span class='ocrx_word' id='word_1_485' title='bbox 861 2787 954 2844; x_wconf 77' lang='lat' dir='ltr'><strong>Celsus</strong></span> <span class='ocrx_word' id='word_1_486' title='bbox 971 2803 1051 2842; x_wconf 84' lang='lat' dir='ltr'><strong>nora·</strong></span> <span class='ocrx_word' id='word_1_487' title='bbox 1104 2787 1187 2842; x_wconf 86' lang='lat' dir='ltr'><strong>celius</strong></span> <span class='ocrx_word' id='word_1_488' title='bbox 1211 2787 1305 2842; x_wconf 86' lang='lat' dir='ltr'><strong>scribit</strong></span> <span class='ocrx_word' id='word_1_489' title='bbox 1327 2803 1361 2842; x_wconf 90' lang='lat' dir='ltr'><strong>ne</strong></span> <span class='ocrx_word' id='word_1_490' title='bbox 1383 2787 1487 2856; x_wconf 88' lang='lat' dir='ltr'><strong>quidem</strong></span> <span class='ocrx_word' id='word_1_491' title='bbox 1511 2785 1641 2842; x_wconf 80' lang='lat' dir='ltr'><strong>existente</strong></span> <span class='ocrx_word' id='word_1_492' title='bbox 1659 2785 1812 2840; x_wconf 87' lang='lat' dir='ltr'><strong>condicione</strong></span> <span class='ocrx_word' id='word_1_493' title='bbox 1829 2785 1911 2840; x_wconf 88' lang='lat' dir='ltr'><strong>ullam</strong></span> 
     </span>
     <span class='ocr_line' id='line_1_36' title="bbox 247 2853 1913 2922; baseline -0.001 -14"><span class='ocrx_word' id='word_1_494' title='bbox 247 2855 342 2908; x_wconf 88' lang='lat' dir='ltr'><strong>tionem</strong></span> <span class='ocrx_word' id='word_1_495' title='bbox 364 2853 435 2922; x_wconf 90' lang='lat' dir='ltr'><strong>fieri,</strong></span> <span class='ocrx_word' id='word_1_496' title='bbox 460 2855 577 2910; x_wconf 91' lang='lat' dir='ltr'><strong>simodo</strong></span> <span class='ocrx_word' id='word_1_497' title='bbox 600 2855 736 2908; x_wconf 83' lang='lat' dir='ltr'><strong>idacium</strong></span> <span class='ocrx_word' id='word_1_498' title='bbox 754 2855 801 2920; x_wconf 90' lang='lat' dir='ltr'><strong>sit,</strong></span> <span class='ocrx_word' id='word_1_499' title='bbox 825 2861 856 2908; x_wconf 93' lang='lat' dir='ltr'><strong>ut</strong></span> <span class='ocrx_word' id='word_1_500' title='bbox 873 2861 999 2922; x_wconf 88' lang='lat' dir='ltr'><strong>novetur,</strong></span> <span class='ocrx_word' id='word_1_501' title='bbox 1025 2857 1053 2910; x_wconf 91' lang='lat' dir='ltr'><strong>id</strong></span> <span class='ocrx_word' id='word_1_502' title='bbox 1104 2855 1257 2922; x_wconf 87' lang='lat' dir='ltr'><strong>contingere</strong></span> <span class='ocrx_word' id='word_1_503' title='bbox 1277 2855 1461 2922; x_wconf 79' lang='lat' dir='ltr'><strong>novationem,</strong></span> <span class='ocrx_word' id='word_1_504' title='bbox 1484 2855 1611 2922; x_wconf 85' lang='lat' dir='ltr'><strong>quoniam</strong></span> <span class='ocrx_word' id='word_1_505' title='bbox 1633 2869 1717 2918; x_wconf 87' lang='lat' dir='ltr'><strong>nunc,</strong></span> <span class='ocrx_word' id='word_1_506' title='bbox 1741 2869 1801 2908; x_wconf 89' lang='lat' dir='ltr'><strong>cum</strong></span> <span class='ocrx_word' id='word_1_507' title='bbox 1823 2853 1913 2908; x_wconf 85' lang='lat' dir='ltr'><strong>extitit</strong></span> 
     </span>
     <span class='ocr_line' id='line_1_37' title="bbox 248 2921 1737 2992; baseline 0 -18"><span class='ocrx_word' id='word_1_508' title='bbox 248 2929 285 2974; x_wconf 84' lang='lat' dir='ltr'><strong>est</strong></span> <span class='ocrx_word' id='word_1_509' title='bbox 302 2925 331 2974; x_wconf 87' lang='lat' dir='ltr'><strong>ut</strong></span> <span class='ocrx_word' id='word_1_510' title='bbox 343 2921 420 2976; x_wconf 83' lang='lat' dir='ltr'><strong>Seius</strong></span> <span class='ocrx_word' id='word_1_511' title='bbox 437 2921 531 2978; x_wconf 89' lang='lat' dir='ltr'><strong>debeat</strong></span> <span class='ocrx_word' id='word_1_512' title='bbox 546 2923 617 2990; x_wconf 87' lang='lat' dir='ltr'><strong>quod</strong></span> <span class='ocrx_word' id='word_1_513' title='bbox 631 2923 718 2976; x_wconf 86' lang='lat' dir='ltr'><strong>Titius</strong></span> <span class='ocrx_word' id='word_1_514' title='bbox 732 2923 867 2992; x_wconf 82' lang='lat' dir='ltr'><strong>promisit:</strong></span> <span class='ocrx_word' id='word_1_515' title='bbox 885 2937 947 2974; x_wconf 91' lang='lat' dir='ltr'><strong>uam</strong></span> <span class='ocrx_word' id='word_1_516' title='bbox 962 2923 1053 2978; x_wconf 89' lang='lat' dir='ltr'><strong>eodem</strong></span> <span class='ocrx_word' id='word_1_517' title='bbox 1104 2921 1233 2988; x_wconf 88' lang='lat' dir='ltr'><strong>condicio,</strong></span> <span class='ocrx_word' id='word_1_518' title='bbox 1251 2939 1305 2976; x_wconf 90' lang='lat' dir='ltr'><strong>non</strong></span> <span class='ocrx_word' id='word_1_519' title='bbox 1322 2927 1364 2976; x_wconf 90' lang='lat' dir='ltr'><strong>est</strong></span> <span class='ocrx_word' id='word_1_520' title='bbox 1381 2937 1495 2990; x_wconf 88' lang='lat' dir='ltr'><strong>persona</strong></span> <span class='ocrx_word' id='word_1_521' title='bbox 1513 2937 1581 2990; x_wconf 90' lang='lat' dir='ltr'><strong>quae</strong></span> <span class='ocrx_word' id='word_1_522' title='bbox 1598 2921 1737 2990; x_wconf 90' lang='lat' dir='ltr'><strong>obligetur.</strong></span> 
     </span>
     <span class='ocr_line' id='line_1_38' title="bbox 247 2985 1912 3058; baseline 0.001 -18"><span class='ocrx_word' id='word_1_523' title='bbox 247 2995 363 3058; x_wconf 87' lang='lat' dir='ltr'><strong>tempore</strong></span> <span class='ocrx_word' id='word_1_524' title='bbox 383 2995 410 3042; x_wconf 91' lang='lat' dir='ltr'><strong>et</strong></span> <span class='ocrx_word' id='word_1_525' title='bbox 432 2989 536 3058; x_wconf 90' lang='lat' dir='ltr'><strong>impleri</strong></span> <span class='ocrx_word' id='word_1_526' title='bbox 554 2989 649 3058; x_wconf 86' lang='lat' dir='ltr'><strong>prioris</strong></span> <span class='ocrx_word' id='word_1_527' title='bbox 673 2989 852 3058; x_wconf 86' lang='lat' dir='ltr'><strong>stipulationis</strong></span> <span class='ocrx_word' id='word_1_528' title='bbox 871 2989 1052 3044; x_wconf 85' lang='lat' dir='ltr'><strong>condicionem</strong></span> <span class='ocrx_word' id='word_1_529' title='bbox 1141 2985 1176 3044; x_wconf 85' lang='lat'><strong>15</strong></span> <span class='ocrx_word' id='word_1_530' title='bbox 1202 2989 1345 3042; x_wconf 75' lang='lat' dir='ltr'><strong>[eirenes</strong></span> <span class='ocrx_word' id='word_1_531' title='bbox 1364 2989 1433 3042; x_wconf 84' lang='lat' dir='ltr'><strong>libro</strong></span> <span class='ocrx_word' id='word_1_532' title='bbox 1457 2991 1535 3042; x_wconf 82' lang='lat' dir='ltr'><strong>tertio</strong></span> <span class='ocrx_word' id='word_1_533' title='bbox 1559 2989 1661 3042; x_wconf 83' lang='lat' dir='ltr'><strong>decimo</strong></span> <span class='ocrx_word' id='word_1_534' title='bbox 1685 2989 1849 3058; x_wconf 72' lang='lat' dir='ltr'><strong>clipeatorum</strong></span> <span class='ocrx_word' id='word_1_535' title='bbox 1883 2987 1912 3042; x_wconf 84' lang='lat' dir='ltr'><strong>Si</strong></span> 
     </span>
     <span class='ocr_line' id='line_1_39' title="bbox 248 3055 1912 3124; baseline 0.001 -14"><span class='ocrx_word' id='word_1_536' title='bbox 248 3061 260 3110; x_wconf 86' lang='lat'><strong>3</strong></span> <span class='ocrx_word' id='word_1_537' title='bbox 294 3061 321 3112; x_wconf 87' lang='lat' dir='ltr'><strong>et</strong></span> <span class='ocrx_word' id='word_1_538' title='bbox 342 3055 440 3110; x_wconf 84' lang='lat' dir='ltr'><strong>novari</strong></span> <span class='ocrx_word' id='word_1_539' title='bbox 462 3057 512 3122; x_wconf 91' lang='lat' dir='ltr'><strong>ait,</strong></span> <span class='ocrx_word' id='word_1_540' title='bbox 536 3071 620 3124; x_wconf 90' lang='lat' dir='ltr'><strong>eoque</strong></span> <span class='ocrx_word' id='word_1_541' title='bbox 641 3055 699 3110; x_wconf 91' lang='lat' dir='ltr'><strong>iure</strong></span> <span class='ocrx_word' id='word_1_542' title='bbox 721 3057 828 3110; x_wconf 89' lang='lat' dir='ltr'><strong>utimur.</strong></span> <span class='ocrx_word' id='word_1_543' title='bbox 863 3055 938 3110; x_wconf 88' lang='lat' dir='ltr'><strong>Idem</strong></span> <span class='ocrx_word' id='word_1_544' title='bbox 961 3057 1053 3110; x_wconf 85' lang='lat' dir='ltr'><strong>Celsus</strong></span> <span class='ocrx_word' id='word_1_545' title='bbox 1104 3055 1220 3108; x_wconf 83' lang='lat' dir='ltr'><strong>creditor</strong></span> <span class='ocrx_word' id='word_1_546' title='bbox 1241 3071 1355 3124; x_wconf 88' lang='lat' dir='ltr'><strong>poenam</strong></span> <span class='ocrx_word' id='word_1_547' title='bbox 1377 3055 1519 3122; x_wconf 89' lang='lat' dir='ltr'><strong>stipulatus</strong></span> <span class='ocrx_word' id='word_1_548' title='bbox 1542 3055 1644 3118; x_wconf 87' lang='lat' dir='ltr'><strong>iuerat,</strong></span> <span class='ocrx_word' id='word_1_549' title='bbox 1671 3055 1694 3110; x_wconf 91' lang='lat' dir='ltr'><strong>si</strong></span> <span class='ocrx_word' id='word_1_550' title='bbox 1717 3055 1753 3108; x_wconf 90' lang='lat' dir='ltr'><strong>ad</strong></span> <span class='ocrx_word' id='word_1_551' title='bbox 1775 3055 1845 3110; x_wconf 90' lang='lat' dir='ltr'><strong>diem</strong></span> <span class='ocrx_word' id='word_1_552' title='bbox 1865 3073 1912 3124; x_wconf 87' lang='lat' dir='ltr'><strong>pe-</strong></span> 
     </span>
     <span class='ocr_line' id='line_1_40' title="bbox 248 3121 1913 3192; baseline 0 -14"><span class='ocrx_word' id='word_1_553' title='bbox 248 3125 283 3178; x_wconf 89' lang='lat' dir='ltr'><strong>ait</strong></span> <span class='ocrx_word' id='word_1_554' title='bbox 308 3123 454 3178; x_wconf 87' lang='lat' dir='ltr'><strong>iudicatum</strong></span> <span class='ocrx_word' id='word_1_555' title='bbox 485 3123 552 3178; x_wconf 79' lang='lat' dir='ltr'><strong>solvi</strong></span> <span class='ocrx_word' id='word_1_556' title='bbox 579 3123 750 3192; x_wconf 85' lang='lat' dir='ltr'><strong>stipulatione</strong></span> <span class='ocrx_word' id='word_1_557' title='bbox 784 3123 918 3178; x_wconf 89' lang='lat' dir='ltr'><strong>actionem</strong></span> <span class='ocrx_word' id='word_1_558' title='bbox 943 3121 1054 3178; x_wconf 88' lang='lat' dir='ltr'><strong>iudicati</strong></span> <span class='ocrx_word' id='word_1_559' title='bbox 1105 3123 1185 3176; x_wconf 91' lang='lat' dir='ltr'><strong>cunia</strong></span> <span class='ocrx_word' id='word_1_560' title='bbox 1203 3123 1291 3178; x_wconf 87' lang='lat' dir='ltr'><strong>soluta</strong></span> <span class='ocrx_word' id='word_1_561' title='bbox 1309 3139 1363 3178; x_wconf 92' lang='lat' dir='ltr'><strong>non</strong></span> <span class='ocrx_word' id='word_1_562' title='bbox 1376 3127 1454 3188; x_wconf 89' lang='lat' dir='ltr'><strong>esset,</strong></span> <span class='ocrx_word' id='word_1_563' title='bbox 1472 3123 1614 3178; x_wconf 78' lang='lat' dir='ltr'><strong>uoredone</strong></span> <span class='ocrx_word' id='word_1_564' title='bbox 1631 3121 1704 3178; x_wconf 88' lang='lat' dir='ltr'><strong>iacta</strong></span> <span class='ocrx_word' id='word_1_565' title='bbox 1721 3139 1775 3178; x_wconf 89' lang='lat' dir='ltr'><strong>non</strong></span> <span class='ocrx_word' id='word_1_566' title='bbox 1792 3123 1913 3178; x_wconf 88' lang='lat' dir='ltr'><strong>commit-</strong></span> 
     </span>
     <span class='ocr_line' id='line_1_41' title="bbox 248 3189 1332 3262; baseline -0.002 -16"><span class='ocrx_word' id='word_1_567' title='bbox 248 3211 299 3246; x_wconf 91' lang='lat' dir='ltr'><strong>uon</strong></span> <span class='ocrx_word' id='word_1_568' title='bbox 315 3193 416 3256; x_wconf 85' lang='lat' dir='ltr'><strong>novari,</strong></span> <span class='ocrx_word' id='word_1_569' title='bbox 434 3193 540 3256; x_wconf 88' lang='lat' dir='ltr'><strong>merito,</strong></span> <span class='ocrx_word' id='word_1_570' title='bbox 562 3191 694 3258; x_wconf 88' lang='lat' dir='ltr'><strong>quiahoc</strong></span> <span class='ocrx_word' id='word_1_571' title='bbox 712 3193 798 3246; x_wconf 87' lang='lat' dir='ltr'><strong>solum</strong></span> <span class='ocrx_word' id='word_1_572' title='bbox 815 3191 903 3258; x_wconf 90' lang='lat' dir='ltr'><strong>agitur</strong></span> <span class='ocrx_word' id='word_1_573' title='bbox 920 3205 951 3244; x_wconf 92' lang='lat' dir='ltr'><strong>ea</strong></span> <span class='ocrx_word' id='word_1_574' title='bbox 968 3191 1052 3262; x_wconf 86' lang='lat' dir='ltr'><strong>stipu-</strong></span> <span class='ocrx_word' id='word_1_575' title='bbox 1103 3189 1169 3244; x_wconf 90' lang='lat' dir='ltr'><strong>titnr</strong></span> <span class='ocrx_word' id='word_1_576' title='bbox 1187 3189 1332 3258; x_wconf 88' lang='lat' dir='ltr'><strong>stipulatio.</strong></span> 
     </span>
     <span class='ocr_line' id='line_1_42' title="bbox 249 3253 1911 3324; baseline -0.002 -8"><span class='ocrx_word' id='word_1_577' title='bbox 249 3259 353 3324; x_wconf 86' lang='lat' dir='ltr'><strong>latione,</strong></span> <span class='ocrx_word' id='word_1_578' title='bbox 371 3265 402 3312; x_wconf 92' lang='lat' dir='ltr'><strong>ut</strong></span> <span class='ocrx_word' id='word_1_579' title='bbox 418 3259 619 3314; x_wconf 89' lang='lat' dir='ltr'><strong>fideiussoribus</strong></span> <span class='ocrx_word' id='word_1_580' title='bbox 638 3263 746 3312; x_wconf 89' lang='lat' dir='ltr'><strong>cautum</strong></span> <span class='ocrx_word' id='word_1_581' title='bbox 764 3259 810 3322; x_wconf 90' lang='lat' dir='ltr'><strong>sit,</strong></span> <span class='ocrx_word' id='word_1_582' title='bbox 834 3275 888 3312; x_wconf 91' lang='lat' dir='ltr'><strong>non</strong></span> <span class='ocrx_word' id='word_1_583' title='bbox 906 3265 937 3312; x_wconf 92' lang='lat' dir='ltr'><strong>ut</strong></span> <span class='ocrx_word' id='word_1_584' title='bbox 954 3259 987 3312; x_wconf 92' lang='lat' dir='ltr'><strong>ab</strong></span> <span class='ocrx_word' id='word_1_585' title='bbox 1006 3259 1053 3312; x_wconf 92' lang='lat' dir='ltr'><strong>ob·</strong></span> <span class='ocrx_word' id='word_1_586' title='bbox 1141 3253 1178 3316; x_wconf 88' lang='grc'><strong>16</strong></span> <span class='ocrx_word' id='word_1_587' title='bbox 1197 3259 1404 3312; x_wconf 79' lang='lat' dir='ltr'><strong>Fronrnrrnes</strong></span> <span class='ocrx_word' id='word_1_588' title='bbox 1425 3255 1492 3312; x_wconf 82' lang='lat' dir='ltr'><strong>libro</strong></span> <span class='ocrx_word' id='word_1_589' title='bbox 1511 3261 1604 3312; x_wconf 85' lang='lat' dir='ltr'><strong>octavo</strong></span> <span class='ocrx_word' id='word_1_590' title='bbox 1622 3259 1815 3312; x_wconf 73' lang='lat' dir='ltr'><strong>institutionem</strong></span> <span class='ocrx_word' id='word_1_591' title='bbox 1851 3259 1911 3314; x_wconf 80' lang='lat' dir='ltr'><strong>Ser-</strong></span> 
     </span>
     <span class='ocr_line' id='line_1_43' title="bbox 249 3323 1911 3394; baseline -0.001 -12"><span class='ocrx_word' id='word_1_592' title='bbox 249 3337 263 3382; x_wconf 87' lang='grc'><strong>1</strong></span> <span class='ocrx_word' id='word_1_593' title='bbox 296 3325 546 3394; x_wconf 84' lang='lat' dir='ltr'><strong>ligationeiudicati</strong></span> <span class='ocrx_word' id='word_1_594' title='bbox 560 3325 720 3380; x_wconf 90' lang='lat' dir='ltr'><strong>discedatur.</strong></span> <span class='ocrx_word' id='word_1_595' title='bbox 748 3325 777 3378; x_wconf 83' lang='lat' dir='ltr'><strong>st</strong></span> <span class='ocrx_word' id='word_1_596' title='bbox 791 3325 890 3392; x_wconf 87' lang='lat' dir='ltr'><strong>decem,</strong></span> <span class='ocrx_word' id='word_1_597' title='bbox 909 3325 1053 3394; x_wconf 86' lang='lat' dir='ltr'><strong>quaemihi</strong></span> <span class='ocrx_word' id='word_1_598' title='bbox 1103 3343 1152 3380; x_wconf 89' lang='lat' dir='ltr'><strong>vus</strong></span> <span class='ocrx_word' id='word_1_599' title='bbox 1169 3341 1219 3380; x_wconf 92' lang='lat' dir='ltr'><strong>nec</strong></span> <span class='ocrx_word' id='word_1_600' title='bbox 1237 3325 1398 3394; x_wconf 88' lang='lat' dir='ltr'><strong>peculiarem</strong></span> <span class='ocrx_word' id='word_1_601' title='bbox 1416 3323 1521 3392; x_wconf 87' lang='lat' dir='ltr'><strong>quidem</strong></span> <span class='ocrx_word' id='word_1_602' title='bbox 1535 3323 1721 3392; x_wconf 87' lang='lat' dir='ltr'><strong>obligationem</strong></span> <span class='ocrx_word' id='word_1_603' title='bbox 1739 3325 1911 3382; x_wconf 88' lang='lat' dir='ltr'><strong>citraroiun·</strong></span> 
     </span>
     <span class='ocr_line' id='line_1_44' title="bbox 250 3391 1911 3460; baseline -0.001 -11"><span class='ocrx_word' id='word_1_604' title='bbox 250 3397 333 3450; x_wconf 81' lang='lat' dir='ltr'><strong>Titius</strong></span> <span class='ocrx_word' id='word_1_605' title='bbox 351 3395 441 3458; x_wconf 88' lang='lat' dir='ltr'><strong>debet,</strong></span> <span class='ocrx_word' id='word_1_606' title='bbox 460 3399 507 3448; x_wconf 91' lang='lat' dir='ltr'><strong>aut</strong></span> <span class='ocrx_word' id='word_1_607' title='bbox 524 3393 624 3458; x_wconf 86' lang='lat' dir='ltr'><strong>decem,</strong></span> <span class='ocrx_word' id='word_1_608' title='bbox 642 3409 710 3460; x_wconf 86' lang='lat' dir='ltr'><strong>quae</strong></span> <span class='ocrx_word' id='word_1_609' title='bbox 727 3391 804 3448; x_wconf 86' lang='lat' dir='ltr'><strong>Seius</strong></span> <span class='ocrx_word' id='word_1_610' title='bbox 821 3391 909 3458; x_wconf 90' lang='lat' dir='ltr'><strong>debet,</strong></span> <span class='ocrx_word' id='word_1_611' title='bbox 929 3409 945 3446; x_wconf 88' lang='lat' dir='ltr'><strong>a</strong></span> <span class='ocrx_word' id='word_1_612' title='bbox 962 3393 1052 3448; x_wconf 81' lang='lat' dir='ltr'><strong>Tertio</strong></span> <span class='ocrx_word' id='word_1_613' title='bbox 1103 3397 1187 3448; x_wconf 89' lang='lat' dir='ltr'><strong>tatem</strong></span> <span class='ocrx_word' id='word_1_614' title='bbox 1204 3393 1302 3448; x_wconf 87' lang='lat' dir='ltr'><strong>demini</strong></span> <span class='ocrx_word' id='word_1_615' title='bbox 1324 3405 1422 3446; x_wconf 84' lang='lat' dir='ltr'><strong>novare</strong></span> <span class='ocrx_word' id='word_1_616' title='bbox 1443 3395 1545 3460; x_wconf 89' lang='lat' dir='ltr'><strong>potest,</strong></span> <span class='ocrx_word' id='word_1_617' title='bbox 1570 3391 1617 3446; x_wconf 88' lang='lat' dir='ltr'><strong>sed</strong></span> <span class='ocrx_word' id='word_1_618' title='bbox 1634 3391 1715 3446; x_wconf 92' lang='lat' dir='ltr'><strong>adicit</strong></span> <span class='ocrx_word' id='word_1_619' title='bbox 1736 3393 1826 3460; x_wconf 88' lang='lat' dir='ltr'><strong>potius</strong></span> <span class='ocrx_word' id='word_1_620' title='bbox 1844 3395 1911 3448; x_wconf 85' lang='lat' dir='ltr'><strong>obli·</strong></span> 
     </span>
     <span class='ocr_line' id='line_1_45' title="bbox 251 3457 1596 3530; baseline -0.004 -12"><span class='ocrx_word' id='word_1_621' title='bbox 251 3465 281 3518; x_wconf 88' lang='lat' dir='ltr'><strong>sti</strong></span> <span class='ocrx_word' id='word_1_622' title='bbox 301 3463 390 3514; x_wconf 89' lang='lat' dir='ltr'><strong>ulatus</strong></span> <span class='ocrx_word' id='word_1_623' title='bbox 413 3461 503 3526; x_wconf 85' lang='lat' dir='ltr'><strong>tuero,</strong></span> <span class='ocrx_word' id='word_1_624' title='bbox 526 3467 606 3530; x_wconf 89' lang='lat' dir='ltr'><strong>putat</strong></span> <span class='ocrx_word' id='word_1_625' title='bbox 622 3459 767 3514; x_wconf 86' lang='lat' dir='ltr'><strong>Marcellus</strong></span> <span class='ocrx_word' id='word_1_626' title='bbox 791 3467 915 3514; x_wconf 72' lang='lat' dir='ltr'><strong>nannum</strong></span> <span class='ocrx_word' id='word_1_627' title='bbox 936 3459 1052 3526; x_wconf 89' lang='lat' dir='ltr'><strong>libcrari,</strong></span> <span class='ocrx_word' id='word_1_628' title='bbox 1103 3459 1238 3528; x_wconf 84' lang='lat' dir='ltr'><strong>gationem</strong></span> <span class='ocrx_word' id='word_1_629' title='bbox 1256 3475 1336 3526; x_wconf 89' lang='lat' dir='ltr'><strong>quam</strong></span> <span class='ocrx_word' id='word_1_630' title='bbox 1352 3457 1491 3528; x_wconf 89' lang='lat' dir='ltr'><strong>pristinam</strong></span> <span class='ocrx_word' id='word_1_631' title='bbox 1508 3463 1596 3514; x_wconf 84' lang='lat' dir='ltr'><strong>norat.</strong></span> 
     </span>
     <span class='ocr_line' id='line_1_46' title="bbox 251 3481 1911 3608; baseline -0.003 -22"><span class='ocrx_word' id='word_1_632' title='bbox 251 3481 300 3586; x_wconf 72' lang='lat' dir='ltr'><strong>seri</strong></span> <span class='ocrx_word' id='word_1_633' title='bbox 316 3527 436 3584; x_wconf 85' lang='lat' dir='ltr'><strong>Tertium</strong></span> <span class='ocrx_word' id='word_1_634' title='bbox 459 3529 553 3598; x_wconf 86' lang='lat' dir='ltr'><strong>eligere</strong></span> <span class='ocrx_word' id='word_1_635' title='bbox 575 3543 669 3598; x_wconf 88' lang='lat' dir='ltr'><strong>posse,</strong></span> <span class='ocrx_word' id='word_1_636' title='bbox 691 3543 741 3598; x_wconf 90' lang='lat' dir='ltr'><strong>pro</strong></span> <span class='ocrx_word' id='word_1_637' title='bbox 764 3543 816 3608; x_wconf 82' lang='lat' dir='ltr'><strong>quo</strong></span> <span class='ocrx_word' id='word_1_638' title='bbox 840 3527 931 3580; x_wconf 90' lang='lat' dir='ltr'><strong>decem</strong></span> <span class='ocrx_word' id='word_1_639' title='bbox 953 3529 1054 3582; x_wconf 86' lang='lat' dir='ltr'><strong>solvere</strong></span> <span class='ocrx_word' id='word_1_640' title='bbox 1141 3523 1178 3584; x_wconf 80' lang='lat'><strong>17</strong></span> <span class='ocrx_word' id='word_1_641' title='bbox 1202 3525 1348 3580; x_wconf 68' lang='lat' dir='ltr'><strong>Uarinius</strong></span> <span class='ocrx_word' id='word_1_642' title='bbox 1367 3525 1435 3580; x_wconf 81' lang='lat' dir='ltr'><strong>tidro</strong></span> <span class='ocrx_word' id='word_1_643' title='bbox 1457 3531 1550 3580; x_wconf 83' lang='lat' dir='ltr'><strong>octeno</strong></span> <span class='ocrx_word' id='word_1_644' title='bbox 1573 3523 1611 3580; x_wconf 87' lang='lat' dir='ltr'><strong>ed</strong></span> <span class='ocrx_word' id='word_1_645' title='bbox 1632 3525 1746 3582; x_wconf 75' lang='lat' dir='ltr'><strong>critatem</strong></span> <span class='ocrx_word' id='word_1_646' title='bbox 1780 3527 1911 3596; x_wconf 86' lang='lat' dir='ltr'><strong>Delegare</strong></span> 
     </span>
     <span class='ocr_line' id='line_1_47' title="bbox 251 3591 1911 3664; baseline -0.001 -12"><span class='ocrx_word' id='word_1_647' title='bbox 251 3607 264 3652; x_wconf 77' lang='lat' dir='ltr'><strong>a</strong></span> <span class='ocrx_word' id='word_1_648' title='bbox 297 3595 369 3652; x_wconf 84' lang='lat' dir='ltr'><strong>velit.</strong></span> <span class='ocrx_word' id='word_1_649' title='bbox 404 3595 433 3652; x_wconf 84' lang='lat' dir='ltr'><strong>Si</strong></span> <span class='ocrx_word' id='word_1_650' title='bbox 449 3595 484 3650; x_wconf 87' lang='lat' dir='ltr'><strong>ab</strong></span> <span class='ocrx_word' id='word_1_651' title='bbox 508 3595 560 3650; x_wconf 91' lang='lat' dir='ltr'><strong>alio</strong></span> <span class='ocrx_word' id='word_1_652' title='bbox 581 3597 739 3664; x_wconf 88' lang='lat' dir='ltr'><strong>promissam</strong></span> <span class='ocrx_word' id='word_1_653' title='bbox 763 3595 813 3650; x_wconf 88' lang='lat' dir='ltr'><strong>srbi</strong></span> <span class='ocrx_word' id='word_1_654' title='bbox 837 3595 926 3650; x_wconf 89' lang='lat' dir='ltr'><strong>dotem</strong></span> <span class='ocrx_word' id='word_1_655' title='bbox 943 3595 1053 3650; x_wconf 83' lang='lat' dir='ltr'><strong>maritus</strong></span> <span class='ocrx_word' id='word_1_656' title='bbox 1103 3595 1238 3664; x_wconf 87' lang='lat' dir='ltr'><strong>scriptura</strong></span> <span class='ocrx_word' id='word_1_657' title='bbox 1260 3595 1302 3648; x_wconf 88' lang='lat' dir='ltr'><strong>rel</strong></span> <span class='ocrx_word' id='word_1_658' title='bbox 1324 3597 1404 3660; x_wconf 90' lang='lat' dir='ltr'><strong>nutu,</strong></span> <span class='ocrx_word' id='word_1_659' title='bbox 1426 3593 1470 3648; x_wconf 91' lang='lat' dir='ltr'><strong>ubi</strong></span> <span class='ocrx_word' id='word_1_660' title='bbox 1490 3591 1542 3646; x_wconf 84' lang='lat' dir='ltr'><strong>fari</strong></span> <span class='ocrx_word' id='word_1_661' title='bbox 1564 3609 1618 3648; x_wconf 89' lang='lat' dir='ltr'><strong>non</strong></span> <span class='ocrx_word' id='word_1_662' title='bbox 1640 3599 1740 3664; x_wconf 89' lang='lat' dir='ltr'><strong>potest,</strong></span> <span class='ocrx_word' id='word_1_663' title='bbox 1765 3595 1911 3652; x_wconf 89' lang='lat' dir='ltr'><strong>debitorem</strong></span> 
     </span>
     <span class='ocr_line' id='line_1_48' title="bbox 251 3661 1373 3732; baseline -0.007 -12"><span class='ocrx_word' id='word_1_664' title='bbox 251 3667 282 3720; x_wconf 84' lang='lat' dir='ltr'><strong>ab</strong></span> <span class='ocrx_word' id='word_1_665' title='bbox 306 3679 390 3718; x_wconf 84' lang='lat' dir='ltr'><strong>uxore</strong></span> <span class='ocrx_word' id='word_1_666' title='bbox 415 3663 484 3718; x_wconf 86' lang='lat' dir='ltr'><strong>dotis</strong></span> <span class='ocrx_word' id='word_1_667' title='bbox 506 3663 612 3718; x_wconf 88' lang='lat' dir='ltr'><strong>nomine</strong></span> <span class='ocrx_word' id='word_1_668' title='bbox 635 3663 785 3732; x_wconf 59' lang='lat' dir='ltr'><strong>stipulatus,</strong></span> <span class='ocrx_word' id='word_1_669' title='bbox 801 3661 848 3730; x_wconf 89' lang='lat' dir='ltr'><strong>sit,</strong></span> <span class='ocrx_word' id='word_1_670' title='bbox 871 3669 925 3716; x_wconf 86' lang='lat' dir='ltr'><strong>non</strong></span> <span class='ocrx_word' id='word_1_671' title='bbox 950 3661 1054 3732; x_wconf 86' lang='lat' dir='ltr'><strong>duplari</strong></span> <span class='ocrx_word' id='word_1_672' title='bbox 1104 3679 1182 3716; x_wconf 86' lang='lat' dir='ltr'><strong>suum</strong></span> <span class='ocrx_word' id='word_1_673' title='bbox 1200 3661 1259 3728; x_wconf 92' lang='lat' dir='ltr'><strong>quis</strong></span> <span class='ocrx_word' id='word_1_674' title='bbox 1275 3667 1373 3730; x_wconf 83' lang='lat' dir='ltr'><strong>potest.</strong></span> 
     </span>
     <span class='ocr_line' id='line_1_49' title="bbox 252 3725 1908 3802; baseline 0 -16"><span class='ocrx_word' id='word_1_675' title='bbox 252 3735 350 3800; x_wconf 86' lang='lat' dir='ltr'><strong>dotem,</strong></span> <span class='ocrx_word' id='word_1_676' title='bbox 377 3731 426 3786; x_wconf 89' lang='lat' dir='ltr'><strong>sed</strong></span> <span class='ocrx_word' id='word_1_677' title='bbox 447 3731 505 3784; x_wconf 88' lang='lat' dir='ltr'><strong>fieri</strong></span> <span class='ocrx_word' id='word_1_678' title='bbox 527 3731 695 3784; x_wconf 76' lang='lat' dir='ltr'><strong>norauouem</strong></span> <span class='ocrx_word' id='word_1_679' title='bbox 713 3731 813 3798; x_wconf 87' lang='lat' dir='ltr'><strong>placet,</strong></span> <span class='ocrx_word' id='word_1_680' title='bbox 844 3731 867 3784; x_wconf 90' lang='lat' dir='ltr'><strong>si</strong></span> <span class='ocrx_word' id='word_1_681' title='bbox 889 3731 941 3784; x_wconf 87' lang='lat' dir='ltr'><strong>hoc</strong></span> <span class='ocrx_word' id='word_1_682' title='bbox 965 3735 1054 3784; x_wconf 89' lang='lat' dir='ltr'><strong>actum</strong></span> <span class='ocrx_word' id='word_1_683' title='bbox 1141 3725 1178 3786; x_wconf 90' lang='grc'><strong>18</strong></span> <span class='ocrx_word' id='word_1_684' title='bbox 1196 3729 1315 3784; x_wconf 73' lang='lat' dir='ltr'><strong>Peuces</strong></span> <span class='ocrx_word' id='word_1_685' title='bbox 1330 3729 1397 3784; x_wconf 82' lang='lat' dir='ltr'><strong>libre</strong></span> <span class='ocrx_word' id='word_1_686' title='bbox 1412 3729 1651 3802; x_wconf 71' lang='lat' dir='ltr'><strong>quinquepertitae</strong></span> <span class='ocrx_word' id='word_1_687' title='bbox 1664 3731 1776 3800; x_wconf 80' lang='lat' dir='ltr'><strong>septimo</strong></span> <span class='ocrx_word' id='word_1_688' title='bbox 1789 3731 1827 3784; x_wconf 85' lang='lat' dir='ltr'><strong>act</strong></span> <span class='ocrx_word' id='word_1_689' title='bbox 1839 3731 1908 3788; x_wconf 80' lang='lat' dir='ltr'><strong>rdic-</strong></span> 
     </span>
     <span class='ocr_line' id='line_1_50' title="bbox 252 3795 1909 3870; baseline -0.001 -14"><span class='ocrx_word' id='word_1_690' title='bbox 252 3809 302 3856; x_wconf 87' lang='lat' dir='ltr'><strong>est:</strong></span> <span class='ocrx_word' id='word_1_691' title='bbox 332 3799 482 3868; x_wconf 79' lang='lat' dir='ltr'><strong>quidecim</strong></span> <span class='ocrx_word' id='word_1_692' title='bbox 498 3799 621 3862; x_wconf 87' lang='lat' dir='ltr'><strong>interest,</strong></span> <span class='ocrx_word' id='word_1_693' title='bbox 644 3799 705 3868; x_wconf 85' lang='lat' dir='ltr'><strong>ipsa</strong></span> <span class='ocrx_word' id='word_1_694' title='bbox 722 3813 756 3852; x_wconf 91' lang='lat' dir='ltr'><strong>an</strong></span> <span class='ocrx_word' id='word_1_695' title='bbox 773 3799 840 3854; x_wconf 89' lang='lat' dir='ltr'><strong>alius</strong></span> <span class='ocrx_word' id='word_1_696' title='bbox 865 3799 976 3866; x_wconf 90' lang='lat' dir='ltr'><strong>quilibet</strong></span> <span class='ocrx_word' id='word_1_697' title='bbox 1011 3815 1053 3854; x_wconf 91' lang='lat' dir='ltr'><strong>ro·</strong></span> <span class='ocrx_word' id='word_1_698' title='bbox 1104 3801 1160 3850; x_wconf 85' lang='lat' dir='ltr'><strong>tere</strong></span> <span class='ocrx_word' id='word_1_699' title='bbox 1194 3797 1341 3852; x_wconf 87' lang='lat' dir='ltr'><strong>Novatione</strong></span> <span class='ocrx_word' id='word_1_700' title='bbox 1358 3797 1473 3866; x_wconf 84' lang='lat' dir='ltr'><strong>legitime</strong></span> <span class='ocrx_word' id='word_1_701' title='bbox 1489 3795 1563 3850; x_wconf 86' lang='lat' dir='ltr'><strong>iacta</strong></span> <span class='ocrx_word' id='word_1_702' title='bbox 1578 3797 1727 3852; x_wconf 89' lang='lat' dir='ltr'><strong>liberantur</strong></span> <span class='ocrx_word' id='word_1_703' title='bbox 1743 3799 1909 3870; x_wconf 78' lang='lat' dir='ltr'><strong>hypothecae</strong></span> 
     </span>
     <span class='ocr_line' id='line_1_51' title="bbox 252 3815 1573 3936; baseline -0.003 -14"><span class='ocrx_word' id='word_1_704' title='bbox 252 3869 354 3922; x_wconf 78' lang='lat' dir='ltr'><strong>nrittatl</strong></span> <span class='ocrx_word' id='word_1_705' title='bbox 372 3867 443 3936; x_wconf 88' lang='lat' dir='ltr'><strong>quud</strong></span> <span class='ocrx_word' id='word_1_706' title='bbox 457 3865 525 3922; x_wconf 90' lang='lat' dir='ltr'><strong>enim</strong></span> <span class='ocrx_word' id='word_1_707' title='bbox 541 3883 588 3934; x_wconf 88' lang='lat' dir='ltr'><strong>ego</strong></span> <span class='ocrx_word' id='word_1_708' title='bbox 603 3865 686 3920; x_wconf 89' lang='lat' dir='ltr'><strong>debeo</strong></span> <span class='ocrx_word' id='word_1_709' title='bbox 704 3865 728 3922; x_wconf 89' lang='lat' dir='ltr'><strong>si</strong></span> <span class='ocrx_word' id='word_1_710' title='bbox 742 3865 809 3920; x_wconf 90' lang='lat' dir='ltr'><strong>alius</strong></span> <span class='ocrx_word' id='word_1_711' title='bbox 827 3866 973 3936; x_wconf 87' lang='lat' dir='ltr'><strong>promittat,</strong></span> <span class='ocrx_word' id='word_1_712' title='bbox 989 3815 1053 3922; x_wconf 79' lang='lat' dir='ltr'><strong>iibe-</strong></span> <span class='ocrx_word' id='word_1_713' title='bbox 1104 3871 1132 3920; x_wconf 91' lang='lat' dir='ltr'><strong>et</strong></span> <span class='ocrx_word' id='word_1_714' title='bbox 1167 3865 1252 3934; x_wconf 89' lang='lat' dir='ltr'><strong>ignus‚</strong></span> <span class='ocrx_word' id='word_1_715' title='bbox 1270 3881 1369 3920; x_wconf 90' lang='lat' dir='ltr'><strong>usurae</strong></span> <span class='ocrx_word' id='word_1_716' title='bbox 1385 3883 1440 3920; x_wconf 85' lang='grc'>11111</span> <span class='ocrx_word' id='word_1_717' title='bbox 1457 3871 1573 3920; x_wconf 89' lang='lat' dir='ltr'><strong>currunt.</strong></span> 
     </span>
     <span class='ocr_line' id='line_1_52' title="bbox 252 3883 1908 4004; baseline -0.001 -14"><span class='ocrx_word' id='word_1_718' title='bbox 252 3953 310 3992; x_wconf 87' lang='lat' dir='ltr'><strong>rare</strong></span> <span class='ocrx_word' id='word_1_719' title='bbox 323 3951 366 3990; x_wconf 89' lang='lat' dir='ltr'><strong>me</strong></span> <span class='ocrx_word' id='word_1_720' title='bbox 379 3939 477 4004; x_wconf 84' lang='lat' dir='ltr'><strong>petest,</strong></span> <span class='ocrx_word' id='word_1_721' title='bbox 492 3935 515 3988; x_wconf 91' lang='lat' dir='ltr'><strong>si</strong></span> <span class='ocrx_word' id='word_1_722' title='bbox 528 3935 676 3990; x_wconf 81' lang='lat' dir='ltr'><strong>novationis</strong></span> <span class='ocrx_word' id='word_1_723' title='bbox 689 3949 772 3990; x_wconf 89' lang='lat' dir='ltr'><strong>causa</strong></span> <span class='ocrx_word' id='word_1_724' title='bbox 785 3933 837 3990; x_wconf 87' lang='lat' dir='ltr'><strong>hoc</strong></span> <span class='ocrx_word' id='word_1_725' title='bbox 851 3933 910 3988; x_wconf 85' lang='lat' dir='ltr'><strong>fiet:</strong></span> <span class='ocrx_word' id='word_1_726' title='bbox 929 3935 952 3988; x_wconf 89' lang='lat' dir='ltr'><strong>si</strong></span> <span class='ocrx_word' id='word_1_727' title='bbox 967 3939 1055 3988; x_wconf 88' lang='lat' dir='ltr'><strong>antem</strong></span> <span class='ocrx_word' id='word_1_728' title='bbox 1142 3883 1179 3992; x_wconf 76' lang='grc'><strong>111</strong></span> <span class='ocrx_word' id='word_1_729' title='bbox 1206 3931 1287 3986; x_wconf 79' lang='lat' dir='ltr'><strong>luna</strong></span> <span class='ocrx_word' id='word_1_730' title='bbox 1313 3931 1381 3988; x_wconf 78' lang='lat' dir='ltr'><strong>itero</strong></span> <span class='ocrx_word' id='word_1_731' title='bbox 1412 3935 1599 4004; x_wconf 72' lang='lat' dir='ltr'><strong>sexagensimo</strong></span> <span class='ocrx_word' id='word_1_732' title='bbox 1632 3949 1703 3988; x_wconf 81' lang='lat' dir='ltr'><strong>coeo</strong></span> <span class='ocrx_word' id='word_1_733' title='bbox 1731 3935 1769 3988; x_wconf 84' lang='lat' dir='ltr'><strong>ed</strong></span> <span class='ocrx_word' id='word_1_734' title='bbox 1794 3933 1908 3988; x_wconf 84' lang='lat' dir='ltr'><strong>edictum</strong></span> 
     </span>
     <span class='ocr_line' id='line_1_53' title="bbox 251 3999 1909 4082; baseline -0.001 -22"><span class='ocrx_word' id='word_1_735' title='bbox 251 4021 304 4060; x_wconf 90' lang='lat' dir='ltr'><strong>non</strong></span> <span class='ocrx_word' id='word_1_736' title='bbox 326 4003 442 4060; x_wconf 86' lang='lat' dir='ltr'><strong>uorandi</strong></span> <span class='ocrx_word' id='word_1_737' title='bbox 465 4003 552 4058; x_wconf 91' lang='lat' dir='ltr'><strong>animo</strong></span> <span class='ocrx_word' id='word_1_738' title='bbox 575 4003 627 4058; x_wconf 87' lang='lat' dir='ltr'><strong>hoc</strong></span> <span class='ocrx_word' id='word_1_739' title='bbox 644 4003 798 4068; x_wconf 86' lang='lat' dir='ltr'><strong>intervenit,</strong></span> <span class='ocrx_word' id='word_1_740' title='bbox 821 4009 933 4072; x_wconf 88' lang='lat' dir='ltr'><strong>uterque</strong></span> <span class='ocrx_word' id='word_1_741' title='bbox 951 4003 1055 4072; x_wconf 91' lang='lat' dir='ltr'><strong>quidem</strong></span> <span class='ocrx_word' id='word_1_742' title='bbox 1104 3999 1168 4054; x_wconf 94' lang='lat' dir='ltr'><strong>Doli</strong></span> <span class='ocrx_word' id='word_1_743' title='bbox 1184 4001 1317 4068; x_wconf 83' lang='lat' dir='ltr'><strong>exceptio,</strong></span> <span class='ocrx_word' id='word_1_744' title='bbox 1336 4015 1404 4082; x_wconf 82' lang='lat' dir='ltr'><strong>quae</strong></span> <span class='ocrx_word' id='word_1_745' title='bbox 1421 4007 1527 4072; x_wconf 88' lang='lat' dir='ltr'><strong>poterat</strong></span> <span class='ocrx_word' id='word_1_746' title='bbox 1544 4003 1675 4072; x_wconf 86' lang='lat' dir='ltr'><strong>deleganti</strong></span> <span class='ocrx_word' id='word_1_747' title='bbox 1693 4003 1802 4072; x_wconf 88' lang='lat' dir='ltr'><strong>opponi,</strong></span> <span class='ocrx_word' id='word_1_748' title='bbox 1821 4007 1909 4058; x_wconf 89' lang='lat' dir='ltr'><strong>cessat</strong></span> 
     </span>
     <span class='ocr_line' id='line_1_54' title="bbox 253 4069 1907 4138; baseline -0.001 -12"><span class='ocrx_word' id='word_1_749' title='bbox 253 4079 368 4138; x_wconf 86' lang='lat' dir='ltr'><strong>tenetur,</strong></span> <span class='ocrx_word' id='word_1_750' title='bbox 395 4071 442 4126; x_wconf 91' lang='lat' dir='ltr'><strong>sed</strong></span> <span class='ocrx_word' id='word_1_751' title='bbox 470 4071 553 4126; x_wconf 85' lang='lat' dir='ltr'><strong>altero</strong></span> <span class='ocrx_word' id='word_1_752' title='bbox 581 4071 698 4126; x_wconf 81' lang='lat' dir='ltr'><strong>solvente</strong></span> <span class='ocrx_word' id='word_1_753' title='bbox 725 4073 793 4126; x_wconf 85' lang='lat' dir='ltr'><strong>alter</strong></span> <span class='ocrx_word' id='word_1_754' title='bbox 817 4069 954 4126; x_wconf 89' lang='lat' dir='ltr'><strong>liberatur.</strong></span> <span class='ocrx_word' id='word_1_755' title='bbox 1002 4087 1056 4126; x_wconf 89' lang='lat' dir='ltr'><strong>nou</strong></span> <span class='ocrx_word' id='word_1_756' title='bbox 1104 4069 1133 4122; x_wconf 90' lang='lat' dir='ltr'><strong>in</strong></span> <span class='ocrx_word' id='word_1_757' title='bbox 1149 4083 1265 4138; x_wconf 91' lang='lat' dir='ltr'><strong>persona</strong></span> <span class='ocrx_word' id='word_1_758' title='bbox 1282 4069 1433 4138; x_wconf 81' lang='lat' dir='ltr'><strong>creditoris,</strong></span> <span class='ocrx_word' id='word_1_759' title='bbox 1451 4069 1494 4124; x_wconf 92' lang='lat' dir='ltr'><strong>cui</strong></span> <span class='ocrx_word' id='word_1_760' title='bbox 1512 4069 1570 4138; x_wconf 88' lang='lat' dir='ltr'><strong>quis</strong></span> <span class='ocrx_word' id='word_1_761' title='bbox 1589 4069 1724 4138; x_wconf 87' lang='lat' dir='ltr'><strong>delegatus</strong></span> <span class='ocrx_word' id='word_1_762' title='bbox 1743 4075 1792 4126; x_wconf 90' lang='lat' dir='ltr'><strong>est.</strong></span> <span class='ocrx_word' id='word_1_763' title='bbox 1826 4069 1907 4126; x_wconf 90' lang='lat' dir='ltr'><strong>idem·</strong></span> 
     </span>
     <span class='ocr_line' id='line_1_55' title="bbox 254 4135 1906 4208; baseline 0 -16"><span class='ocrx_word' id='word_1_764' title='bbox 254 4137 384 4194; x_wconf 89' lang='lat' dir='ltr'><strong>tamensi</strong></span> <span class='ocrx_word' id='word_1_765' title='bbox 407 4141 466 4208; x_wconf 86' lang='lat' dir='ltr'><strong>quis</strong></span> <span class='ocrx_word' id='word_1_766' title='bbox 488 4139 630 4206; x_wconf 84' lang='lat' dir='ltr'><strong>stipuletur</strong></span> <span class='ocrx_word' id='word_1_767' title='bbox 653 4139 724 4208; x_wconf 89' lang='lat' dir='ltr'><strong>quod</strong></span> <span class='ocrx_word' id='word_1_768' title='bbox 740 4137 804 4192; x_wconf 87' lang='lat' dir='ltr'><strong>mihi</strong></span> <span class='ocrx_word' id='word_1_769' title='bbox 821 4137 945 4206; x_wconf 89' lang='lat' dir='ltr'><strong>debetur,</strong></span> <span class='ocrx_word' id='word_1_770' title='bbox 970 4139 1056 4194; x_wconf 81' lang='lat' dir='ltr'><strong>aufert</strong></span> <span class='ocrx_word' id='word_1_771' title='bbox 1106 4153 1156 4204; x_wconf 88' lang='lat' dir='ltr'><strong>que</strong></span> <span class='ocrx_word' id='word_1_772' title='bbox 1180 4141 1221 4190; x_wconf 91' lang='lat' dir='ltr'><strong>est</strong></span> <span class='ocrx_word' id='word_1_773' title='bbox 1242 4141 1269 4190; x_wconf 91' lang='lat' dir='ltr'><strong>et</strong></span> <span class='ocrx_word' id='word_1_774' title='bbox 1284 4135 1313 4190; x_wconf 90' lang='lat' dir='ltr'><strong>in</strong></span> <span class='ocrx_word' id='word_1_775' title='bbox 1335 4137 1430 4192; x_wconf 87' lang='lat' dir='ltr'><strong>ceteris</strong></span> <span class='ocrx_word' id='word_1_776' title='bbox 1448 4137 1577 4192; x_wconf 86' lang='lat' dir='ltr'><strong>similibus</strong></span> <span class='ocrx_word' id='word_1_777' title='bbox 1595 4153 1656 4192; x_wconf 86' lang='lat' dir='ltr'><strong>exce</strong></span> <span class='ocrx_word' id='word_1_778' title='bbox 1676 4137 1804 4202; x_wconf 89' lang='lat' dir='ltr'><strong>tionibus,</strong></span> <span class='ocrx_word' id='word_1_779' title='bbox 1827 4137 1906 4192; x_wconf 88' lang='lat' dir='ltr'><strong>immo</strong></span> 
     </span>
     <span class='ocr_line' id='line_1_56' title="bbox 254 4203 1907 4276; baseline -0.001 -14"><span class='ocrx_word' id='word_1_780' title='bbox 254 4207 315 4262; x_wconf 89' lang='lat' dir='ltr'><strong>mihi</strong></span> <span class='ocrx_word' id='word_1_781' title='bbox 341 4205 484 4274; x_wconf 88' lang='lat' dir='ltr'><strong>actionem,</strong></span> <span class='ocrx_word' id='word_1_782' title='bbox 513 4207 565 4260; x_wconf 89' lang='lat' dir='ltr'><strong>nisi</strong></span> <span class='ocrx_word' id='word_1_783' title='bbox 593 4223 625 4260; x_wconf 89' lang='lat' dir='ltr'><strong>ex</strong></span> <span class='ocrx_word' id='word_1_784' title='bbox 652 4207 787 4262; x_wconf 84' lang='lat' dir='ltr'><strong>voluntate</strong></span> <span class='ocrx_word' id='word_1_785' title='bbox 813 4221 873 4260; x_wconf 88' lang='lat' dir='ltr'><strong>mea</strong></span> <span class='ocrx_word' id='word_1_786' title='bbox 901 4207 1054 4276; x_wconf 86' lang='lat' dir='ltr'><strong>stipuletur:</strong></span> <span class='ocrx_word' id='word_1_787' title='bbox 1106 4205 1177 4258; x_wconf 89' lang='lat' dir='ltr'><strong>etin</strong></span> <span class='ocrx_word' id='word_1_788' title='bbox 1195 4219 1238 4270; x_wconf 86' lang='lat' dir='ltr'><strong>ea,</strong></span> <span class='ocrx_word' id='word_1_789' title='bbox 1257 4219 1324 4272; x_wconf 89' lang='lat' dir='ltr'><strong>quae</strong></span> <span class='ocrx_word' id='word_1_790' title='bbox 1342 4219 1375 4258; x_wconf 83' lang='lat' dir='ltr'><strong>ex</strong></span> <span class='ocrx_word' id='word_1_791' title='bbox 1393 4211 1501 4262; x_wconf 86' lang='lat' dir='ltr'><strong>senatus</strong></span> <span class='ocrx_word' id='word_1_792' title='bbox 1519 4207 1641 4262; x_wconf 89' lang='lat' dir='ltr'><strong>consulto</strong></span> <span class='ocrx_word' id='word_1_793' title='bbox 1688 4203 1907 4260; x_wconf 74' lang='grc'>’1111111111-</span> 
     </span>
     <span class='ocr_line' id='line_1_57' title="bbox 254 4271 1907 4344; baseline -0.001 -16"><span class='ocrx_word' id='word_1_794' title='bbox 254 4277 347 4330; x_wconf 88' lang='lat' dir='ltr'><strong>liberat</strong></span> <span class='ocrx_word' id='word_1_795' title='bbox 359 4279 447 4330; x_wconf 90' lang='lat' dir='ltr'><strong>autem</strong></span> <span class='ocrx_word' id='word_1_796' title='bbox 461 4291 503 4330; x_wconf 91' lang='lat' dir='ltr'><strong>me</strong></span> <span class='ocrx_word' id='word_1_797' title='bbox 515 4273 538 4330; x_wconf 90' lang='lat' dir='ltr'><strong>is</strong></span> <span class='ocrx_word' id='word_1_798' title='bbox 551 4273 597 4344; x_wconf 90' lang='lat' dir='ltr'><strong>qui</strong></span> <span class='ocrx_word' id='word_1_799' title='bbox 609 4275 680 4344; x_wconf 89' lang='lat' dir='ltr'><strong>quod</strong></span> <span class='ocrx_word' id='word_1_800' title='bbox 693 4275 784 4340; x_wconf 89' lang='lat' dir='ltr'><strong>debeo,</strong></span> <span class='ocrx_word' id='word_1_801' title='bbox 799 4275 938 4342; x_wconf 84' lang='lat' dir='ltr'><strong>premittit,</strong></span> <span class='ocrx_word' id='word_1_802' title='bbox 954 4273 1056 4328; x_wconf 87' lang='lat' dir='ltr'><strong>etiamsi</strong></span> <span class='ocrx_word' id='word_1_803' title='bbox 1105 4278 1162 4326; x_wconf 85' lang='lat' dir='ltr'><strong>tur:</strong></span> <span class='ocrx_word' id='word_1_804' title='bbox 1186 4287 1248 4326; x_wconf 89' lang='lat' dir='ltr'><strong>nam</strong></span> <span class='ocrx_word' id='word_1_805' title='bbox 1265 4271 1391 4330; x_wconf 85' lang='lat' dir='ltr'><strong>adversus</strong></span> <span class='ocrx_word' id='word_1_806' title='bbox 1409 4273 1578 4342; x_wconf 88' lang='lat' dir='ltr'><strong>creditorem,</strong></span> <span class='ocrx_word' id='word_1_807' title='bbox 1603 4273 1647 4330; x_wconf 88' lang='lat' dir='ltr'><strong>cui</strong></span> <span class='ocrx_word' id='word_1_808' title='bbox 1664 4273 1797 4344; x_wconf 90' lang='lat' dir='ltr'><strong>delegatus</strong></span> <span class='ocrx_word' id='word_1_809' title='bbox 1815 4277 1855 4326; x_wconf 84' lang='lat' dir='ltr'><strong>est</strong></span> <span class='ocrx_word' id='word_1_810' title='bbox 1872 4273 1907 4328; x_wconf 92' lang='lat' dir='ltr'><strong>ab</strong></span> 
     </span>
     <span class='ocr_line' id='line_1_58' title="bbox 254 4339 1906 4410; baseline 0 -14"><span class='ocrx_word' id='word_1_811' title='bbox 254 4343 340 4398; x_wconf 88' lang='lat' dir='ltr'><strong>nolim.</strong></span> <span class='ocrx_word' id='word_1_812' title='bbox 1105 4357 1146 4406; x_wconf 90' lang='lat' dir='ltr'><strong>eo,</strong></span> <span class='ocrx_word' id='word_1_813' title='bbox 1165 4339 1210 4408; x_wconf 88' lang='lat' dir='ltr'><strong>qni</strong></span> <span class='ocrx_word' id='word_1_814' title='bbox 1227 4345 1346 4396; x_wconf 90' lang='lat' dir='ltr'><strong>mutuam</strong></span> <span class='ocrx_word' id='word_1_815' title='bbox 1362 4343 1501 4410; x_wconf 88' lang='lat' dir='ltr'><strong>pecuniam</strong></span> <span class='ocrx_word' id='word_1_816' title='bbox 1519 4349 1614 4396; x_wconf 91' lang='lat' dir='ltr'><strong>contra</strong></span> <span class='ocrx_word' id='word_1_817' title='bbox 1631 4347 1739 4396; x_wconf 90' lang='lat' dir='ltr'><strong>senatus</strong></span> <span class='ocrx_word' id='word_1_818' title='bbox 1757 4339 1906 4396; x_wconf 86' lang='lat' dir='ltr'><strong>consultum</strong></span> 
     </span>
     <span class='ocr_line' id='line_1_59' title="bbox 286 4409 1906 4482; baseline -0.003 -14"><span class='ocrx_word' id='word_1_819' title='bbox 286 4409 305 4468; x_wconf 79' lang='grc'>9</span> <span class='ocrx_word' id='word_1_820' title='bbox 322 4411 401 4466; x_wconf 77' lang='lat' dir='ltr'><strong>Iera</strong></span> <span class='ocrx_word' id='word_1_821' title='bbox 417 4411 483 4466; x_wconf 87' lang='lat' dir='ltr'><strong>libro</strong></span> <span class='ocrx_word' id='word_1_822' title='bbox 501 4409 726 4480; x_wconf 71' lang='lat' dir='ltr'><strong>quadrupendante</strong></span> <span class='ocrx_word' id='word_1_823' title='bbox 744 4411 855 4482; x_wconf 80' lang='lat' dir='ltr'><strong>septimo</strong></span> <span class='ocrx_word' id='word_1_824' title='bbox 873 4411 911 4466; x_wconf 87' lang='lat' dir='ltr'><strong>ed</strong></span> <span class='ocrx_word' id='word_1_825' title='bbox 927 4409 1056 4466; x_wconf 81' lang='lat' dir='ltr'><strong>Sabinam</strong></span> <span class='ocrx_word' id='word_1_826' title='bbox 1105 4409 1222 4474; x_wconf 87' lang='lat' dir='ltr'><strong>dederat,</strong></span> <span class='ocrx_word' id='word_1_827' title='bbox 1239 4425 1294 4464; x_wconf 89' lang='lat' dir='ltr'><strong>non</strong></span> <span class='ocrx_word' id='word_1_828' title='bbox 1311 4417 1401 4464; x_wconf 88' lang='lat' dir='ltr'><strong>utetur</strong></span> <span class='ocrx_word' id='word_1_829' title='bbox 1414 4411 1575 4480; x_wconf 84' lang='lat' dir='ltr'><strong>exceptione,</strong></span> <span class='ocrx_word' id='word_1_830' title='bbox 1595 4411 1656 4478; x_wconf 90' lang='lat' dir='ltr'><strong>quia</strong></span> <span class='ocrx_word' id='word_1_831' title='bbox 1673 4409 1738 4464; x_wconf 83' lang='lat' dir='ltr'><strong>nihil</strong></span> <span class='ocrx_word' id='word_1_832' title='bbox 1753 4411 1782 4464; x_wconf 89' lang='lat' dir='ltr'><strong>in</strong></span> <span class='ocrx_word' id='word_1_833' title='bbox 1796 4423 1828 4464; x_wconf 87' lang='lat' dir='ltr'><strong>ea</strong></span> <span class='ocrx_word' id='word_1_834' title='bbox 1844 4425 1906 4478; x_wconf 91' lang='lat' dir='ltr'><strong>pro-</strong></span> 
     </span>
     <span class='ocr_line' id='line_1_60' title="bbox 254 4477 1905 4550; baseline -0.001 -18"><span class='ocrx_word' id='word_1_835' title='bbox 254 4477 281 4532; x_wconf 78' lang='lat' dir='ltr'><strong>st</strong></span> <span class='ocrx_word' id='word_1_836' title='bbox 297 4477 413 4550; x_wconf 85' lang='lat' dir='ltr'><strong>pupillus</strong></span> <span class='ocrx_word' id='word_1_837' title='bbox 437 4477 494 4534; x_wconf 87' lang='lat' dir='ltr'><strong>sine</strong></span> <span class='ocrx_word' id='word_1_838' title='bbox 509 4479 607 4534; x_wconf 88' lang='lat' dir='ltr'><strong>tutoris</strong></span> <span class='ocrx_word' id='word_1_839' title='bbox 630 4479 790 4534; x_wconf 85' lang='lat' dir='ltr'><strong>auctoritate</strong></span> <span class='ocrx_word' id='word_1_840' title='bbox 807 4495 863 4534; x_wconf 90' lang='lat' dir='ltr'><strong>rem</strong></span> <span class='ocrx_word' id='word_1_841' title='bbox 881 4479 981 4534; x_wconf 86' lang='lat' dir='ltr'><strong>sairam</strong></span> <span class='ocrx_word' id='word_1_842' title='bbox 998 4477 1056 4534; x_wconf 85' lang='lat' dir='ltr'><strong>iore</strong></span> <span class='ocrx_word' id='word_1_843' title='bbox 1104 4477 1229 4532; x_wconf 79' lang='lat' dir='ltr'><strong>missione</strong></span> <span class='ocrx_word' id='word_1_844' title='bbox 1247 4483 1339 4532; x_wconf 88' lang='lat' dir='ltr'><strong>contra</strong></span> <span class='ocrx_word' id='word_1_845' title='bbox 1357 4483 1464 4534; x_wconf 88' lang='lat' dir='ltr'><strong>senatus</strong></span> <span class='ocrx_word' id='word_1_846' title='bbox 1487 4477 1636 4534; x_wconf 88' lang='lat' dir='ltr'><strong>consultum</strong></span> <span class='ocrx_word' id='word_1_847' title='bbox 1654 4477 1695 4532; x_wconf 84' lang='lat' dir='ltr'><strong>iit:</strong></span> <span class='ocrx_word' id='word_1_848' title='bbox 1718 4483 1793 4532; x_wconf 90' lang='lat' dir='ltr'><strong>tanto</strong></span> <span class='ocrx_word' id='word_1_849' title='bbox 1814 4477 1905 4546; x_wconf 87' lang='lat' dir='ltr'><strong>magis,</strong></span> 
     </span>
     <span class='ocr_line' id='line_1_61' title="bbox 254 4543 1906 4618; baseline -0.001 -16"><span class='ocrx_word' id='word_1_850' title='bbox 254 4547 394 4618; x_wconf 85' lang='lat' dir='ltr'><strong>stipulatus</strong></span> <span class='ocrx_word' id='word_1_851' title='bbox 413 4549 496 4616; x_wconf 90' lang='lat' dir='ltr'><strong>pubes</strong></span> <span class='ocrx_word' id='word_1_852' title='bbox 513 4545 602 4600; x_wconf 89' lang='lat' dir='ltr'><strong>factus</strong></span> <span class='ocrx_word' id='word_1_853' title='bbox 617 4553 702 4602; x_wconf 90' lang='lat' dir='ltr'><strong>ratam</strong></span> <span class='ocrx_word' id='word_1_854' title='bbox 719 4547 916 4616; x_wconf 89' lang='lat' dir='ltr'><strong>stipulationem</strong></span> <span class='ocrx_word' id='word_1_855' title='bbox 933 4547 1056 4602; x_wconf 86' lang='lat' dir='ltr'><strong>habuerit</strong></span> <span class='ocrx_word' id='word_1_856' title='bbox 1105 4545 1177 4614; x_wconf 90' lang='lat' dir='ltr'><strong>qnod</strong></span> <span class='ocrx_word' id='word_1_857' title='bbox 1193 4545 1237 4600; x_wconf 90' lang='lat' dir='ltr'><strong>hic</strong></span> <span class='ocrx_word' id='word_1_858' title='bbox 1254 4561 1304 4600; x_wconf 87' lang='lat' dir='ltr'><strong>uec</strong></span> <span class='ocrx_word' id='word_1_859' title='bbox 1321 4547 1436 4600; x_wconf 88' lang='lat' dir='ltr'><strong>solutum</strong></span> <span class='ocrx_word' id='word_1_860' title='bbox 1452 4551 1572 4616; x_wconf 87' lang='lat' dir='ltr'><strong>repetere</strong></span> <span class='ocrx_word' id='word_1_861' title='bbox 1589 4551 1684 4614; x_wconf 86' lang='lat' dir='ltr'><strong>potest.</strong></span> <span class='ocrx_word' id='word_1_862' title='bbox 1718 4543 1848 4600; x_wconf 86' lang='lat' dir='ltr'><strong>diversum</strong></span> <span class='ocrx_word' id='word_1_863' title='bbox 1865 4549 1906 4600; x_wconf 85' lang='lat' dir='ltr'><strong>est</strong></span> 
     </span>
     <span class='ocr_line' id='line_1_62' title="bbox 254 4611 1905 4684; baseline 0.001 -18"><span class='ocrx_word' id='word_1_864' title='bbox 254 4615 367 4670; x_wconf 86' lang='lat' dir='ltr'><strong>uorandi</strong></span> <span class='ocrx_word' id='word_1_865' title='bbox 384 4631 474 4678; x_wconf 87' lang='lat' dir='ltr'><strong>causa,</strong></span> <span class='ocrx_word' id='word_1_866' title='bbox 492 4615 595 4670; x_wconf 90' lang='lat' dir='ltr'><strong>tollitur</strong></span> <span class='ocrx_word' id='word_1_867' title='bbox 611 4617 711 4672; x_wconf 86' lang='lat' dir='ltr'><strong>tutelae</strong></span> <span class='ocrx_word' id='word_1_868' title='bbox 725 4615 804 4670; x_wconf 85' lang='lat' dir='ltr'><strong>ectio.</strong></span> <span class='ocrx_word' id='word_1_869' title='bbox 828 4615 852 4670; x_wconf 90' lang='lat' dir='ltr'><strong>si</strong></span> <span class='ocrx_word' id='word_1_870' title='bbox 865 4633 920 4672; x_wconf 89' lang='lat' dir='ltr'><strong>nou</strong></span> <span class='ocrx_word' id='word_1_871' title='bbox 933 4615 1056 4672; x_wconf 87' lang='lat' dir='ltr'><strong>habuerit</strong></span> <span class='ocrx_word' id='word_1_872' title='bbox 1104 4613 1133 4666; x_wconf 94' lang='lat' dir='ltr'><strong>in</strong></span> <span class='ocrx_word' id='word_1_873' title='bbox 1150 4613 1267 4678; x_wconf 90' lang='lat' dir='ltr'><strong>muliere,</strong></span> <span class='ocrx_word' id='word_1_874' title='bbox 1285 4629 1354 4684; x_wconf 90' lang='lat' dir='ltr'><strong>quae</strong></span> <span class='ocrx_word' id='word_1_875' title='bbox 1372 4621 1464 4670; x_wconf 91' lang='lat' dir='ltr'><strong>contra</strong></span> <span class='ocrx_word' id='word_1_876' title='bbox 1481 4621 1588 4668; x_wconf 90' lang='lat' dir='ltr'><strong>senatus</strong></span> <span class='ocrx_word' id='word_1_877' title='bbox 1607 4615 1757 4670; x_wconf 89' lang='lat' dir='ltr'><strong>consultum</strong></span> <span class='ocrx_word' id='word_1_878' title='bbox 1772 4611 1905 4684; x_wconf 77' lang='lat' dir='ltr'><strong>promisitr</strong></span> 
     </span>
     <span class='ocr_line' id='line_1_63' title="bbox 254 4681 1905 4752; baseline 0.001 -18"><span class='ocrx_word' id='word_1_879' title='bbox 254 4689 352 4750; x_wconf 88' lang='lat' dir='ltr'><strong>ratum,</strong></span> <span class='ocrx_word' id='word_1_880' title='bbox 374 4683 436 4738; x_wconf 90' lang='lat' dir='ltr'><strong>ticet</strong></span> <span class='ocrx_word' id='word_1_881' title='bbox 458 4685 557 4738; x_wconf 89' lang='lat' dir='ltr'><strong>tutelae</strong></span> <span class='ocrx_word' id='word_1_882' title='bbox 578 4683 684 4750; x_wconf 86' lang='lat' dir='ltr'><strong>egisset,</strong></span> <span class='ocrx_word' id='word_1_883' title='bbox 708 4683 790 4740; x_wconf 88' lang='lat' dir='ltr'><strong>habet</strong></span> <span class='ocrx_word' id='word_1_884' title='bbox 805 4689 895 4738; x_wconf 87' lang='lat' dir='ltr'><strong>tamen</strong></span> <span class='ocrx_word' id='word_1_885' title='bbox 918 4685 1005 4738; x_wconf 93' lang='lat' dir='ltr'><strong>adhuc</strong></span> <span class='ocrx_word' id='word_1_886' title='bbox 1022 4699 1056 4738; x_wconf 87' lang='lat' dir='ltr'><strong>ex</strong></span> <span class='ocrx_word' id='word_1_887' title='bbox 1105 4697 1166 4736; x_wconf 89' lang='lat' dir='ltr'><strong>nam</strong></span> <span class='ocrx_word' id='word_1_888' title='bbox 1182 4687 1208 4738; x_wconf 88' lang='lat' dir='ltr'><strong>et</strong></span> <span class='ocrx_word' id='word_1_889' title='bbox 1223 4681 1251 4736; x_wconf 91' lang='lat' dir='ltr'><strong>iu</strong></span> <span class='ocrx_word' id='word_1_890' title='bbox 1265 4681 1383 4736; x_wconf 88' lang='lat' dir='ltr'><strong>secunda</strong></span> <span class='ocrx_word' id='word_1_891' title='bbox 1394 4683 1569 4752; x_wconf 87' lang='lat' dir='ltr'><strong>promissione</strong></span> <span class='ocrx_word' id='word_1_892' title='bbox 1583 4681 1737 4738; x_wconf 85' lang='lat' dir='ltr'><strong>intercessio</strong></span> <span class='ocrx_word' id='word_1_893' title='bbox 1751 4687 1800 4738; x_wconf 88' lang='lat' dir='ltr'><strong>est.</strong></span> <span class='ocrx_word' id='word_1_894' title='bbox 1824 4681 1905 4736; x_wconf 89' lang='lat' dir='ltr'><strong>idem·</strong></span> 
     </span>
     <span class='ocr_line' id='line_1_64' title="bbox 254 4749 1905 4820; baseline 0 -16"><span class='ocrx_word' id='word_1_895' title='bbox 254 4751 381 4820; x_wconf 85' lang='lat' dir='ltr'><strong>stipulatu</strong></span> <span class='ocrx_word' id='word_1_896' title='bbox 413 4751 555 4804; x_wconf 83' lang='lat' dir='ltr'><strong>actionem:</strong></span> <span class='ocrx_word' id='word_1_897' title='bbox 589 4751 636 4804; x_wconf 90' lang='lat' dir='ltr'><strong>sed</strong></span> <span class='ocrx_word' id='word_1_898' title='bbox 661 4751 741 4806; x_wconf 88' lang='lat' dir='ltr'><strong>iudex</strong></span> <span class='ocrx_word' id='word_1_899' title='bbox 770 4753 870 4806; x_wconf 90' lang='lat' dir='ltr'><strong>tutelae</strong></span> <span class='ocrx_word' id='word_1_900' title='bbox 899 4769 954 4806; x_wconf 91' lang='lat' dir='ltr'><strong>non</strong></span> <span class='ocrx_word' id='word_1_901' title='bbox 980 4753 1056 4806; x_wconf 86' lang='lat' dir='ltr'><strong>aliter</strong></span> <span class='ocrx_word' id='word_1_902' title='bbox 1106 4766 1156 4819; x_wconf 88' lang='lat' dir='ltr'><strong>que</strong></span> <span class='ocrx_word' id='word_1_903' title='bbox 1185 4753 1226 4806; x_wconf 90' lang='lat' dir='ltr'><strong>est</strong></span> <span class='ocrx_word' id='word_1_904' title='bbox 1253 4749 1281 4804; x_wconf 90' lang='lat' dir='ltr'><strong>in</strong></span> <span class='ocrx_word' id='word_1_905' title='bbox 1308 4751 1420 4816; x_wconf 90' lang='lat' dir='ltr'><strong>minore,</strong></span> <span class='ocrx_word' id='word_1_906' title='bbox 1449 4751 1494 4820; x_wconf 90' lang='lat' dir='ltr'><strong>qui</strong></span> <span class='ocrx_word' id='word_1_907' title='bbox 1521 4749 1736 4818; x_wconf 88' lang='lat' dir='ltr'><strong>circumscriptus</strong></span> <span class='ocrx_word' id='word_1_908' title='bbox 1763 4749 1905 4820; x_wconf 85' lang='lat' dir='ltr'><strong>delegatur,</strong></span> 
     </span>
     <span class='ocr_line' id='line_1_65' title="bbox 255 4817 1904 4888; baseline 0.002 -18"><span class='ocrx_word' id='word_1_909' title='bbox 255 4819 429 4874; x_wconf 89' lang='lat' dir='ltr'><strong>condemnare</strong></span> <span class='ocrx_word' id='word_1_910' title='bbox 445 4817 537 4884; x_wconf 91' lang='lat' dir='ltr'><strong>debet,</strong></span> <span class='ocrx_word' id='word_1_911' title='bbox 561 4833 639 4888; x_wconf 88' lang='lat' dir='ltr'><strong>quam</strong></span> <span class='ocrx_word' id='word_1_912' title='bbox 657 4819 680 4876; x_wconf 90' lang='lat' dir='ltr'><strong>si</strong></span> <span class='ocrx_word' id='word_1_913' title='bbox 698 4835 731 4874; x_wconf 76' lang='lat' dir='ltr'><strong>ea</strong></span> <span class='ocrx_word' id='word_1_914' title='bbox 748 4821 917 4888; x_wconf 84' lang='lat' dir='ltr'><strong>strpulatrone</strong></span> <span class='ocrx_word' id='word_1_915' title='bbox 933 4821 1054 4876; x_wconf 84' lang='lat' dir='ltr'><strong>lrberatro</strong></span> <span class='ocrx_word' id='word_1_916' title='bbox 1123 4819 1174 4884; x_wconf 89' lang='lat' dir='ltr'><strong>uia,</strong></span> <span class='ocrx_word' id='word_1_917' title='bbox 1193 4819 1215 4874; x_wconf 89' lang='lat' dir='ltr'><strong>si</strong></span> <span class='ocrx_word' id='word_1_918' title='bbox 1232 4819 1383 4874; x_wconf 87' lang='lat' dir='ltr'><strong>etiamnunc</strong></span> <span class='ocrx_word' id='word_1_919' title='bbox 1399 4819 1485 4874; x_wconf 88' lang='lat' dir='ltr'><strong>minor</strong></span> <span class='ocrx_word' id='word_1_920' title='bbox 1502 4823 1550 4884; x_wconf 89' lang='lat' dir='ltr'><strong>eet,</strong></span> <span class='ocrx_word' id='word_1_921' title='bbox 1567 4835 1674 4872; x_wconf 92' lang='lat' dir='ltr'><strong>rursum</strong></span> <span class='ocrx_word' id='word_1_922' title='bbox 1691 4819 1904 4876; x_wconf 81' lang='lat' dir='ltr'><strong>circumveniturr</strong></span> 
     </span>
     <span class='ocr_line' id='line_1_66' title="bbox 258 4885 1906 4958; baseline 0.003 -20"><span class='ocrx_word' id='word_1_923' title='bbox 258 4891 266 4938; x_wconf 97' lang='grc'><strong>1</strong></span> <span class='ocrx_word' id='word_1_924' title='bbox 302 4887 385 4942; x_wconf 90' lang='lat' dir='ltr'><strong>tieret.</strong></span> <span class='ocrx_word' id='word_1_925' title='bbox 412 4887 465 4956; x_wconf 82' lang='lat' dir='ltr'><strong>qni</strong></span> <span class='ocrx_word' id='word_1_926' title='bbox 481 4887 529 4942; x_wconf 89' lang='lat' dir='ltr'><strong>sub</strong></span> <span class='ocrx_word' id='word_1_927' title='bbox 548 4885 702 4942; x_wconf 90' lang='lat' dir='ltr'><strong>condicione</strong></span> <span class='ocrx_word' id='word_1_928' title='bbox 719 4889 870 4958; x_wconf 87' lang='lat' dir='ltr'><strong>stipulatur,</strong></span> <span class='ocrx_word' id='word_1_929' title='bbox 889 4903 958 4958; x_wconf 89' lang='lat' dir='ltr'><strong>quae</strong></span> <span class='ocrx_word' id='word_1_930' title='bbox 971 4889 1053 4946; x_wconf 89' lang='lat' dir='ltr'><strong>omui·</strong></span> <span class='ocrx_word' id='word_1_931' title='bbox 1124 4887 1249 4956; x_wconf 68' lang='lat' dir='ltr'><strong>&#39;versum</strong></span> <span class='ocrx_word' id='word_1_932' title='bbox 1277 4887 1301 4942; x_wconf 87' lang='lat' dir='ltr'><strong>si</strong></span> <span class='ocrx_word' id='word_1_933' title='bbox 1322 4887 1377 4942; x_wconf 89' lang='lat' dir='ltr'><strong>iam</strong></span> <span class='ocrx_word' id='word_1_934' title='bbox 1399 4885 1512 4942; x_wconf 82' lang='lat' dir='ltr'><strong>excessit</strong></span> <span class='ocrx_word' id='word_1_935' title='bbox 1538 4891 1653 4942; x_wconf 88' lang='lat' dir='ltr'><strong>aetatem</strong></span> <span class='ocrx_word' id='word_1_936' title='bbox 1677 4885 1768 4954; x_wconf 78' lang='lat' dir='ltr'><strong>viginti</strong></span> <span class='ocrx_word' id='word_1_937' title='bbox 1808 4885 1906 4958; x_wconf 88' lang='lat' dir='ltr'><strong>uinqne</strong></span> 
     </span>
     <span class='ocr_line' id='line_1_67' title="bbox 254 4903 1905 5036; baseline 0.005 -30"><span class='ocrx_word' id='word_1_938' title='bbox 254 4959 267 5006; x_wconf 81' lang='grc'><strong>1</strong></span> <span class='ocrx_word' id='word_1_939' title='bbox 303 4957 381 5010; x_wconf 89' lang='lat' dir='ltr'><strong>modo</strong></span> <span class='ocrx_word' id='word_1_940' title='bbox 405 4961 540 5010; x_wconf 84' lang='lat' dir='ltr'><strong>exstatura</strong></span> <span class='ocrx_word' id='word_1_941' title='bbox 557 4961 610 5020; x_wconf 91' lang='lat' dir='ltr'><strong>est,</strong></span> <span class='ocrx_word' id='word_1_942' title='bbox 631 4971 698 5036; x_wconf 88' lang='lat' dir='ltr'><strong>pure</strong></span> <span class='ocrx_word' id='word_1_943' title='bbox 715 4955 819 5010; x_wconf 85' lang='lat' dir='ltr'><strong>ridetur</strong></span> <span class='ocrx_word' id='word_1_944' title='bbox 839 4957 969 5026; x_wconf 88' lang='lat' dir='ltr'><strong>stipulari.</strong></span> <span class='ocrx_word' id='word_1_945' title='bbox 1004 4957 1055 5026; x_wconf 73' lang='lat' dir='ltr'><strong>Qui</strong></span> <span class='ocrx_word' id='word_1_946' title='bbox 1105 4971 1249 5022; x_wconf 86' lang='lat' dir='ltr'><strong>annorum,</strong></span> <span class='ocrx_word' id='word_1_947' title='bbox 1277 4955 1394 5024; x_wconf 79' lang='lat' dir='ltr'><strong>quamvis</strong></span> <span class='ocrx_word' id='word_1_948' title='bbox 1422 4955 1509 5010; x_wconf 87' lang='lat' dir='ltr'><strong>adhuc</strong></span> <span class='ocrx_word' id='word_1_949' title='bbox 1534 4955 1619 5024; x_wconf 88' lang='lat' dir='ltr'><strong>possit</strong></span> <span class='ocrx_word' id='word_1_950' title='bbox 1646 4955 1750 5010; x_wconf 71' lang='lat' dir='ltr'><strong>restrui</strong></span> <span class='ocrx_word' id='word_1_951' title='bbox 1779 4903 1905 5014; x_wconf 63' lang='lat' dir='ltr'><strong>cinereus</strong></span> 
     </span>
     <span class='ocr_line' id='line_1_68' title="bbox 254 5021 1905 5094; baseline 0.004 -20"><span class='ocrx_word' id='word_1_952' title='bbox 254 5021 875 5094; x_wconf 79' lang='lat' dir='ltr'><strong>aorunsdpulatur,deinterter,nthi1aglr:</strong></span> <span class='ocrx_word' id='word_1_953' title='bbox 897 5025 960 5080; x_wconf 88' lang='lat' dir='ltr'><strong>item</strong></span> <span class='ocrx_word' id='word_1_954' title='bbox 977 5041 1055 5080; x_wconf 90' lang='lat' dir='ltr'><strong>usum</strong></span> <span class='ocrx_word' id='word_1_955' title='bbox 1104 5025 1220 5092; x_wconf 87' lang='lat' dir='ltr'><strong>priorem</strong></span> <span class='ocrx_word' id='word_1_956' title='bbox 1249 5023 1412 5078; x_wconf 89' lang='lat' dir='ltr'><strong>creditorem.</strong></span> <span class='ocrx_word' id='word_1_957' title='bbox 1457 5023 1517 5076; x_wconf 89' lang='lat' dir='ltr'><strong>idco</strong></span> <span class='ocrx_word' id='word_1_958' title='bbox 1549 5029 1637 5076; x_wconf 90' lang='lat' dir='ltr'><strong>autem</strong></span> <span class='ocrx_word' id='word_1_959' title='bbox 1670 5023 1833 5092; x_wconf 83' lang='lat' dir='ltr'><strong>denegautrr</strong></span> <span class='ocrx_word' id='word_1_960' title='bbox 1859 5041 1905 5080; x_wconf 84' lang='lat' dir='ltr'><strong>ex-</strong></span> 
     </span>
     <span class='ocr_line' id='line_1_69' title="bbox 254 5089 1906 5172; baseline 0.004 -30"><span class='ocrx_word' id='word_1_961' title='bbox 254 5089 369 5146; x_wconf 90' lang='lat' dir='ltr'><strong>fructum</strong></span> <span class='ocrx_word' id='word_1_962' title='bbox 395 5093 536 5162; x_wconf 88' lang='lat' dir='ltr'><strong>stipulatus</strong></span> <span class='ocrx_word' id='word_1_963' title='bbox 565 5089 589 5146; x_wconf 90' lang='lat' dir='ltr'><strong>si</strong></span> <span class='ocrx_word' id='word_1_964' title='bbox 609 5107 687 5146; x_wconf 88' lang='lat' dir='ltr'><strong>usum</strong></span> <span class='ocrx_word' id='word_1_965' title='bbox 717 5091 868 5162; x_wconf 88' lang='lat' dir='ltr'><strong>stipuletur,</strong></span> <span class='ocrx_word' id='word_1_966' title='bbox 899 5091 965 5146; x_wconf 87' lang='lat' dir='ltr'><strong>nihil</strong></span> <span class='ocrx_word' id='word_1_967' title='bbox 991 5095 1053 5162; x_wconf 89' lang='lat' dir='ltr'><strong>agit.</strong></span> <span class='ocrx_word' id='word_1_968' title='bbox 1106 5091 1242 5172; x_wconf 84' lang='lat' dir='ltr'><strong>captiones</strong></span> <span class='ocrx_word' id='word_1_969' title='bbox 1271 5091 1395 5146; x_wconf 87' lang='lat' dir='ltr'><strong>adversus</strong></span> <span class='ocrx_word' id='word_1_970' title='bbox 1425 5089 1568 5144; x_wconf 88' lang='lat' dir='ltr'><strong>secundum</strong></span> <span class='ocrx_word' id='word_1_971' title='bbox 1597 5089 1762 5158; x_wconf 88' lang='lat' dir='ltr'><strong>creditorem,</strong></span> <span class='ocrx_word' id='word_1_972' title='bbox 1807 5093 1852 5148; x_wconf 90' lang='lat' dir='ltr'><strong>uia</strong></span> <span class='ocrx_word' id='word_1_973' title='bbox 1878 5095 1906 5148; x_wconf 90' lang='lat' dir='ltr'><strong>iu</strong></span> 
     </span>
     <span class='ocr_line' id='line_1_70' title="bbox 255 5157 1905 5230; baseline 0.005 -22"><span class='ocrx_word' id='word_1_974' title='bbox 255 5157 300 5212; x_wconf 87' lang='lat' dir='ltr'><strong>sed</strong></span> <span class='ocrx_word' id='word_1_975' title='bbox 317 5161 362 5230; x_wconf 90' lang='lat' dir='ltr'><strong>qui</strong></span> <span class='ocrx_word' id='word_1_976' title='bbox 379 5159 431 5214; x_wconf 88' lang='lat' dir='ltr'><strong>lter</strong></span> <span class='ocrx_word' id='word_1_977' title='bbox 447 5159 589 5230; x_wconf 86' lang='lat' dir='ltr'><strong>stipulatus</strong></span> <span class='ocrx_word' id='word_1_978' title='bbox 603 5165 692 5212; x_wconf 89' lang='lat' dir='ltr'><strong>actum</strong></span> <span class='ocrx_word' id='word_1_979' title='bbox 709 5165 803 5229; x_wconf 92' lang='lat' dir='ltr'><strong>postea</strong></span> <span class='ocrx_word' id='word_1_980' title='bbox 815 5159 965 5230; x_wconf 83' lang='lat' dir='ltr'><strong>stipuletur,</strong></span> <span class='ocrx_word' id='word_1_981' title='bbox 983 5161 1055 5216; x_wconf 92' lang='lat' dir='ltr'><strong>aliud</strong></span> <span class='ocrx_word' id='word_1_982' title='bbox 1103 5159 1213 5230; x_wconf 79' lang='lat' dir='ltr'><strong>privatis</strong></span> <span class='ocrx_word' id='word_1_983' title='bbox 1236 5157 1416 5214; x_wconf 89' lang='lat' dir='ltr'><strong>contractibus</strong></span> <span class='ocrx_word' id='word_1_984' title='bbox 1434 5163 1461 5212; x_wconf 94' lang='grc' dir='ltr'>θῖ</span> <span class='ocrx_word' id='word_1_985' title='bbox 1481 5157 1650 5226; x_wconf 85' lang='lat' dir='ltr'><strong>pactionibus</strong></span> <span class='ocrx_word' id='word_1_986' title='bbox 1666 5175 1720 5214; x_wconf 93' lang='lat' dir='ltr'><strong>non</strong></span> <span class='ocrx_word' id='word_1_987' title='bbox 1741 5159 1770 5214; x_wconf 88' lang='lat' dir='ltr'><strong>ta</strong></span> <span class='ocrx_word' id='word_1_988' title='bbox 1787 5161 1821 5216; x_wconf 89' lang='lat' dir='ltr'><strong>&#39;e</strong></span> <span class='ocrx_word' id='word_1_989' title='bbox 1838 5161 1905 5218; x_wconf 86' lang='lat' dir='ltr'><strong>scira</strong></span> 
     </span>
     <span class='ocr_line' id='line_1_71' title="bbox 254 5225 1906 5298; baseline 0.003 -20"><span class='ocrx_word' id='word_1_990' title='bbox 254 5241 295 5278; x_wconf 87' lang='lat' dir='ltr'><strong>ma</strong></span> <span class='ocrx_word' id='word_1_991' title='bbox 314 5227 336 5282; x_wconf 83' lang='lat' dir='ltr'><strong>’s</strong></span> <span class='ocrx_word' id='word_1_992' title='bbox 358 5229 512 5298; x_wconf 79' lang='lat' dir='ltr'><strong>stiprdatur:</strong></span> <span class='ocrx_word' id='word_1_993' title='bbox 538 5227 610 5282; x_wconf 86' lang='lat' dir='ltr'><strong>aliud</strong></span> <span class='ocrx_word' id='word_1_994' title='bbox 632 5233 673 5282; x_wconf 89' lang='lat' dir='ltr'><strong>est</strong></span> <span class='ocrx_word' id='word_1_995' title='bbox 695 5227 765 5284; x_wconf 90' lang='lat' dir='ltr'><strong>euim</strong></span> <span class='ocrx_word' id='word_1_996' title='bbox 785 5227 849 5294; x_wconf 90' lang='lat' dir='ltr'><strong>iter,</strong></span> <span class='ocrx_word' id='word_1_997' title='bbox 872 5227 945 5282; x_wconf 91' lang='lat' dir='ltr'><strong>aliud</strong></span> <span class='ocrx_word' id='word_1_998' title='bbox 968 5235 1053 5284; x_wconf 89' lang='lat' dir='ltr'><strong>actus.</strong></span> <span class='ocrx_word' id='word_1_999' title='bbox 1125 5229 1203 5284; x_wconf 88' lang='lat' dir='ltr'><strong>etitor</strong></span> <span class='ocrx_word' id='word_1_1000' title='bbox 1225 5231 1326 5296; x_wconf 90' lang='lat' dir='ltr'><strong>potest,</strong></span> <span class='ocrx_word' id='word_1_1001' title='bbox 1350 5225 1413 5296; x_wconf 91' lang='lat' dir='ltr'><strong>quid</strong></span> <span class='ocrx_word' id='word_1_1002' title='bbox 1435 5225 1504 5278; x_wconf 90' lang='lat' dir='ltr'><strong>inter</strong></span> <span class='ocrx_word' id='word_1_1003' title='bbox 1525 5241 1586 5280; x_wconf 90' lang='lat' dir='ltr'><strong>eum</strong></span> <span class='ocrx_word' id='word_1_1004' title='bbox 1608 5227 1653 5296; x_wconf 83' lang='lat' dir='ltr'><strong>qui</strong></span> <span class='ocrx_word' id='word_1_1005' title='bbox 1670 5227 1803 5298; x_wconf 87' lang='lat' dir='ltr'><strong>delegatus</strong></span> <span class='ocrx_word' id='word_1_1006' title='bbox 1822 5233 1863 5284; x_wconf 90' lang='lat' dir='ltr'><strong>est</strong></span> <span class='ocrx_word' id='word_1_1007' title='bbox 1879 5235 1906 5284; x_wconf 90' lang='lat' dir='ltr'><strong>et</strong></span> 
     </span>
     <span class='ocr_line' id='line_1_72' title="bbox 308 5245 1906 5372; baseline -0.003 -18"><span class='ocrx_word' id='word_1_1008' title='bbox 308 5293 326 5354; x_wconf 92' lang='lat'>0</span> <span class='ocrx_word' id='word_1_1009' title='bbox 344 5297 462 5352; x_wconf 79' lang='lat' dir='ltr'><strong>Parnes</strong></span> <span class='ocrx_word' id='word_1_1010' title='bbox 478 5295 544 5352; x_wconf 82' lang='lat' dir='ltr'><strong>titre</strong></span> <span class='ocrx_word' id='word_1_1011' title='bbox 562 5295 700 5350; x_wconf 81' lang='lat' dir='ltr'><strong>andecimo</strong></span> <span class='ocrx_word' id='word_1_1012' title='bbox 715 5297 753 5350; x_wconf 85' lang='lat' dir='ltr'><strong>aet</strong></span> <span class='ocrx_word' id='word_1_1013' title='bbox 763 5293 894 5350; x_wconf 82' lang='lat' dir='ltr'><strong>Sabinam</strong></span> <span class='ocrx_word' id='word_1_1014' title='bbox 920 5295 969 5352; x_wconf 83' lang='lat' dir='ltr'><strong>Oui</strong></span> <span class='ocrx_word' id='word_1_1015' title='bbox 983 5305 1055 5352; x_wconf 90' lang='lat' dir='ltr'><strong>recte</strong></span> <span class='ocrx_word' id='word_1_1016' title='bbox 1104 5245 1251 5350; x_wconf 68' lang='lat' dir='ltr'><strong>iabitorem</strong></span> <span class='ocrx_word' id='word_1_1017' title='bbox 1266 5299 1357 5348; x_wconf 90' lang='lat' dir='ltr'><strong>aetum</strong></span> <span class='ocrx_word' id='word_1_1018' title='bbox 1374 5297 1416 5348; x_wconf 90' lang='lat' dir='ltr'><strong>est</strong></span> <span class='ocrx_word' id='word_1_1019' title='bbox 1433 5299 1491 5372; x_wconf 72' lang='lat' dir='ltr'><strong>eut,</strong></span> <span class='ocrx_word' id='word_1_1020' title='bbox 1514 5293 1617 5350; x_wconf 87' lang='lat' dir='ltr'><strong>etiamsi</strong></span> <span class='ocrx_word' id='word_1_1021' title='bbox 1639 5295 1718 5362; x_wconf 90' lang='lat' dir='ltr'><strong>sciat,</strong></span> <span class='ocrx_word' id='word_1_1022' title='bbox 1741 5297 1906 5350; x_wconf 88' lang='lat' dir='ltr'><strong>dissimulare</strong></span> 
     </span>
     <span class='ocr_line' id='line_1_73' title="bbox 255 5359 1906 5434; baseline 0.002 -21"><span class='ocrx_word' id='word_1_1023' title='bbox 255 5361 375 5430; x_wconf 80' lang='lat' dir='ltr'><strong>soluimr,</strong></span> <span class='ocrx_word' id='word_1_1024' title='bbox 391 5365 414 5418; x_wconf 86' lang='lat' dir='ltr'><strong>is</strong></span> <span class='ocrx_word' id='word_1_1025' title='bbox 432 5365 510 5420; x_wconf 90' lang='lat' dir='ltr'><strong>etiam</strong></span> <span class='ocrx_word' id='word_1_1026' title='bbox 528 5379 625 5420; x_wconf 81' lang='lat' dir='ltr'><strong>norme</strong></span> <span class='ocrx_word' id='word_1_1027' title='bbox 642 5367 741 5434; x_wconf 89' lang='lat' dir='ltr'><strong>potest,</strong></span> <span class='ocrx_word' id='word_1_1028' title='bbox 759 5371 870 5432; x_wconf 89' lang='lat' dir='ltr'><strong>excepto</strong></span> <span class='ocrx_word' id='word_1_1029' title='bbox 889 5379 933 5428; x_wconf 90' lang='lat' dir='ltr'><strong>eo,</strong></span> <span class='ocrx_word' id='word_1_1030' title='bbox 952 5365 975 5420; x_wconf 88' lang='lat' dir='ltr'><strong>si</strong></span> <span class='ocrx_word' id='word_1_1031' title='bbox 991 5365 1055 5418; x_wconf 88' lang='lat' dir='ltr'><strong>mihi</strong></span> <span class='ocrx_word' id='word_1_1032' title='bbox 1105 5363 1197 5428; x_wconf 91' lang='lat' dir='ltr'><strong>debet,</strong></span> <span class='ocrx_word' id='word_1_1033' title='bbox 1220 5377 1254 5416; x_wconf 93' lang='lat' dir='ltr'><strong>ne</strong></span> <span class='ocrx_word' id='word_1_1034' title='bbox 1276 5359 1554 5416; x_wconf 81' lang='lat' dir='ltr'><strong>curiosusrrdeaturr</strong></span> <span class='ocrx_word' id='word_1_1035' title='bbox 1583 5367 1609 5418; x_wconf 94' lang='grc' dir='ltr'>θῖ</span> <span class='ocrx_word' id='word_1_1036' title='bbox 1630 5363 1689 5418; x_wconf 92' lang='lat' dir='ltr'><strong>ideo</strong></span> <span class='ocrx_word' id='word_1_1037' title='bbox 1712 5363 1804 5418; x_wconf 87' lang='lat' dir='ltr'><strong>merito</strong></span> <span class='ocrx_word' id='word_1_1038' title='bbox 1826 5363 1906 5418; x_wconf 91' lang='lat' dir='ltr'><strong>dene-</strong></span> 
     </span>
     <span class='ocr_line' id='line_1_74' title="bbox 254 5429 1906 5502; baseline 0 -20"><span class='ocrx_word' id='word_1_1039' title='bbox 254 5435 300 5482; x_wconf 82' lang='lat' dir='ltr'><strong>aut</strong></span> <span class='ocrx_word' id='word_1_1040' title='bbox 316 5431 387 5486; x_wconf 87' lang='lat' dir='ltr'><strong>Titio</strong></span> <span class='ocrx_word' id='word_1_1041' title='bbox 404 5433 546 5500; x_wconf 89' lang='lat' dir='ltr'><strong>stipulatus</strong></span> <span class='ocrx_word' id='word_1_1042' title='bbox 563 5431 624 5488; x_wconf 88' lang='lat' dir='ltr'><strong>sim:</strong></span> <span class='ocrx_word' id='word_1_1043' title='bbox 643 5447 705 5486; x_wconf 89' lang='lat' dir='ltr'><strong>uam</strong></span> <span class='ocrx_word' id='word_1_1044' title='bbox 718 5431 804 5486; x_wconf 84' lang='lat' dir='ltr'><strong>Titius</strong></span> <span class='ocrx_word' id='word_1_1045' title='bbox 821 5447 919 5486; x_wconf 86' lang='lat' dir='ltr'><strong>novare</strong></span> <span class='ocrx_word' id='word_1_1046' title='bbox 934 5449 989 5486; x_wconf 88' lang='lat' dir='ltr'><strong>uon</strong></span> <span class='ocrx_word' id='word_1_1047' title='bbox 1005 5449 1054 5502; x_wconf 91' lang='lat' dir='ltr'><strong>po·</strong></span> <span class='ocrx_word' id='word_1_1048' title='bbox 1104 5431 1220 5500; x_wconf 90' lang='lat' dir='ltr'><strong>gaudum</strong></span> <span class='ocrx_word' id='word_1_1049' title='bbox 1242 5433 1283 5484; x_wconf 88' lang='lat' dir='ltr'><strong>est</strong></span> <span class='ocrx_word' id='word_1_1050' title='bbox 1304 5429 1430 5482; x_wconf 83' lang='lat' dir='ltr'><strong>adversus</strong></span> <span class='ocrx_word' id='word_1_1051' title='bbox 1452 5443 1512 5482; x_wconf 90' lang='lat' dir='ltr'><strong>enm</strong></span> <span class='ocrx_word' id='word_1_1052' title='bbox 1535 5431 1716 5500; x_wconf 88' lang='lat' dir='ltr'><strong>exceptionem</strong></span> <span class='ocrx_word' id='word_1_1053' title='bbox 1737 5445 1771 5482; x_wconf 89' lang='lat' dir='ltr'><strong>ex</strong></span> <span class='ocrx_word' id='word_1_1054' title='bbox 1791 5445 1906 5500; x_wconf 87' lang='lat' dir='ltr'><strong>persona</strong></span> 
     </span>
     <span class='ocr_line' id='line_1_75' title="bbox 254 5497 1241 5560; baseline 0 -12"><span class='ocrx_word' id='word_1_1055' title='bbox 254 5499 312 5560; x_wconf 91' lang='lat' dir='ltr'><strong>test,</strong></span> <span class='ocrx_word' id='word_1_1056' title='bbox 329 5497 393 5554; x_wconf 89' lang='lat' dir='ltr'><strong>iicet</strong></span> <span class='ocrx_word' id='word_1_1057' title='bbox 410 5505 482 5554; x_wconf 86' lang='lat' dir='ltr'><strong>recte</strong></span> <span class='ocrx_word' id='word_1_1058' title='bbox 498 5501 523 5554; x_wconf 92' lang='lat' dir='ltr'><strong>ei</strong></span> <span class='ocrx_word' id='word_1_1059' title='bbox 539 5499 658 5556; x_wconf 70' lang='lat' dir='ltr'><strong>solatur.</strong></span> <span class='ocrx_word' id='word_1_1060' title='bbox 1105 5497 1241 5552; x_wconf 89' lang='lat' dir='ltr'><strong>debitoris.</strong></span> 
     </span>
     <span class='ocr_line' id='line_1_76' title="bbox 289 5559 1906 5638; baseline -0.004 -18"><span class='ocrx_word' id='word_1_1061' title='bbox 289 5563 323 5622; x_wconf 94' lang='grc'><strong>11</strong></span> <span class='ocrx_word' id='word_1_1062' title='bbox 350 5565 494 5622; x_wconf 75' lang='lat' dir='ltr'><strong>dicernens</strong></span> <span class='ocrx_word' id='word_1_1063' title='bbox 512 5569 579 5624; x_wconf 79' lang='lat' dir='ltr'><strong>titre</strong></span> <span class='ocrx_word' id='word_1_1064' title='bbox 597 5569 738 5624; x_wconf 80' lang='lat' dir='ltr'><strong>vicensimo</strong></span> <span class='ocrx_word' id='word_1_1065' title='bbox 755 5567 866 5638; x_wconf 82' lang='lat' dir='ltr'><strong>septimo</strong></span> <span class='ocrx_word' id='word_1_1066' title='bbox 888 5565 926 5620; x_wconf 83' lang='lat' dir='ltr'><strong>ed</strong></span> <span class='ocrx_word' id='word_1_1067' title='bbox 941 5567 1055 5622; x_wconf 78' lang='lat' dir='ltr'><strong>edictum</strong></span> <span class='ocrx_word' id='word_1_1068' title='bbox 1139 5561 1179 5622; x_wconf 80' lang='lat'><strong>20</strong></span> <span class='ocrx_word' id='word_1_1069' title='bbox 1197 5563 1276 5618; x_wconf 81' lang='grc'>111111</span> <span class='ocrx_word' id='word_1_1070' title='bbox 1291 5563 1358 5620; x_wconf 83' lang='lat' dir='ltr'><strong>libre</strong></span> <span class='ocrx_word' id='word_1_1071' title='bbox 1375 5563 1590 5632; x_wconf 82' lang='lat' dir='ltr'><strong>scpteeqeesimo</strong></span> <span class='ocrx_word' id='word_1_1072' title='bbox 1606 5561 1722 5616; x_wconf 83' lang='lat' dir='ltr'><strong>serendo</strong></span> <span class='ocrx_word' id='word_1_1073' title='bbox 1739 5559 1906 5614; x_wconf 78' lang='lat' dir='ltr'><strong>edacitatem</strong></span> 
     </span>
     <span class='ocr_line' id='line_1_77' title="bbox 254 5627 1906 5704; baseline -0.005 -18"><span class='ocrx_word' id='word_1_1074' title='bbox 254 5627 381 5704; x_wconf 84' lang='lat' dir='ltr'><strong>Delegare</strong></span> <span class='ocrx_word' id='word_1_1075' title='bbox 398 5641 440 5692; x_wconf 86' lang='lat' dir='ltr'><strong>est</strong></span> <span class='ocrx_word' id='word_1_1076' title='bbox 456 5635 513 5692; x_wconf 86' lang='lat' dir='ltr'><strong>rice</strong></span> <span class='ocrx_word' id='word_1_1077' title='bbox 530 5651 578 5692; x_wconf 89' lang='lat' dir='ltr'><strong>sua</strong></span> <span class='ocrx_word' id='word_1_1078' title='bbox 596 5635 677 5692; x_wconf 83' lang='grc'>111111</span> <span class='ocrx_word' id='word_1_1079' title='bbox 693 5651 767 5690; x_wconf 91' lang='lat' dir='ltr'><strong>reum</strong></span> <span class='ocrx_word' id='word_1_1080' title='bbox 791 5635 855 5690; x_wconf 90' lang='lat' dir='ltr'><strong>dare</strong></span> <span class='ocrx_word' id='word_1_1081' title='bbox 872 5633 997 5688; x_wconf 88' lang='lat' dir='ltr'><strong>creditori</strong></span> <span class='ocrx_word' id='word_1_1082' title='bbox 1014 5635 1055 5688; x_wconf 85' lang='lat' dir='ltr'><strong>rel</strong></span> <span class='ocrx_word' id='word_1_1083' title='bbox 1104 5631 1131 5686; x_wconf 87' lang='lat' dir='ltr'>N</span> <span class='ocrx_word' id='word_1_1084' title='bbox 1133 5647 1211 5686; x_wconf 87' lang='lat' dir='ltr'><strong>orare</strong></span> <span class='ocrx_word' id='word_1_1085' title='bbox 1223 5647 1365 5702; x_wconf 86' lang='lat' dir='ltr'><strong>possumus</strong></span> <span class='ocrx_word' id='word_1_1086' title='bbox 1379 5635 1426 5684; x_wconf 90' lang='lat' dir='ltr'><strong>aut</strong></span> <span class='ocrx_word' id='word_1_1087' title='bbox 1439 5629 1497 5700; x_wconf 87' lang='lat' dir='ltr'><strong>ipsi,</strong></span> <span class='ocrx_word' id='word_1_1088' title='bbox 1514 5629 1538 5684; x_wconf 79' lang='lat' dir='ltr'><strong>ri</strong></span> <span class='ocrx_word' id='word_1_1089' title='bbox 1550 5629 1592 5684; x_wconf 90' lang='lat' dir='ltr'><strong>sui</strong></span> <span class='ocrx_word' id='word_1_1090' title='bbox 1604 5629 1670 5682; x_wconf 89' lang='lat' dir='ltr'><strong>iuris</strong></span> <span class='ocrx_word' id='word_1_1091' title='bbox 1683 5639 1781 5690; x_wconf 84' lang='lat' dir='ltr'><strong>sumne,</strong></span> <span class='ocrx_word' id='word_1_1092' title='bbox 1799 5629 1847 5678; x_wconf 88' lang='lat' dir='ltr'><strong>aut</strong></span> <span class='ocrx_word' id='word_1_1093' title='bbox 1857 5639 1906 5692; x_wconf 89' lang='lat' dir='ltr'><strong>per</strong></span> 
     </span>
    </p>
   </div>
   <div class='ocr_carea' id='block_1_3' title="bbox 259 5735 1902 5762">
    <p class='ocr_par' dir='ltr' id='par_1_3' title="bbox 259 5735 1902 5762">
     <span class='ocr_line' id='line_1_78' title="bbox 259 5735 1902 5762; baseline -0.009 -1"><span class='ocrx_word' id='word_1_1094' title='bbox 259 5735 1902 5762; x_wconf 39' lang='lat' dir='ltr'><strong>*ffl</strong></span> 
     </span>
    </p>
   </div>
   <div class='ocr_carea' id='block_1_4' title="bbox 251 5785 1808 5920">
    <p class='ocr_par' dir='ltr' id='par_1_4' title="bbox 251 5785 1808 5920">
     <span class='ocr_line' id='line_1_79' title="bbox 251 5785 1808 5920; baseline -0.013 -53"><span class='ocrx_word' id='word_1_1095' title='bbox 251 5803 281 5872; x_wconf 77' lang='lat' dir='ltr'><strong>ill</strong></span> <span class='ocrx_word' id='word_1_1096' title='bbox 299 5807 381 5858; x_wconf 86' lang='lat' dir='ltr'><strong>statim</strong></span> <span class='ocrx_word' id='word_1_1097' title='bbox 391 5809 439 5862; x_wconf 83' lang='lat' dir='ltr'><strong>det</strong></span> <span class='ocrx_word' id='word_1_1098' title='bbox 505 5809 538 5872; x_wconf 76' lang='lat' dir='ltr'><strong>tt]</strong></span> <span class='ocrx_word' id='word_1_1099' title='bbox 555 5807 631 5860; x_wconf 81' lang='lat' dir='ltr'><strong>ieter.</strong></span> <span class='ocrx_word' id='word_1_1100' title='bbox 701 5811 732 5872; x_wconf 78' lang='lat' dir='ltr'><strong>(a)</strong></span> <span class='ocrx_word' id='word_1_1101' title='bbox 750 5803 932 5858; x_wconf 73' lang='lat' dir='ltr'><strong>condicionali</strong></span> <span class='ocrx_word' id='word_1_1102' title='bbox 993 5805 1025 5868; x_wconf 80' lang='lat'><strong>(4)</strong></span> <span class='ocrx_word' id='word_1_1103' title='bbox 1043 5801 1207 5854; x_wconf 76' lang='lat' dir='ltr'><strong>nondumne.</strong></span> <span class='ocrx_word' id='word_1_1104' title='bbox 1277 5803 1311 5870; x_wconf 82' lang='grc'><strong>(1)</strong></span> <span class='ocrx_word' id='word_1_1105' title='bbox 1328 5801 1403 5872; x_wconf 69' lang='lat' dir='ltr'><strong>ch.</strong></span> <span class='ocrx_word' id='word_1_1106' title='bbox 1414 5803 1454 5866; x_wconf 86' lang='grc'><strong>16,</strong></span> <span class='ocrx_word' id='word_1_1107' title='bbox 1463 5809 1549 5864; x_wconf 65' lang='lat' dir='ltr'><strong>atat</strong></span> <span class='ocrx_word' id='word_1_1108' title='bbox 1618 5791 1652 5860; x_wconf 83' lang='grc'><strong>(6)</strong></span> <span class='ocrx_word' id='word_1_1109' title='bbox 1668 5785 1808 5920; x_wconf 47' lang='lat' dir='ltr'><strong>adelfled*</strong></span> 
     </span>
    </p>
   </div>
   <div class='ocr_carea' id='block_1_5' title="bbox 0 0 2195 6258">
    <p class='ocr_par' dir='ltr' id='par_1_5' title="bbox 0 0 2195 6258">
     <span class='ocr_line' id='line_1_80' title="bbox 0 0 2195 6258; baseline 0 0"><span class='ocrx_word' id='word_1_1110' title='bbox 0 0 2195 6258; x_wconf 95' lang='lat' dir='ltr'><strong> </strong></span> 
     </span>
    </p>
   </div>
  </div>
 </body>
</html>
