4366 6258
254 367 292 414 ur
313 363 575 416 sinnrconnnssm'
1785 349 1911 412 XXXII

976 451 1032 458 m
1047 349 1110 418 ιιι

256 537 387 606 Pamphili,
406 543 436 590 ut
452 545 558 592 centum
575 541 739 594 restitueret:
758 541 806 596 sed
824 559 884 596 cum
897 545 1054 596 sententiam
1105 553 1166 592 cnm
1183 539 1316 604 omnibus,
1339 541 1623 608 quaestionariam
1643 535 1782 616 mancipiis
1804 535 1911 588 rusticis

256 607 399 664 defunctis
416 607 511 662 liberto
530 607 616 678 decipi
639 607 705 664 satis
722 607 896 664 inhumanum
917 613 969 676 est,
992 625 1054 664 cen-
1104 603 1146 658 vel
1163 605 1272 658 urbanis
1291 611 1317 658 et
1334 607 1469 662 accontus
1487 609 1605 678 exceptis
1617 619 1794 682 manumissis.
1830 617 1910 682 quac-

256 673 346 732 tnmei
366 673 472 728 relictos
493 673 555 730 filiis
575 675 714 730 testatoris
736 677 831 732 debere
853 677 969 744 restitui,
992 677 1055 744 quia
1105 671 1185 724 situm
1202 679 1250 738 est,
1273 689 1334 726 cum
1350 673 1419 730 Eros
1443 681 1470 728 et
1486 675 1594 730 Stichus
1615 673 1684 732 servi
1705 671 1734 726 in
1757 671 1826 724 mem
1841 675 1911 724 utae

256 741 375 802 insimili
396 741 483 810 specie
505 747 531 796 et
551 743 698 814 imperator
719 751 809 800 noster
831 743 906 798 diuis
926 745 1053 798 Marcus¹
1104 739 1240 794 testatoris
1262 739 1291 792 in
1308 739 1416 794 Umbria
1436 743 1464 794 in
1481 741 1578 798 Piceno
1601 749 1689 798 actum
1711 739 1911 796 administrave-

261 823 267 868 ι
299 811 350 864 ιιι
367 809 512 862 ιιιιιιιιιι.
546 809 718 878 Propositum
735 817 776 866 est
792 829 846 866 non
863 811 1005 866 habentem
1021 811 1053 864 li-
1104 805 1165 872 rint,
1183 805 1237 860 sint
1254 811 1343 860 autem
1359 807 1467 874 Damae,
1491 823 1568 874 quem
1585 817 1698 864 testator
1720 807 1794 862 rivus
1817 819 1911 858 manu-

257 883 327 936 beros
347 891 395 930 nec
417 883 543 946 cognatos
564 877 593 930 in
614 877 765 934 discrimine
789 879 858 932 vitae
881 879 1053 932 constitutum
1103 873 1220 952 miserat,
1237 871 1286 926 filii
1303 873 1446 940 naturales,
1463 879 1553 928 utrum
1569 877 1653 930 eidem
1670 877 1772 932 Damae
1782 889 1816 928 cx
1823 871 1911 928 serbis

257 965 299 1018 per
314 943 491 1000 infirmitatem
506 943 641 1000 arcessitis
660 947 751 1000 andeis
763 945 1053 1000 (laioSeiocontuber-
1105 939 1220 996 codrcrlh
1242 941 1277 996 ab
1298 941 1440 994 heredibus
1460 943 1614 1008 praestandi
1647 945 1712 1010 sint,
1734 959 1770 996 an
1792 957 1855 998 sero
1877 939 1911 994 ad

257 1015 305 1072 nali
322 1011 429 1078 dixisse,
452 1013 523 1078 quod
539 1013 618 1066 vellet
639 1013 664 1066 ei
685 1015 834 1080 relinquere
854 1013 964 1080 praedia
986 1027 1055 1080 quae
1106 1009 1193 1064 Seiam
1209 1023 1320 1062 uxorem
1341 1023 1374 1062 ex
1396 1009 1483 1062 verbis
1507 1009 1636 1076 epistulae
1656 1011 1815 1080 pertineant.
1855 1025 1911 1064 res-

257 1081 417 1144 nominasset,
434 1095 518 1148 eaque
535 1079 606 1134 dicta
623 1079 651 1132 in
668 1081 837 1134 testationem
855 1079 951 1132 Gaium
965 1079 1055 1134 Seium
1105 1075 1199 1144 pandit
1215 1089 1248 1128 ιι
1266 1075 1394 1130 codicillis
1412 1075 1446 1128 sd
1462 1081 1566 1144 patrem
1582 1091 1628 1130 eos
1644 1079 1794 1132 naturalem
1804 1077 1911 1148 pietatis

257 1147 380 1216 redegisse
397 1147 476 1200 etism
492 1147 551 1216 ipso
569 1153 697 1200 testatore
714 1147 888 1216 interrogato,
911 1163 947 1200 an
965 1163 996 1200 ea
1015 1147 1053 1200 di·
1106 1149 1120 1198 3
1154 1141 1252 1198 interitu
1269 1143 1410 1210 pertinere.
1438 1141 1602 1198 Felicissimo
1615 1148 1642 1196 et
1652 1143 1840 1212 Felicissimae,
1853 1145 1911 1212 qui-

257 1219 337 1282 ιιιιιι
356 1219 383 1268 ιι
399 1231 526 1282 responso
545 1213 669 1270 mastali
689 1213 821 1282 μιιιιιιι2
837 1215 949 1268 inserto:
973 1229 1053 1282 quae·
1105 1213 1155 1266 bus
1172 1211 1322 1264 libertatem
1343 1209 1463 1276 dederat,
1485 1207 1596 1264 mudum
1613 1207 1794 1288 (iargilianunr
1816 1213 1912 1282 legarit

258 1287 384 1348 ιιιιιιιιι,
403 1297 438 1336 ιι
446 1281 562 1350 praedia,
572 1297 641 1350 quae
650 1281 798 1336 destinata³
815 1285 912 1348 essent,
930 1297 1055 1336 excausa
1106 1295 1166 1332 cum
1184 1293 1261 1346 casa,
1283 1283 1311 1332 et
1328 1279 1380 1332 alio
1398 1279 1484 1348 capite
1502 1275 1572 1332 Titio
1590 1277 1657 1344 fibo,
1680 1293 1758 1344 quem
1779 1297 1813 1334 ex
1833 1285 1910 1350 parte

257 1349 442 1408 fideicommissi
458 1351 493 1404 ad
512 1349 608 1404 Gaium
620 1349 710 1404 Seium
719 1349 889 1418 pertinerent.
917 1347 1056 1416 respondit
1105 1351 1200 1414 quarta
1209 1345 1333 1400 heredem
1341 1345 1394 1400 scri
1413 1345 1911 1414 serat,praelegaveratinhaecverba:

257 1435 329 1486 super
346 1417 396 1472 hoc
413 1435 462 1472 nec
481 1417 654 1472 dubitandum
668 1433 733 1484 esse,
752 1417 815 1486 quin
824 1415 1055 1472 fideicommisum
1106 1415 1168 1468 ‘Titi
1184 1413 1234 1480 fili,
1258 1413 1310 1468 hoc
1328 1363 1439 1482 ampFus
1461 1411 1596 1468 demedio
1614 1411 1710 1468 sumito
1734 1413 1822 1480 legata
1844 1429 1911 1480 mea,

257 1495 270 1542 l
300 1485 375 1540 valet.
409 1485 570 1540 Duasfifias
588 1483 680 1552 aequis
697 1485 868 1552 expertibus
885 1483 996 1540 heredes
1015 1483 1054 1538 ie·
1106 1481 1269 1548 ‘quaemihi
1292 1487 1347 1534 tam
1364 1487 1440 1550 pater
1464 1485 1527 1534 tuus
1550 1479 1681 1534 Praesens
1704 1495 1784 1546 quam
1807 1483 1911 1536 Coelius

257 1559 333 1610 cerat:
352 1553 429 1606 alteri
445 1553 557 1606 fundum
573 1553 772 1620 praelegaverat
789 1557 816 1606 et
833 1553 867 1606 ab
886 1567 918 1606 ea
931 1553 1053 1620 petierat,
1106 1549 1204 1606 ‘iustus
1232 1549 1316 1602 frater
1343 1549 1426 1616 patris
1456 1547 1638 1616 reliquerunt.
1688 1547 1838 1614 quaesitum
1863 1555 1911 1614 est,

257 1627 282 1676 ot
298 1621 381 1674 sorori
398 1635 462 1674 suae
479 1621 571 1688 viginti
589 1621 676 1674 daret:
695 1621 729 1672 ab
748 1619 840 1672 eadem
856 1619 911 1672 filia
926 1621 1001 1688 petit,
1024 1625 1055 1672 ut

257 1693 350 1760 partem
368 1687 501 1740 dimidiam
518 1687 593 1742 fundi
602 1687 687 1742 eidem
698 1687 783 1742 sorori
791 1687 954 1746 restitueret:
973 1703 1053 1756 quae-

257 1759 328 1812 situm
349 1761 401 1822 est,
423 1771 458 1808 an
479 1753 570 1822 viginti
592 1755 724 1824 praestari
745 1771 799 1810 non
823 1755 957 1810 deberent.
997 1771 1054 1810 res-

257 1825 330 1894 pondi
346 1839 400 1876 non
416 1837 476 1878 esse
492 1823 663 1890 praestanda.

285 1889 321 1948 40
338 1893 417 1944 inan
436 1891 503 1946 libro
530 1891 652 1946 circumc
669 1893 761 1962 primo
787 1891 951 1960 dipcstoram
989 1889 1056 1944 Post

257 1957 483 2028 emancipationem
499 1957 583 2028 patris
601 1963 726 2026 suscepta
744 1975 760 2012 a
777 1965 874 2026 patruo
891 1963 922 2012 ut
938 1957 1055 2026 legitimo

257 2027 343 2082 herede
360 2027 480 2094 petierat,
503 2031 534 2080 ut
554 2031 657 2094 partem
674 2025 829 2080 hereditatis
851 2027 983 2080 avunculo
1005 2041 1055 2080 suo

257 2097 323 2150 daret
339 2101 366 2148 et
382 2109 459 2162 agros
478 2095 558 2150 duos:
576 2095 612 2148 ad
620 2101 761 2164 utrumque
770 2099 858 2148 autem
867 2101 898 2148 ut
907 2093 1055 2162 proximum

257 2167 388 2230 cognatum
406 2163 539 2218 successio
558 2161 616 2216 eius
633 2161 762 2230 pertinuit
777 2179 826 2230 per
843 2163 975 2218 bonorum
992 2179 1054 2230 pos-

257 2231 399 2288 sessionem.
436 2231 585 2298 quaesitum
602 2237 654 2296 ιιι,
678 2245 738 2284 cum
754 2229 783 2284 in
803 2237 882 2300 parte
899 2229 1054 2284 hereditatis

257 2299 476 2354 fideicommissum
497 2313 552 2352 non
573 2299 732 2364 constiterit,
756 2313 835 2366 quam
856 2315 906 2354 suo
926 2299 985 2352 iure
1007 2315 1055 2368 per

256 2369 376 2420 bonorum
392 2367 590 2434 possessionem
611 2365 758 2422 avunculus
779 2365 922 2420 habiturus
944 2371 996 2434 ιιι,
1019 2383 1055 2420 an

257 2433 328 2488 nihilo
346 2435 432 2488 minus
449 2435 477 2488 iu
494 2439 598 2502 partem
614 2449 738 2502 agrorum
756 2435 895 2500 consistat,
918 2439 949 2488 ut
967 2435 1054 2488 Titius

256 2507 336 2570 partes
354 2517 478 2570 agrorum
495 2503 575 2582 duas,
588 2503 617 2554 id
635 2507 675 2556 est
696 2517 783 2570 unam,
806 2505 903 2570 quarn⁴
925 2519 974 2556 suo
995 2503 1053 2556 iure

256 2569 903 2704 ιιιιιιιιιιιιιιιιι
916 2585 1055 2706 irtam

256 2719 325 2824 rplesse
350 2709 447 2772 petere.
486 2703 558 2758 idem
583 2703 708 2772 quaesiit,
736 2705 759 2758 si
785 2707 819 2758 ab
842 2705 934 2760 eodem
956 2711 1053 2774 patruo

272 2769 476 2826 deiccmmissum
494 2773 552 2826 aliis
571 2787 676 2841 quoqne
693 2771 806 2840 dederit,
829 2779 919 2826 atrum
939 2773 969 2826 in
991 2773 1053 2828 soli-

257 2839 311 2890 dum
325 2853 360 2892 an
376 2853 443 2896 vero,
455 2855 505 2908 pro
523 2845 600 2908 parte
618 2840 652 2895 ab
670 2857 701 2896 eo
719 2841 880 2908 praestanda
901 2841 963 2896 sint.
997 2857 1054 2896 res·

259 2913 267 2958 l
299 2905 389 2972 pondit
404 2905 434 2960 in
452 2905 566 2962 solidum
582 2907 723 2976 praestari.
759 2907 846 2962 Seiam
863 2925 897 2964 ex
914 2907 1054 2974 dodrante,

256 2971 377 3028 Maesium
393 2989 427 3028 ex
449 2975 597 3042 quadrante
617 2975 732 3030 instituit
752 2975 875 3044 heredes,
898 2977 961 3030 fidei
978 2977 1055 3030 Seiae

257 3041 375 3094 commisit
390 3041 419 3094 in
437 3043 503 3094 haec
520 3043 613 3096 rerba:
634 3049 694 3096 ‘ate
712 3049 774 3112 peto
786 3049 901 3112 tuaeque
910 3043 972 3098 fidei
982 3061 1054 3098 com·

257 3107 341 3174 tnitto,
365 3109 492 3178 quidquid
509 3125 542 3164 ex
558 3109 705 3164 hereditate
722 3127 781 3164 mea
797 3111 832 3164 ad
852 3117 879 3166 te
896 3111 1053 3178 pervenerit,

258 3175 378 3230 marianas
395 3175 450 3230 filio
469 3181 516 3230 tuo
533 3177 644 3232 retentis
662 3177 712 3232 tibi
728 3177 813 3232 hortis
830 3179 912 3232 meis'.
949 3179 1054 3246 quaesi·

256 3249 371 3310 tumeat,
394 3259 455 3296 cum
471 3243 589 3310 generali
606 3245 693 3314 capite
714 3243 952 3300 fideicommisisset
974 3247 1054 3314 ‘quis-

257 3311 315 3378 ‘quis
330 3311 406 3364 heres
428 3313 507 3364 esset'
530 3311 562 3364 de
585 3311 719 3380 omnibus,
742 3319 773 3366 ut
794 3319 962 3380 praestarent
983 3313 1055 3382 quod

257 3379 341 3446 cuique
362 3379 477 3448 legasset
517 3379 631 3440 raestari
650 3379 741 3434 fierive
762 3379 896 3448 iussisset,
923 3397 970 3446 an,
993 3397 1054 3436 cum

256 3445 421 3516 dodrantem⁵¹
437 3447 500 3500 here
521 3445 591 3502 'tatis
617 3449 774 3514 restituerit,
802 3449 894 3502 hortos
917 3449 945 3502 in
967 3463 1055 3502 assem

256 3513 448 3568 dedicareSeia
466 3515 553 3568 debet.
588 3515 727 3580 respondit
744 3517 824 3570 etiam
837 3515 973 3570 coheredis
992 3515 1055 3568 fidei

257 3583 413 3636 commhsum
429 3581 519 3648 videri,
537 3585 569 3634 ut
577 3581 759 3652 quadrantem,
778 3599 856 3652 quem
867 3583 897 3634 in
913 3583 954 3638 his
968 3581 1053 3636 hortis

257 3649 363 3718 haberet,
382 3649 476 3704 ιιιιι6
493 3649 624 3704 redderet,

284 3717 318 3774 tl
337 3717 415 3772 Iners
430 3719 496 3772 libro
514 3717 637 3772 vicesimo
655 3717 945 3788 sccuadoclipestcrum
981 3717 1053 3770 Uxo-

258 3801 303 3838 rem
320 3793 346 3840 et
360 3785 445 3840 filium
462 3799 627 3838 communem
648 3785 760 3838 heredes
778 3783 894 3840 instituit
914 3789 940 3838 et
962 3785 1053 3838 uxoris

257 3853 309 3908 ιιιι
329 3853 458 3908 commisit
485 3853 513 3906 in
537 3853 605 3906 haec
629 3853 724 3906 rerba:
752 3855 822 3920 ‘pete
843 3865 860 3904 a
881 3857 921 3916 te,
947 3851 1054 3904 domina

258 3923 329 3988 ‘usca
347 3937 379 3976 ne
397 3937 430 3976 ex
446 3919 530 3976 fundo
549 3919 655 3976 iitiano
672 3925 777 3988 partem
792 3919 974 3984 tihirindices‚
994 3935 1054 3972 cum

258 3991 325 4044 ‘scias
345 4005 387 4042 me
407 3989 558 4044 universam
584 3987 743 4056 emptionem
767 3987 824 4042 eius
850 3985 926 4040 fundi
949 3985 1053 4052 iecisse,

257 4057 305 4112 ‘sed
320 4055 446 4110 beneficio
464 4057 612 4110 affectionis
630 4061 657 4110 et
674 4055 789 4122 pietatis,
807 4069 887 4136 quam
899 4053 948 4108 tibi
965 4053 1053 4120 debui,

257 4125 365 4180 ‘eandem
381 4123 546 4192 emptionem,
566 4139 626 4178 cum
643 4123 757 4176 nummis
773 4139 839 4176 mers
849 4135 1052 4188 comparassem,

257 4195 342 4246 ‘tecam
359 4193 604 4248 communicasse’⁷:
628 4189 777 4258 quaesitum
795 4195 843 4256 est,
862 4207 897 4244 an
914 4203 975 4242 enm
992 4187 1052 4240 lun-

257 4258 311 4314 dam
329 4259 357 4312 in
377 4261 492 4314 solidum
512 4257 561 4312 filii
582 4273 641 4312 esse
665 4257 786 4312 voluerit.
826 4255 963 4326 respondit
985 4273 1051 4320 eum,

257 4325 284 4382 de
299 4343 348 4396 quo
366 4333 549 4396 quaereretur,
570 4325 681 4394 perinde
702 4325 833 4378 rationem
854 4325 882 4378 in
904 4323 987 4378 fundo
1004 4325 1053 4378 ha·

257 4393 306 4448 beri
324 4395 438 4448 voluisse
459 4411 492 4448 ac
513 4393 536 4448 si
557 4393 696 4448 universus
718 4393 895 4448 hereditarius
917 4397 1000 4458 esset,
1023 4397 1054 4446 ut

257 4475 298 4528 pro
314 4461 419 4542 dimidia
435 4467 512 4530 parte
530 4465 557 4516 et
572 4477 642 4524 uror
659 4467 687 4516 et
702 4459 773 4514 filius
792 4465 933 4540 Ιιςιιιιιι
949 4459 1053 4540 heredi-

257 4531 541 4652 ιιιιιιι
557 4529 781 4664 haartutat
792 4547 977 4650 a
989 4525 1053 4650 ιι

257 4663 315 4718 ‘cedi
330 4665 397 4720 solo’
419 4671 447 4720 et
463 4665 516 4718 alio
539 4663 637 4732 capite:
662 4663 799 4718 ‘Fortunio
821 4663 918 4720 liberto
938 4679 997 4718 meo
1020 4681 1053 4718 ex

257 4731 335 4786 ‘domu
351 4747 417 4798 mea,
436 4749 515 4802 quarn
532 4731 635 4786 libertis
653 4731 721 4798 dedi,
740 4731 867 4798 diaetam,
888 4733 916 4786 in
935 4747 987 4800 qua
1004 4733 1053 4786 ha·

257 4799 383 4866 ‘bitabam‚
404 4801 468 4856 itam
490 4801 626 4854 cellarium
645 4799 766 4852 iunctum
786 4799 871 4852 eidem
892 4801 997 4854 diaetae
1018 4801 1052 4856 ab

257 4863 353 4922 ‘herede
368 4885 427 4922 meo
446 4867 556 4922 concedi
572 4867 650 4920 volo’.
686 4867 836 4936 quaesitum
853 4873 905 4934 est,
923 4883 959 4920 au
975 4867 1053 4922 heres

256 4935 379 4990 ιιιιιιοιιι
398 4941 524 4990 oneratus
540 4933 663 4990 rideatur
677 4935 706 4988 in
714 4933 875 5002 praestando
888 4933 975 5002 legato
985 4935 1052 4990 For-

255 5003 330 5068 tunio,
347 5003 464 5070 quamvis
482 5003 576 5056 domus
594 5003 717 5058 universa
728 5001 829 5058 libertis
848 5001 1052 5072 sitpraelegata.

256 5069 269 5116 ι
299 5071 432 5136 respondit
453 5087 507 5126 non
529 5087 589 5126 esse
611 5077 759 5126 oneratum.
800 5069 933 5126 (lodicillis
956 5071 1053 5126 confir·

255 5137 325 5190 matis
341 5137 379 5190 ita
396 5139 477 5192 cavit:
497 5137 628 5194 ‘omnibus
646 5145 735 5194 autem
746 5137 850 5194 libertis
866 5137 931 5194 meis
950 5143 1053 5208 etquos

256 5203 330 5258 ‘uuus
347 5209 374 5258 et
390 5221 457 5272 quos
474 5207 516 5260 his
530 5205 660 5262 codiciffis
677 5207 819 5262 manumisi
832 5207 873 5260 vel
889 5213 984 5276 postea
996 5225 1053 5264 ma·

1106 1631 1167 1670 curn
1187 1615 1286 1672 fundus
1305 1615 1346 1670 Ga
1378 1615 1472 1670 ''anus
1494 1615 1625 1670 testatrici
1642 1629 1659 1668 a
1674 1615 1771 1668 marito
1793 1615 1863 1682 eins,
1885 1615 1912 1668 id

1105 1689 1146 1738 est
1163 1689 1267 1754 apatre
1277 1683 1340 1738 Titii
1388 1681 1403 1696 '⁸
1414 1683 1536 1752 legatum
1553 1681 1595 1750 sit,
1613 1681 1657 1736 cui
1679 1681 1778 1736 fundus
1788 1697 1821 1736 ex
1832 1697 1912 1736 causa

1105 1751 1302 1806 fideicommissi
1319 1751 1455 1818 debeatur,
1473 1755 1563 1804 utrum
1580 1749 1650 1804 Titio
1673 1747 1729 1804 filio
1752 1755 1857 1804 tantum
1878 1765 1913 1804 an

1106 1819 1270 1874 Felicissimo
1288 1825 1315 1876 et
1332 1819 1512 1874 Felicissimae
1529 1833 1565 1870 an
1581 1819 1677 1874 tribus.
1711 1817 1914 1900 responditnon

1106 1901 1164 1942 esse
1184 1887 1325 1942 uerisimile
1346 1903 1416 1954 eam,
1438 1903 1506 1954 quae
1527 1885 1594 1940 nibil
1614 1885 1688 1940 alind
1703 1885 1869 1940 Felicissimo
1887 1891 1914 1940 et

1106 1953 1287 2010 Felicissimae
1308 1955 1360 2010 nisi
1379 1957 1446 2010 haec
1472 1969 1540 2024 quae
1565 1953 1716 2024 specialiter
1742 1953 1852 2022 legarit,
1879 1953 1914 2008 ad

1104 2023 1196 2090 filium,
1215 2023 1259 2078 cui
1276 2029 1303 2078 et
1319 2023 1474 2080 hereditatis
1492 2039 1557 2078 suae
1597 2029 1681 2078 artem
1697 2021 1818 2090 reliquit,
1841 2023 1912 2090 lega-

1106 2095 1123 2144 ι
1155 2095 1213 2144 urm
1229 2093 1347 2158 generali
1364 2107 1484 2146 sermone
1500 2039 1647 2170 mansitasse
1658 2091 1783 2146 voluisse.
1819 2089 1913 2170 Testa·

1105 2163 1193 2212 mento
1210 2173 1308 2226 pueros
1326 2161 1364 2214 ita
1376 2161 1521 2230 legaverat:
1541 2159 1644 2214 ‘Pubho
1654 2159 1760 2212 Macris
1778 2155 1913 2212 domrnrrlo

1107 2231 1172 2280 ‘mec
1190 2227 1224 2280 ab
1242 2227 1386 2284 heredibus
1403 2227 1467 2282 meis
1486 2227 1544 2282 dari
1560 2227 1620 2282 volo
1637 2243 1735 2320 pueros
1754 2227 1913 2294 qninqueex

1108 2293 1180 2350 ‘meis
1199 2293 1337 2350 dumtaxat
1353 2297 1425 2350 intra
1442 2311 1527 2350 annos
1536 2299 1636 2370 septem
1651 2317 1657 2350 ι
1676 2299 1831 2364 postannos
1842 2309 1913 2350 com-

1105 2363 1203 2432 plures,
1222 2379 1303 2430 quam
1320 2363 1383 2418 iecit
1395 2369 1590 2432 testamentum,
1607 2363 1729 2418 moritur.
1765 2361 1914 2430 quaesitum

1106 2437 1153 2500 est,
1168 2431 1244 2486 cuius
1253 2431 1348 2486 aetatis
1358 2431 1461 2486 Maeuio
1469 2431 1602 2500 mancipia
1617 2431 1772 2500 debeantur,
1790 2437 1914 2486 utrumne

1122 2515 1173 2554 uae
1196 2499 1348 2554 testamenti
1369 2499 1434 2554 facti
1458 2503 1577 2570 tempore
1602 2499 1673 2554 intra
1700 2505 1802 2568 septem
1829 2513 1913 2554 annos

1136 2573 1214 2620 erunt
1230 2583 1266 2620 an
1284 2581 1352 2636 qnae
1374 2567 1467 2622 mortis
1489 2574 1607 2648 tempore
1628 2567 1699 2622 intra
1721 2583 1780 2622 earn
1801 2571 1915 2620 aetatem

1105 2635 1280 2688 inveniantur.
1305 2635 1509 2702 responditcarn
1526 2635 1913 2702 uderiaetatemdesignatam

1107 2707 1120 2756 5
1157 2717 1225 2770 quae
1242 2707 1320 2770 esset,
1339 2717 1399 2756 cum
1416 2707 1570 2758 atestatore
1587 2701 1809 2770 relinquerentur.
1845 2701 1914 2756 tlon«

1106 2771 1219 2890 &binae
1235 2769 1306 2824 inter
1319 2775 1412 2852 cetera
1428 2771 1470 2826 his
1487 2771 1574 2826 verbis
1591 2771 1747 2854 legaveratz·
1757 2769 1879 2824 ‘ferndum
1886 2787 1915 2824 m

1107 2855 1281 2962 ‘stata
1294 2839 1702 2986 ν111ι,ιιιιι
1719 2845 1832 2986 ιιι
1845 2839 1916 2960 ιι

1106 2979 1133 3028 ιι
1150 2975 1348 3028 contubernalis
1366 2989 1423 3028 erus
1444 2977 1557 3028 testator
1578 2973 1614 3028 ad
1634 2975 1812 3028 concubinam
1833 2981 1915 3042 pertr-

1106 3057 1169 3096 nere
1186 3043 1278 3094 voluit.
1313 3041 1451 3110 respondit
1467 3041 1533 3094 nibil
1568 3041 1671 3122 reponi,
1697 3057 1746 3094 cur
1763 3057 1818 3096 non
1835 3041 1914 3094 debe·

1106 3113 1121 3160 6
1155 3113 1256 3162 ιιιιιι.
1299 3109 1338 3162 Le
1373 3113 1446 3162 verat
1471 3123 1520 3188 per
1544 3057 1777 3162 Fdercommissum
1803 3109 1915 3162 Maeuiis

1104 3175 1155 3228 ita:
1174 3179 1209 3228 ‘et
1226 3125 1372 3244 quidquia
1370 3175 1399 3230 in
1415 3181 1503 3244 patna
1522 3175 1641 3230 Gadibus
1664 3175 1809 3244 possidec’:
1834 3191 1914 3243 quae·

1105 3243 1185 3296 situm
1202 3247 1251 3310 est,
1269 3259 1313 3308 an,
1331 3241 1449 3310 siquam
1466 3241 1647 3296 suburbanam
1664 3241 1832 3296 adiacentem
1853 3259 1914 3310 pos-

1106 3309 1250 3364 sessionem
1266 3311 1386 3376 haberet,
1409 3309 1476 3364 baec
1493 3325 1598 3378 quoqne
1619 3313 1757 3364 excausa
1778 3309 1913 3364 fideicom-

1105 3377 1179 3430 missi
1199 3377 1311 3430 Maeviis
1338 3377 1475 3430 debeatur.
1514 3377 1653 3446 respondit
1676 3391 1757 3446 posse
1784 3377 1819 3430 ad
1845 3379 1914 3430 hanc

1106 3459 1210 3510 qnoque
1227 3445 1368 3498 verborum
1385 3443 1602 3512 significationem
1611 3443 1725 3498 extendi.
1760 3445 1824 3498 item
1834 3461 1914 3512 quae-

1106 3511 1185 3564 situm
1202 3517 1251 3578 est,
1269 3527 1311 3576 an,
1331 3511 1383 3564 si¹⁰
1400 3509 1551 3578 calendarii,
1570 3511 1641 3578 quod
1656 3509 1685 3564 in
1701 3511 1791 3582 patria
1808 3527 1858 3566 sua
1874 3511 1915 3566 vel

1105 3577 1175 3630 intra
1196 3577 1263 3632 fines
1285 3579 1341 3634 eius
1364 3577 1505 3632 defunctus
1531 3577 1661 3646 exercuit,
1689 3579 1868 3634 instrumenta
1886 3579 1915 3634 in

1106 3647 1191 3712 domo,
1214 3661 1294 3714 quam
1310 3645 1338 3698 in
1355 3645 1443 3728 patria
1466 3661 1515 3700 sua
1535 3645 1665 3712 habebat,
1687 3647 1807 3714 reliquit,
1831 3661 1866 3700 an
1886 3647 1915 3700 id

1106 3729 1211 3782 quoque
1227 3713 1411 3768 kalendarium
1419 3719 1529 3782 propter
1545 3715 1626 3768 verba
1637 3715 1830 3782 suprascripta
1840 3715 1914 3768 Mae-

1104 3781 1152 3834 viis
1171 3797 1204 3834 ex
1222 3797 1305 3836 causa
1321 3781 1517 3834 fideicommissi
1530 3779 1679 3834 deberetur.
1714 3781 1914 3850 responditnon

1106 3847 1203 3902 deberi.
1239 3847 1303 3902 item
1320 3847 1468 3916 quaesitum
1478 3853 1525 3914 est,
1544 3847 1709 3968 anfrecunia,
1728 3863 1797 3928 quae
1814 3847 1915 3902 inarca

1106 3913 1176 3970 domi
1194 3915 1314 3970 Gadibus
1332 3917 1438 3970 inventa
1456 3921 1534 3982 esset,
1552 3931 1583 3970 ιι
1602 3913 1914 3970 exdiversrsnominibus

1105 3989 1200 4038 exacta
1220 3991 1248 4036 ιι
1268 3985 1307 4038 ibi
1328 3983 1460 4050 deposita,
1490 3997 1523 4036 ex
1547 3981 1751 4038 fideicommissa
1775 3981 1914 4038 debeatur.

1106 4055 1119 4102 l
1146 4051 1551 4120 responditsuprarcsponsum.
1577 4051 1914 4132 Testamento,quofilium

1105 4123 1131 4174 et
1148 4135 1258 4174 uxorem
1274 4117 1386 4174 heredes
1403 4117 1562 4186 instituerat,
1580 4117 1651 4172 filiae
1667 4133 1717 4186 per
1727 4117 1914 4174 fidercommis·

1105 4201 1163 4240 sum
1181 4191 1295 4252 centum,
1315 4201 1374 4240 cum
1391 4185 1419 4240 in
1436 4183 1536 4240 familia
1557 4185 1681 4252 nuberet,
1703 4185 1801 4254 legarit
1822 4191 1850 4240 et
1866 4185 1914 4240 ad·

1103 4253 1166 4308 iecit
1191 4255 1242 4308 ita:
1274 4253 1344 4308 ‘fidei
1361 4259 1432 4318 tuae,
1458 4253 1525 4320 filia,
1558 4253 1704 4320 committo,
1730 4259 1774 4320 ut,
1801 4269 1863 4308 cum
1886 4255 1915 4306 in

1105 4321 1213 4376 ‘familia
1230 4321 1317 4376 nubas
1335 4327 1362 4374 et
1379 4321 1614 4390 quotienscumque
1630 4321 1728 4390 nubes,
1751 4321 1864 4402 patiaris
1882 4335 1915 4372 ex

1105 4389 1174 4444 ‘dote
1191 4395 1247 4456 tua,
1267 4405 1347 4456 quam
1364 4387 1447 4456 dabis,
1466 4393 1570 4456 partem
1579 4387 1713 4444 dimidiam
1725 4387 1851 4456 strpulari
1859 4387 1914 4456 fira-

1106 4459 1179 4510 ‘trem
1196 4463 1273 4512 tuum
1290 4463 1318 4510 ιι
1334 4457 1421 4510 Seiam
1438 4463 1550 4510 matrem
1566 4461 1640 4510 tuam
1661 4473 1710 4526 pro
1732 4455 1857 4524 partibus
1875 4453 1914 4508 di-

1106 4525 1206 4646 Finifflfis‘
1216 4525 1275 4648 dafri
1292 4525 1386 4606 sibi,si
1402 4525 1430 4578 in
1446 4525 1614 4646 matr‘ilrnonio
1625 4523 1692 4644 eiusl
1692 4539 1740 4642 1ιίιιέ
1755 4523 1842 4576 nubes
1860 4521 1914 4576 sive

1106 4597 1678 4730 ‘adillaififiafinldiifialhiufifi
1695 4603 1914 4738 distiti

1105 4733 1145 4786 ‘eo
1162 4729 1273 4786 relicto'.
1309 4737 1386 4800 pater
1402 4731 1529 4798 uirginem
1544 4729 1626 4782 fitam
1643 4731 1756 4796 nuptum
1774 4725 1914 4780 collocant

1105 4799 1215 4868 eiusque
1231 4801 1337 4854 nomine
1359 4799 1446 4854 dotem
1467 4799 1541 4852 dedit
1561 4801 1666 4876 etpost
1687 4795 1830 4848 divortium
1850 4809 1913 4848 ιιι-

1105 4867 1163 4920 dem
1180 4867 1283 4936 recepit
1300 4873 1327 4922 et
1348 4867 1394 4922 alii
1409 4867 1438 4920 in
1458 4867 1655 4920 matrimonium
1676 4879 1737 4916 cum
1759 4863 1820 4918 dote
1842 4863 1915 4918 dedit

1105 4939 1131 4990 et
1148 4935 1293 5006 stipulatus
1311 4941 1352 4990 est
1369 4951 1427 4990 eam
1445 4935 1533 4990 dotem
1547 4931 1655 4986 sibiaut
1670 4929 1913 4990 filiaesuaereddi:

1103 5011 1227 5058 manente
1244 5005 1300 5058 filia
1316 5005 1344 5058 in
1361 5001 1528 5058 matrimonio
1547 4999 1664 5056 secundo
1676 5005 1799 5056 mortuus
1817 5007 1858 5058 est
1868 5017 1914 5058 eo-

1105 5071 1164 5126 dem
1190 5077 1350 5128 testamento
1376 5071 1469 5126 relicto
1502 5069 1579 5152 eique
1610 5069 1722 5126 heredes
1754 5071 1915 5128 exstiterunt

1103 5139 1175 5196 fifius
1201 5147 1228 5196 et
1245 5145 1330 5210 juror:
1356 5145 1450 5208 postea
1472 5143 1566 5218 manto
1589 5137 1714 5194 defuncto
1739 5141 1831 5212 puella
1853 5141 1914 5196 dcte

1103 5215 1212 5280 recepta
1233 5209 1325 5278 nupsit
1349 5207 1395 5262 alii
1421 5207 1606 5276 praesentibus
1631 5209 1914 5278 etconsentientibus

256 5269 396 5352 ‘remisere
414 5275 619 5330 contubernales
638 5291 708 5344 suas,
727 5275 790 5332 item
806 5275 876 5330 filios
896 5275 966 5332 filias
985 5275 1053 5346 lego,
1103 5277 1187 5334 iratre
1205 5285 1231 5332 et
1247 5281 1340 5344 matre,
1359 5291 1427 5344 quae
1444 5275 1524 5330 etiam
1542 5275 1695 5338 ιιιιιιιιιιι
1712 5281 1795 5348 auxit,
1814 5285 1914 5334 etneu·

255 5337 309 5392 ‘mss
323 5355 347 5392 ιι
363 5357 429 5408 qnos
447 5359 546 5410 quasve
563 5343 597 5398 ad
609 5359 720 5398 uxorem
728 5361 813 5400 meam
821 5349 982 5400 testamento
1013 5363 1053 5400 er·
1103 5353 1146 5400 ter
1162 5363 1254 5402 eorum
1271 5345 1392 5412 stipulati
1409 5351 1472 5400 sunt
1493 5345 1592 5404 dotem:
1615 5365 1677 5404 mox
1692 5351 1774 5404 matri
1794 5347 1866 5404 filius
1888 5355 1915 5404 et

257 5405 339 5460 tinere
355 5407 427 5488 volui
443 5411 484 5464 vel
501 5411 525 5464 ei
542 5411 697 5466 nominatim
714 5413 800 5482 legavi
811 5413 939 5482 legavero'
984 5363 1056 5468 iiam
1103 5415 1160 5468 iiiia
1179 5413 1290 5470 heredes
1313 5413 1482 5470 exstiterunt:
1505 5415 1599 5472 ιιιιιιιι
1620 5419 1649 5472 in
1668 5417 1837 5474 matrimonio
1859 5417 1915 5470 filis

255 5479 340 5554 postea
357 5481 433 5556 petut
449 5479 483 5532 ab
500 5477 644 5534 heredibus
658 5479 721 5548 suis,
740 5487 770 5534 ut
786 5483 920 5550 regionem
929 5481 1055 5536 Umbriae
1105 5483 1219 5536 decessit
1238 5481 1333 5536 marito
1355 5481 1452 5538 herede
1469 5485 1571 5542 relicto.
1606 5487 1755 5556 quaesitum
1777 5491 1830 5554 est,
1853 5503 1922 5552 cum

255 5537 361 5596 Tuscae
380 5543 480 5598 Prceno
508 5545 669 5602 ιοιιιιιιιιιι
689 5549 768 5604 uxori
792 5567 858 5604 suae
884 5549 1056 5604 restituerent
1104 5551 1195 5620 puella
1214 5565 1268 5604 nou
1294 5565 1328 5602 ex
1349 5565 1431 5606 causa
1451 5553 1533 5624 legati
1553 5557 1693 5626 pecuniam
1712 5553 1742 5608 in
1763 5555 1853 5610 dotem
1878 5555 1919 5614 ab,

258 5653 1910 5680 ἪᾝἮ

255 5713 281 5772 (tl
299 5715 477 5766 dirusblsrcus
491 5719 610 5784 plcsaema
624 5731 661 5770 ast
794 5725 827 5788 (a)
846 5725 934 5776 idest:
950 5723 1054 5774 omnino

1106 5723 1138 5788 (t)
1157 5723 1244 5774 sciaF
1313 5725 1347 5790 (t)
1365 5729 1620 5780 communicasscmF
1688 5729 1722 5788 (sl
1741 5727 1914 5780 coherediscr.

254 5781 283 5854 (t)
301 5785 429 5850 designata
436 5805 482 5836 scr.
581 5791 612 5854 (tl
630 5791 762 5854 quamdcl.
853 5795 885 5860 lt)
904 5791 1060 5842 dodrantali*

1108 5795 1140 5856 (ι)
1157 5791 1303 5858 legatumF
1367 5799 1410 5866 (10)
1430 5811 1461 5846 an
1471 5797 1494 5848 si
1502 5817 1546 5848 cm.
1559 5799 1582 5848 F
1588 5797 1595 5828 ¹
1675 5863 1706 5916 5„

1698 5881 1704 5918 i
