4366 6258
253 379 298 424 Dln'
320 375 381 424 USU
404 373 534 418 FRUCTU
554 373 801 418 ADGRESCENDO

251 539 322 592 sicut
339 533 484 586 substituta
501 533 592 586 statim
610 531 708 584 domini
725 531 808 596 fiunt,
832 533 871 586 ita
887 533 979 598 priora
997 547 1062 598 quo·

251 617 303 672 que
321 613 353 652 ex
370 605 467 652 natura
483 597 590 652 ’111111
609 597 733 652 desinunt
750 601 807 652 eius
826 613 894 652 esse:
917 613 978 650 uam
996 597 1061 650 alio-

251 667 315 738 quin
338 667 409 734 quod
431 665 552 718 nascitur
574 663 715 718 fructuarii
733 671 775 718 est
794 671 820 718 et
838 681 895 718 oum
915 663 1061 726 substituit,

251 733 348 790 desinit
365 733 420 786 eius
438 745 504 784 esse.

285 797 324 856 70
348 797 493 852 1111111111
518 799 587 852 libro
610 799 721 868 septimo
746 799 847 850 decimo
871 797 909 850 ud
932 793 1061 850 Sabinum

251 865 319 934 Quid
338 881 397 932 ergo
416 865 439 916 si
456 881 511 918 non
527 865 611 918 faciat
633 881 683 918 nec
707 865 867 932 suppleat¹i
892 865 978 916 teneri
1001 879 1061 916 eum

250 931 425 1004 proprietario
444 931 527 984 Gairm
547 931 653 984 Cassius
677 931 770 984 scribit
788 929 855 984 libro
874 929 976 982 decimo
993 929 1059 982 iuris

254 1011 263 1054 1
302 999 390 1050 civilis.
425 997 533 1052 Interim
551 1005 654 1060 tamen,
673 995 798 1064 quamdiu
815 997 1016 1048 summittantur
1034 1003 1060 1048 et

252 1065 424 1132 suppleantur
433 1065 522 1132 capita
537 1081 605 1134 quae
620 1065 758 1116 demortua
773 1069 844 1126 sunt,
858 1063 932 1116 cuius
947 1063 982 1116 sit
989 1063 1059 1116 fetus

251 1133 393 1202 quaeritur.
427 1137 453 1184 et
469 1133 588 1186 lulianus
605 1131 673 1184 libro
692 1129 843 1184 tricensimo
863 1129 955 1198 quinto
974 1129 1059 1198 diges-

251 1213 338 1252 torum
355 1197 447 1252 scribit
464 1199 579 1266 pendere
597 1213 687 1250 eorum
706 1196 865 1262 dominium,
884 1203 927 1262 ut,
947 1197 969 1252 si
987 1213 1059 1252 sum·

250 1267 400 1330 mittantur,
428 1265 481 1318 sint
506 1265 689 1334 proprietarii,
722 1265 746 1318 11
770 1281 825 1318 non
851 1265 1059 1330 summittantur,

251 1341 264 1386 a
299 1333 452 1386 fructuarii:
477 1347 546 1400 quae
572 1333 704 1386 sententia
729 1347 792 1384 vera
818 1339 866 1386 est.
908 1331 1059 1388 Secundum

250 1417 318 1468 quae
344 1401 366 1454 si
392 1399 536 1454 decesserit
560 1399 644 1464 fetus,
675 1399 822 1468 periculum
856 1399 906 1456 erit
936 1399 1057 1454 fructua-

249 1469 288 1532 rii,
307 1483 360 1520 oon
378 1467 559 1536 proprietarii,
585 1473 612 1522 et
635 1483 744 1522 necesse
766 1469 876 1522 habebit
898 1467 965 1522 alios
987 1467 1058 1522 fetus

249 1535 417 1588 summittere.
450 1535 522 1588 unde
541 1533 623 1588 Gaius
641 1533 750 1588 Cassius
767 1537 834 1590 libro
854 1539 948 1588 octavo
967 1537 1059 1588 scribit

250 1617 355 1656 carnem
380 1601 451 1654 ictus
483 1603 613 1654 demortui
644 1601 679 1654 ad
708 1603 885 1656 fructuarium
916 1603 1056 1670 pertinere.

249 1675 263 1724 3
299 1669 351 1722 Sed
368 1669 439 1736 quod
457 1669 554 1722 dicitur
570 1669 666 1724 debere
684 1685 743 1722 eum
761 1669 939 1734 summittere,
957 1669 1056 1726 totiens

248 1753 337 1790 rerum
355 1743 403 1800 est,
422 1737 543 1804 quotiens
560 1735 645 1804 gregis
662 1737 704 1790 vel
720 1741 832 1792 armenti
848 1739 890 1790 vel
907 1735 1011 1807 equitii,
1030 1739 1058 1792 id

248 1809 288 1858 est
305 1803 483 1858 universitatis
502 1805 687 1858 ususfructus
704 1805 808 1874 legatus
826 1809 879 1858 est:
899 1811 1017 1858 ceterum
1034 1807 1057 1858 si

248 1877 264 1924 t
299 1871 460 1938 singulorum
478 1873 603 1990 capitum,
621 1873 686 1924 nihil
700 1873 840 1942 supplebit.
869 1873 936 1926 Item
951 1873 974 1924 si
987 1873 1057 1926 forte

248 1953 279 1990 eo
294 1943 420 2006 ternpore,
440 1955 491 2008 quo
520 1945 578 1992 etus
593 1939 657 1992 editi
671 1947 740 2004 suut,
755 1941 820 1994 nihil
833 1939 885 1992 fuit
899 1939 970 2008 quod
986 1957 1056 1994 sum·

249 2005 315 2058 mitti
334 2005 455 2070 deberet,
479 2023 550 2060 nunc
569 2007 627 2060 1112
649 2011 711 2074 post
734 2007 888 2062 editionem:
913 2011 1002 2060 utrum
1025 2023 1064 2062 ex¹

248 2071 288 2126 his
306 2088 374 2142 quae
392 2073 502 2126 edentur
519 2073 682 2128 summittere
699 2073 813 2140 debebit,
832 2089 867 2128 au
882 2089 916 2128 ex
930 2073 971 2128 his
987 2089 1056 2142 quae

248 2139 318 2194 edita
333 2145 403 2206 sunt,
418 2141 558 2194 1111111111
573 2147 620 2194 111.
645 2147 710 2210 puto
725 2149 813 2196 autem
827 2141 916 2196 verius
932 2157 971 2206 ea,
986 2157 1056 2212 quae

247 2209 324 2276 pleno
339 2225 416 2278 grege
431 2209 501 2262 edita
516 2217 587 2272 sunt,
605 2209 640 2262 ad
656 2209 832 2264 fructuarium
849 2211 990 2278 pertinere,
1010 2211 1056 2264 sed

247 2277 419 2344 posteriorem
441 2277 526 2344 gregis
551 2293 642 2330 casum
665 2293 762 2332 nocere
784 2277 879 2332 debere
896 2277 1054 2332 fructuario.

247 2349 261 2394 5
297 2343 465 2398 Summittere
491 2349 579 2398 autem
605 2343 669 2400 facti
694 2351 736 2398 est
759 2351 785 2398 et
807 2345 926 2398 Iulianus
948 2361 996 2412 pro
1016 2347 1056 2398 rie

248 2411 311 2464 dicit
335 2411 474 2480 dispertire
497 2419 523 2464 et
547 2411 661 2466 dividere
690 2419 716 2464 et
741 2413 894 2466 divisionem
921 2363 1054 2480 quantiam

247 2477 349 2532 facere:
363 2479 451 2548 quod³
464 2479 606 2532 dominium
613 2479 663 2532 erit
669 2479 869 2532 summissorum
874 2479 1052 2548 proprietarii.

281 2541 318 2602 71
343 2545 522 2600 Mercurius
542 2545 609 2600 libro
631 2549 743 2616 septimo
766 2547 867 2602 decimo
890 2547 1053 2616 depasturum

247 2611 275 2664 Si
297 2613 326 2666 in
348 2629 423 2678 area,
448 2617 523 2668 cuius
546 2629 609 2668 usus
633 2611 736 2668 1111111
760 2615 861 2668 ahenas
886 2619 969 2678 esset,
996 2615 1053 2682 quis

247 2679 425 2746 aedificasset,
458 2681 529 2734 iutra
554 2685 657 2748 tempus
685 2697 737 2750 quo
763 2697 828 2734 usus
854 2681 958 2734 fructus
984 2683 1053 2750 perit

247 2747 385 2814 superficie
404 2749 510 2802 sublata
526 2749 630 2802 restitui
646 2765 723 2802 usum
746 2747 864 2802 fructum
886 2753 988 2802 veteres
1011 2765 1052 2802 re-

248 2815 420 2884 sponderunt.

281 2879 320 2938 72
344 2883 487 2938 Uarianos
508 2881 575 2936 11111
597 2883 710 2950 septimo
737 2883 837 2936 decimo
863 2881 899 2934 uel
923 2881 1052 2938 Sabinum

247 2949 274 3002 Si
291 2949 411 3004 dominus
437 2949 524 3002 nudae
545 2951 714 3016 proprietatis
740 2965 817 3004 usum
839 2949 957 3004 fructum
979 2951 1050 3016 lega-

245 3017 318 3082 verit,
336 3031 426 3070 verum
443 3023 491 3082 est,
510 3017 743 3084 quodMaecianus
762 3017 868 3084 scripsit
884 3017 951 3070 libro
970 3017 1047 3070 tertio

261 3085 428 3140 uaestionum
445 3085 479 3138 de
496 3083 711 3148 fideicommissis,
729 3085 816 3138 valere
833 3085 962 3152 legatum:
983 3089 1009 3136 et
1026 3085 1049 3138 si

244 3101 312 3206 iorte
335 3153 361 3206 in
383 3153 438 3206 vita
461 3153 596 3206 testatoris
619 3151 660 3206 vel
683 3155 745 3204 ante
762 3151 860 3204 aditam
877 3151 1049 3206 hereditatem

245 3221 401 3288 proprietati
418 3221 574 3284 accesserit,
599 3219 633 3272 11
649 3219 805 3286 legatarium
821 3219 961 3286 pertinere.
989 3217 1049 3286 plus

245 3289 359 3340 admittit
374 3289 543 3352 Maecianus,
563 3287 664 3340 etiamsi
681 3293 742 3352 post
760 3287 858 3340 aditam
875 3287 1050 3340 hereditatem

245 3355 400 3408 accessisset
417 3371 481 3406 usus
499 3355 615 3420 fructus,
639 3353 739 3406 utiliter
763 3353 831 3406 diem
855 3353 949 3406 cedere
972 3357 998 3406 et
1015 3355 1050 3406 ari

245 3423 269 3476 le
287 3423 398 3476 starium
415 3423 555 3490 pertinere.

269 3439 318 3546 g73
337 3489 507 3544 Porurourus
521 3489 588 3544 libro
606 3487 700 3558 quinto
718 3487 756 3544 ud
770 3487 899 3544 Sabinum
935 3485 963 3540 Si
971 3501 1049 3540 areae

245 3557 429 3610 ususfructus
452 3557 555 3626 legatus
578 3557 613 3610 sit
635 3555 711 3620 mibi,
734 3571 814 3624 posse
836 3571 878 3610 me
900 3571 990 3608 casam
1012 3555 1050 3608 ibi

245 3625 385 3678 aedificare
411 3625 547 3678 custodiae
573 3639 653 3676 causa
680 3639 770 3676 earum
795 3639 897 3686 rerum,
930 3637 998 3690 quae
1022 3623 1048 3674 in

245 3707 309 3746 area
326 3691 385 3744 siut.

279 3755 318 3814 74
344 3757 435 3814 Gerus
458 3757 526 3810 libro
551 3757 663 3826 septimo
687 3757 723 3810 ud
746 3757 860 3812 edictum
878 3757 1050 3826 provinciale

245 3825 273 3881 Si
290 3825 380 3880 Sticho
399 3841 474 3880 servo
491 3831 537 3878 too
557 3831 582 3876 et
599 3823 738 3894 Pamphilo
761 3841 819 3878 meo
842 3825 945 3892 legatus
968 3823 1050 3878 fuerit

245 3911 309 3946 usus
326 3895 442 3958 fructae,
460 3893 514 3946 tale
532 3897 572 3946 est
587 3893 714 3958 legatum,
740 3895 817 3960 quale
834 3895 858 3946 si
875 3891 938 3946 mihi
957 3897 984 3946 et
1001 3891 1049 3944 tibi

247 4135 274 4196 (1)
293 4131 519 4198 necsuppleatdel.
530 4131 643 4198 Kruepcr
685 4131 718 4194 (1)
737 4135 775 4180 est
785 4131 813 4192 S,
824 4131 883 4180 etF
923 4135 954 4192 (3)
973 4129 1049 4194 quod]

246 4217 348 4264 quoscr.

279 4269 311 4330 (1)
329 4267 390 4318 Sat.
402 4279 459 4318 r...a
471 4277 600 4324 e...1o.1a;
611 4267 661 4318 Eu.
671 4279 699 4326 53
710 4267 773 4330 Pup.
783 4279 813 4318 11.
824 4295 858 4304 —-
866 4267 930 4318 Bas.
944 4267 1005 4326 111

247 4335 280 4396 (5)
299 4333 343 4384 11.
354 4359 387 4378 =
398 4333 494 4398 Vct-su.
507 4339 519 4392 §
530 4345 609 4384 latta
686 4333 721 4396 (6)
741 4333 872 4396 [Quotiens
882 4333 1050 4384 ususfructus

245 4401 342 4466 legatus
363 4405 414 4462 est,
437 4405 476 4450 est
497 4401 564 4450 iuter
585 4399 989 4464 111111111111111111111111,
1008 4401 1050 4452 sed

248 4471 300 4530 (111,
315 4471 338 4516 11
352 4469 506 4518 coniunctim
517 4469 549 4516 sit
557 4483 617 4518 usus
625 4469 721 4518 fructus
730 4467 833 4518 relictus
842 4485 888 4518 nec
897 4471 958 4532 nisi]
974 4471 1002 4518 in
1018 4471 1050 4520 do

654 4537 686 4600 (1)
706 4537 741 4600 [et
750 4537 869 4588 ambobus
878 4537 997 4600 domi]nis
1007 4536 1049 4588 ad-

248 4603 354 4666 quisitus
362 4603 396 4654 sit
407 4605 462 4654 Vct.
569 4605 602 4668 (8)
620 4603 768 4654 etiulianus
779 4605 876 4666 quidem
887 4607 980 4668 [putat]
993 4607 1048 4656 Vct.

248 4673 279 4734 (1)
298 4667 548 4736 spernentesne
693 4671 737 4732 (11)
757 4673 873 4722 amissam
882 4681 979 4736 partem
989 4689 1049 4722 usus

247 4737 342 4788 fructus
354 4741 408 4788 Vct.
509 4741 550 4802 (11)
570 4753 633 4802 quae
645 4739 837 4790 sententiavera
846 4743 894 4802 est]
908 4757 983 4804 quam
992 4755 1047 4790 seu-

248 4807 348 4868 tentiam
359 4819 438 4870 neque
449 4805 582 4856 Marcellus
592 4821 672 4870 neque
680 4805 852 4856 Mauricianus
864 4807 987 4870 probant:
1002 4811 1047 4856 Pa·

248 4873 364 4934 pinianus
379 4889 477 4936 quoque
495 4873 561 4922 libro
577 4873 648 4928 XVII
665 4873 840 4936 quaestionum
854 4873 885 4924 ab
902 4891 931 4924 11
945 4875 1047 4926 recedit.

248 4955 309 5002 quae
318 4941 444 4990 sententia
452 4941 551 4990 Neratii
560 4941 637 4990 fuerit
646 4939 705 5004 (brit
716 4943 785 4998 11111,
801 4945 838 4990 111
848 4939 914 4990 libro
923 4945 937 4992 I
947 4957 1048 5008 respon·

248 5023 329 5056 sorum
338 5007 450 5056 relatum.
465 5007 634 5072 sedputoesse
643 5007 827 5058 veramlulieni
836 5011 987 5058 sententiam
994 5011 1048 5062 Vct.

248 5075 290 5134 (11)
309 5089 361 5124 1111
370 5079 437 5124 statu
449 5075 512 5140 Vua,
529 5077 572 5126 ubi
581 5077 641 5128 laec
649 5085 794 5140 sequuntur.-
806 5077 960 5138 Pomponius
971 5077 1008 5126 ait
1017 5077 1049 5126 li-

248 5137 291 5190 bro
300 5143 348 5190 Vll
358 5159 387 5192 ex
398 5142 498 5191 Plautio
507 5143 585 5192 relata
593 5143 688 5194 Iuliani
698 5143 822 5194 sententia
832 5143 951 5206 quosdam
960 5159 1013 5194 esse
1022 5145 1049 5194 in

248 5209 369 5260 diversam
379 5209 537 5276 opinionem:
549 5227 594 5260 uec
610 5211 677 5260 enim
686 5211 766 5274 magis
776 5211 843 5260 socio
853 5209 942 5260 debere
951 5209 1049 5260 adcres-

248 5291 300 5326 cere
311 5293 383 5342 quam
392 5277 532 5340 1111111111,
542 5279 585 5342 qui
594 5279 666 5328 tundi
678 5279 772 5330 habens
781 5295 852 5328 nsum
867 5277 978 5328 11111111
992 5295 1048 5344 par·

248 5347 296 5392 tem
306 5363 364 5396 usus
379 5347 476 5396 fructus
485 5347 651 5412 proprietario
662 5347 738 5398 cessit
746 5347 785 5398 uel
793 5363 843 5398 nou
853 5347 947 5398 utendo
955 5347 1047 5396 amisit.

248 5427 292 5476 ego
302 5419 382 5464 autem
391 5415 486 5464 Iuliani
494 5415 642 5464 sententiam
659 5431 709 5464 non
718 5417 816 5464 ratione
824 5415 984 5464 adcrescendi
992 5431 1049 5478 pro·

248 5479 351 5532 hundam
360 5487 429 5548 puto,
441 5483 485 5532 sed
499 5499 535 5542 eo,
551 5481 617 5548 quod
626 5483 745 5548 quamdiu
755 5499 839 5534 seruus
849 5489 894 5544 est,
910 5485 982 5532 cuius
992 5497 1047 5548 per-

247 5563 306 5600 1111
316 5551 342 5602 11
350 5551 433 5618 legato
443 5557 577 5616 spectatur,
593 5567 643 5602 non
659 5551 733 5602 dehet
741 5551 824 5616 perire
834 5551 925 5616 portio.
944 5559 1049 5616 urgetur

248 5623 327 5668 tamen
336 5621 430 5670 Iuliani
444 5621 569 5670 sententia
583 5621 735 5686 argumentis
744 5621 882 5686 Pomponi:
899 5635 1047 5684 quemquam

248 5687 354 5740 Sabinus
364 5689 528 5756 responderit,
546 5695 574 5740 ut
584 5693 609 5738 et
619 5687 705 5740 Celsus
722 5689 779 5752 (ius.
787 5685 899 5740 Iulianus
908 5689 972 5752 cod.)
982 5687 1047 5738 libro

247 4535 302 4598 lego
310 4535 393 4600 legato
402 4537 475 4586 modo
487 4537 541 4586 Vct.

246 5755 331 5810 XVlll
346 5761 454 5820 (XVIIII
470 5761 530 5822 1111.)
547 5755 696 5824 digestorum
712 5759 798 5824 refert,
812 5773 875 5820 eum,
893 5755 939 5822 qui
953 5761 1047 5820 partem
1071 5769 1074 5808 1

1056 351 1113 420 itt

1786 349 1927 414 Virta

1114 531 1217 598 legatus
1236 541 1318 584 esset:
1344 535 1370 584 et
1385 533 1446 586 ideo
1464 531 1573 586 dubium
1590 529 1718 588 nonest,
1743 527 1807 592 quin
1826 543 1923 596 aeque-

1114 597 1175 648 liter
1192 595 1227 650 ad
1244 613 1293 652 nos
1310 599 1451 664 pertineat.

1488 769 1543 830 111.

1243 881 1288 930 na
1307 877 1372 928 usu
1389 877 1524 932 seuero
1538 877 1794 934 sncsusoauoo

1149 991 1184 1048 1⁵
1206 993 1351 1048 Uarianos
1376 995 1444 1048 libro
1467 999 1579 1066 septimo
1603 999 1705 1052 decimo
1730 995 1767 1050 ud
1788 993 1917 1048 Sabinum

1111 1063 1239 1128 Quotiens
1257 1077 1322 1116 usus
1339 1061 1443 1116 fructus
1459 1062 1562 1130 legatus
1580 1071 1633 1128 est,
1657 1065 1696 1118 ita
1712 1067 1782 1118 inter
1799 1061 1920 1114 fructua-

1110 1129 1164 1184 rios
1183 1129 1281 1184 estius
1299 1129 1477 1194 adcrescendi,
1496 1129 1520 1182 si
1538 1129 1698 1186 coniunctim
1715 1133 1750 1186 sit
1766 1147 1831 1184 usus
1846 1129 1919 1184 fruc-

1111 1201 1155 1250 tus
1172 1197 1313 1250 relictus⁶2
1338 1201 1453 1252 ceterum
1476 1197 1499 1250 si
1517 1197 1659 1266 separatim
1676 1199 1818 1268 unicuique
1834 1197 1919 1266 partis

1109 1265 1149 1318 rei
1167 1281 1230 1318 usus
1248 1265 1353 1318 fructus
1372 1265 1407 1320 sit
1423 1265 1545 1330 relictae,
1569 1265 1626 1318 sine
1649 1265 1728 1320 dubio
1753 1267 1917 1320 111111111-

1112 1339 1123 1384 1
1162 1333 1239 1386 cendi
1257 1337 1351 1386 cessat.
1387 1333 1508 1402 Denique
1531 1331 1604 1400 apud
1620 1331 1752 1386 Iulianum
1776 1335 1845 1388 libro
1871 1335 1917 1388 tri·

1109 1401 1225 1468 gensimo
1253 1399 1345 1470 quinto
1371 1399 1532 1468 digestorum
1558 1399 1706 1468 quaeritur,
1739 1401 1761 1454 si
1787 1401 1918 1456 communi

1109 1483 1184 1522 servo
1203 1465 1388 1522 ususfructus
1406 1467 1441 1520 sit
1457 1467 1565 1522 relictus
1584 1471 1611 1520 et
1627 1467 1733 1534 utrique
1751 1467 1856 1522 domino
1871 1469 1917 1522 ad·

1127 1535 1221 1588 uisitus
1229 1537 1247 1600 ⁷,
1273 1549 1308 1588 an
1331 1535 1413 1588 altero
1436 1535 1593 1602 repudiante
1616 1535 1658 1588 111
1680 1535 1816 1590 amittente
1839 1553 1917 1590 usum

1108 1551 1226 1654 iunctum
1250 1603 1317 1654 alter
1340 1609 1425 1654 totum
1448 1603 1560 1656 habeat:
1586 1605 1613 1654 et
1635 1603 1731 1680 putat⁸
1748 1601 1782 1654 11
1805 1605 1917 1658 alterurn

1107 1669 1254 1738 pertinere,
1280 1675 1306 1722 et
1328 1669 1392 1722 licet
1415 1669 1527 1722 dominis
1550 1683 1615 1722 usus
1633 1669 1736 1720 tructus
1754 1683 1807 1720 non
1825 1671 1916 1740 aequis

1107 1737 1244 1806 partibus,
1268 1737 1316 1790 sed
1331 1753 1380 1804 pro
1399 1735 1535 1790 dominicis
1553 1735 1724 1808 adquiratur,
1748 1741 1837 1790 tamen
1854 1753 1915 1804 per-

1108 1819 1174 1858 sona
1196 1805 1206 1856 i
1226 1805 1307 1868 siusl,
1331 1821 1386 1858 non
1408 1803 1575 1858 dominorum
1599 1805 1721 1870 inspecta
1746 1801 1780 1856 ad
1804 1805 1916 1858 alterurn

1108 1877 1123 1924 2
1160 1821 1822 1940 exdiminispertineremonproprietatiaccedere.
1841 1871 1914 1924 Idem

1108 1939 1146 1992 ait
1163 1945 1189 1992 et
1207 1939 1230 1992 si
1244 1939 1465 1992 communiterve
1481 1945 1508 1992 et
1522 1939 1665 2006 separatim
1679 1937 1749 1990 Titio
1764 1951 1828 1990 usus
1843 1939 1915 1990 irue-

1108 2013 1151 2060 tus
1173 2007 1277 2074 legatus
1301 2007 1348 2070 sit,
1376 2005 1500 2060 amissum
1523 2005 1557 2058 ab
1580 2007 1663 2060 altero
1688 2021 1719 2058 ex
1742 2005 1821 2058 sociis
1838 2021 1915 2056 usum

1107 2073 1223 2128 fructum
1233 2075 1254 2106 ¹⁰
1271 2089 1323 2126 non
1341 2071 1376 2128 ad
1390 2073 1496 2136 Titium,
1515 2071 1562 2126 sed
1579 2071 1614 2128 ad
1631 2073 1717 2126 solum
1735 2073 1836 2126 socium
1852 2089 1913 2140 per-

1106 2141 1191 2196 tinere
1209 2141 1306 2194 debere
1324 2141 1400 2210 quasi
1417 2141 1503 2194 solum
1521 2141 1703 2194 coniunctum:
1723 2155 1791 2208 quae
1808 2145 1913 2194 senten-

1106 2209 1143 2264 tia
1160 2225 1224 2262 vera
1242 2209 1325 2264 est¹¹z
1344 2223 1406 2262 nam
1423 2207 1549 2278 quamdiu
1565 2209 1604 2262 vel
1622 2225 1690 2262 unus
1709 2209 1807 2272 utitur,
1824 2213 1914 2278 potest

1107 2277 1159 2332 dici
1175 2293 1253 2330 usum
1271 2275 1386 2330 fructum
1402 2275 1430 2328 in
1447 2293 1495 2330 suo
1515 2281 1586 2330 statu
1604 2275 1700 2330 esse¹².
1725 2275 1794 2330 idem
1812 2281 1866 2340 est,
1891 2275 1914 2328 si

1106 2343 1210 2398 duobus
1241 2341 1402 2398 coniunctim
1428 2349 1455 2398 et
1480 2343 1557 2398 alteri
1581 2343 1723 2410 separatim
1749 2359 1813 2396 usus
1838 2341 1912 2396 fruc·

1106 2415 1119 2464 3
1155 2411 1433 2464 111111111111111113.
1468 2409 1602 2464 Interdum
1619 2415 1708 2464 tamen
1727 2411 1776 2464 etsi
1793 2425 1845 2464 111
1859 2411 1913 2464 sint

1106 2479 1254 2542 coniuncti,
1278 2483 1366 2530 tamen
1389 2493 1452 2530 usus
1469 2475 1573 2530 fructus
1590 2479 1692 2546 legatus
1711 2479 1787 2530 alteri
1805 2479 1911 2530 adcres-

1106 2545 1152 2598 cit:
1172 2551 1201 2598 ut
1218 2551 1284 2614 puta
1302 2547 1324 2598 si
1342 2545 1405 2598 mihi
1421 2545 1497 2598 fundi
1511 2559 1576 2598 usus
1591 2545 1695 2598 fructus
1710 2545 1853 2614 separatim
1868 2551 1909 2598 to·

1104 2613 1157 2666 tius
1182 2619 1209 2666 et
1232 2613 1280 2666 tibi
1302 2611 1419 2666 similiter
1442 2611 1552 2666 111111Μ
1570 2611 1686 2666 relictus.
1713 2629 1787 2676 nam,
1807 2617 1837 2664 ut
1855 2617 1881 2666 et
1889 2613 1911 2644 ¹⁵

1105 2679 1195 2734 Celsus
1219 2679 1285 2734 libro
1310 2687 1404 2734 octavo
1431 2681 1531 2734 decimo
1556 2679 1714 2746 digestorum
1740 2685 1767 2734 et
1792 2679 1910 2734 Iulianus

1103 2747 1171 2800 libro
1198 2747 1347 2800 tricensimo
1375 2747 1466 2816 quinto
1493 2747 1585 2800 scribit
1594 2749 1628 2812 ¹³,
1661 2763 1792 2802 concursu
1818 2755 1909 2816 partes

1103 2815 1245 2868 habemns:
1287 2815 1341 2868 uod
1364 2821 1390 2868 et
1412 2815 1440 2866 in
1463 2815 1625 2884 proprietate
1649 2815 1824 2882 contingeret:
1847 2831 1910 2868 nam

1103 2883 1186 2934 altero
1211 2833 1367 2950 repddiante
1389 2881 1456 2934 alter
1479 2887 1565 2934 totum
1589 2881 1701 2934 fundum
1718 2881 1835 2936 haberet.
1863 2881 1909 2934 sed

1102 2949 1128 3000 in
1148 2947 1304 3000 usufructu
1327 2949 1378 3002 hoc
1400 2949 1460 3016 plus
1484 2953 1525 3002 est
1535 2951 1562 3012 ¹⁷,
1586 2949 1680 3016 quia¹⁸
1697 2953 1722 3000 et
1746 2949 1905 3002 constitutus

1101 3025 1126 3068 et
1144 3021 1238 3082 postea
1256 3015 1596 3070 11111111111111111111119
1611 3015 1653 3070 ius
1671 3015 1840 3070 adcrescendi
1858 3015 1904 3068 ad·

1100 3083 1194 3136 mittit:
1220 3097 1309 3136 omues
1334 3083 1401 3136 enim
1425 3089 1547 3136 auctores
1566 3083 1637 3150 apud
1652 3083 1787 3136 Plautium
1805 3085 1836 3136 de
1853 3085 1905 3136 hoc

1101 3155 1292 3204 consenserunt
1319 3155 1357 3214 et,
1383 3151 1443 3202 1110
1467 3149 1557 3204 Celsus
1581 3155 1607 3202 et
1630 3149 1749 3204 Iulianus
1773 3151 1905 3218 eleganter

1100 3217 1183 3282 aiunt,
1194 3217 1371 3270 ususfructus
1381 3217 1488 3272 cottidie
1499 3217 1667 3272 constituitur
1683 3223 1709 3272 et
1717 3217 1826 3286 legatur,
1842 3235 1904 3282 non,

1100 3289 1130 3336 11
1152 3285 1314 3352 proprietas,
1333 3299 1363 3338 eo
1382 3285 1438 3340 solo
1456 3289 1574 3354 tempore
1592 3301 1642 3352 quo
1660 3283 1815 3340 vindicatur.
1843 3301 1904 3338 cum

1100 3353 1213 3418 primum
1222 3351 1311 3418 itaque
1325 3367 1377 3406 non
1391 3351 1506 3406 inveniet
1520 3353 1587 3406 alter
1601 3353 1698 3418 eum²¹,
1717 3353 1761 3420 qui
1776 3353 1825 3406 sibi
1841 3367 1904 3406 con-

1101 3425 1197 3482 currat,
1217 3419 1289 3472 solus
1306 3421 1396 3472 utetur
1412 3419 1440 3472 in
1457 3423 1549 3484 totum,
1568 3435 1616 3474 nec
1634 3419 1722 3484 refert,
1742 3421 1904 3472 coniunctim

1100 3493 1116 3538 t
1151 3501 1185 3538 an
1199 3485 1343 3554 separatim
1356 3487 1520 3556 relinquatur
1528 3487 1558 3540 ²².
1585 3487 1689 3540 paemen
1706 3487 1822 3540 lulianus
1836 3487 1905 3542 libro

1100 3553 1251 3622 trigessimo
1280 3553 1370 3622 quinto
1397 3553 1556 3622 digestorum
1582 3555 1725 3622 scripsit²⁴,
1752 3555 1774 3608 si
1800 3553 1905 3610 duobus

1100 3619 1240 3676 heredibus
1258 3621 1383 3674 institutis
1401 3621 1512 3676 deducto
1531 3637 1581 3676 usu
1598 3623 1688 3676 fructu
1703 3623 1848 3690 proprietas
1866 3623 1903 3676 ie-

1118 3695 1188 3752 ctur,
1208 3689 1248 3742 ius
1267 3689 1438 3742 adcrescendi
1455 3691 1564 3742 heredes
1583 3705 1636 3742 nou
1652 3691 1764 3742 habere:
1789 3705 1848 3742 1111
1867 3691 1903 3742 11-

1100 3705 1158 3808 deri
1173 3771 1252 3808 usum
1273 3757 1389 3808 fructum
1413 3757 1622 3820 constitutumffi,
1646 3773 1701 3810 nou
1722 3773 1769 3826 per
1793 3773 1904 3810 concur·

1101 3839 1159 3876 sum
1178 3823 1302 3878 diuisurus

1135 3889 1339 3946 tereremus
1363 3891 1429 3946 libro
1457 3893 1548 3962 quinto
1574 3893 1758 3962 quaestionum
1792 3893 1905 3962 ideoque

1100 4129 1495 4190 1111111111111111111111111
1510 4131 1623 4180 amittere
1636 4135 1731 4196 partem
1746 4135 1771 4180 et
1787 4131 1842 4198 ipso
1852 4147 1904 4180 mo·

1100 4203 1183 4248 mento
1193 4199 1308 4264 recipere.
1328 4213 1401 4262 quam
1412 4201 1561 4248 sententiam
1575 4199 1630 4264 ipse
1646 4203 1675 4248 ut
1689 4199 1805 4250 stolidam
1821 4215 1904 4262 repre-

1100 4267 1194 4326 hendit,
1205 4267 1296 4316 etenim
1306 4279 1359 4316 esse
1366 4265 1530 4330 incogitabile
1541 4267 1701 4318 eandemesse
1708 4283 1806 4316 causam
1815 4267 1905 4330 cuique

1100 4339 1125 4382 et
1133 4331 1265 4384 omittendi
1277 4339 1302 4384 et
1310 4323 1449 4396 recipiendi
1520 4335 1563 4396 (13)
1580 4333 1813 4400 Idem...relictus]
1826 4333 1904 4382 lulia-

1099 4417 1146 4450 nus
1155 4399 1252 4464 scribit,
1263 4403 1285 4452 si
1294 4417 1365 4450 seruo
1376 4401 1501 4450 communi
1514 4405 1539 4450 et
1547 4401 1615 4450 Titio
1624 4417 1684 4450 usus
1694 4403 1791 4450 fructus
1805 4401 1905 4462 legatur

1100 4469 1559 4520 11111111111111111111111111111
1567 4469 1683 4530 fluctum,
1697 4483 1748 4518 non
1763 4467 1905 4516 adcrescere

1100 4537 1176 4598 Titio,
1192 4537 1234 4586 sed
1243 4537 1290 4588 soli
1299 4537 1374 4598 socio,
1385 4535 1591 4600 quemadmodum
1605 4537 1681 4598 fieret,
1698 4535 1720 4584 si
1734 4535 1831 4582 duobus
1846 4549 1904 4582 con·

1099 4605 1206 4654 iunctim
1216 4611 1240 4654 et
1249 4605 1322 4654 alteri
1332 4605 1465 4668 separatim
1475 4609 1539 4654 esset
1547 4603 1656 4654 relictus.
1675 4601 1718 4650 sed
1728 4601 1772 4664 qui
1781 4601 1904 4652 diversam

1099 4673 1248 4722 sententiam
1260 4673 1376 4738 probant,
1386 4673 1447 4738 qnid
1458 4671 1587 4720 dicerent?
1600 4673 1682 4718 utrum
1691 4673 1808 4718 extraneo
1818 4669 1865 4718 soli
1872 4687 1904 4720 an

1099 4741 1173 4792 etiam
1183 4741 1252 4790 socio
1263 4741 1422 4792 adcrescere?
1431 4743 1457 4788 et
1466 4739 1509 4802 qui
1520 4739 1645 4786 Iulianum
1655 4735 1789 4798 consuluit,
1799 4737 1836 4786 ita
1845 4753 1904 4788 con·

1099 4807 1185 4868 suluit,
1196 4825 1228 4858 nu
1238 4809 1270 4858 ad
1279 4813 1411 4870 utrumque
1421 4809 1515 4868 (utrum
1526 4805 1587 4866 1111.)
1598 4805 1731 4866 pertineat,
1744 4807 1815 4870 quasi
1824 4807 1906 4870 possit

1099 4883 1124 4924 et
1138 4877 1188 4940 ipsi
1205 4877 1272 4926 socio
1282 4875 1430 4926 adcrescere.
1449 4873 1538 4936 atquin
1549 4871 1614 4936 quod
1628 4873 1685 4936 quis
1699 4873 1800 4938 amittit,
1817 4891 1905 4924 secuu-

1100 4945 1157 4994 dum
1167 4945 1293 5008 Pomponi
1302 4941 1452 4992 sententiam
1462 4939 1513 5002 ipsi
1524 4955 1574 4988 non
1584 4939 1681 4990 accedit
1693 4941 1747 4992 Vct.
1791 4943 1834 5006 (14)
1844 4959 1905 4990 1111

1099 5011 1313 5062 111111111117111.
1415 5007 1458 5068 (15)
1478 5011 1502 5056 et
1511 5023 1554 5056 om.
1562 5007 1614 5056 Vct.
1727 5011 1770 5072 (11)
1790 5007 1905 5060 scribunt

1099 5081 1227 5134 (1111111.)
1241 5077 1295 5126 Vat.
1404 5075 1446 5136 (11)
1466 5077 1551 5124 contra
1560 5089 1634 5138 quam
1643 5076 1792 5126 Atilicinum
1802 5093 1904 5140 respon·

1098 5145 1164 5194 disse
1181 5143 1293 5194 Fufidius
1308 5141 1425 5200 (aufidius
1443 5143 1505 5198 1111.)
1520 5141 1597 5194 Chius
1611 5143 1687 5194 refert
1698 5147 1742 5194 ius.
1757 5145 1809 5194 Vnt

1099 5215 1143 5276 (ta)
1163 5215 1233 5276 quia]
1249 5209 1314 5274 quod
1326 5211 1380 5260 Vct.
1425 5211 1470 5276 (11)
1479 5215 1504 5260 11
1512 5215 1599 5274 postea
1607 5213 1712 5262 amissus
1718 5211 1800 5262 nihilo
1810 5211 1903 5274 minus]

1097 5279 1180 5330 nihilo
1192 5277 1384 5328 minusamissus
1397 5277 1453 5332 Vct.
1496 5281 1542 5344 (11)
1553 5283 1623 5344 1111]
1632 5285 1661 5332 ut
1670 5285 1695 5332 et
1708 5281 1763 5332 Vct.
1816 5281 1905 5342 (111111

1098 5347 1124 5398 F
1127 5365 1178 5398 cruor
1190 5349 1222 5408 Β,
1237 5347 1341 5396 alterum
1350 5347 1372 5398 S
1381 5365 1432 5398 eum
1445 5347 1500 5398 Vct.
1537 5353 1582 5414 (11)
1601 5365 1646 5398 111
1654 5347 1742 5398 refert.
1751 5387 1757 5400 .
1765 5387 1770 5400 .
1778 5347 1904 5410 relinqua-

1098 5417 1149 5476 tur]
1159 5413 1267 5464 Vindius
1281 5419 1360 5464 tamen
1371 5413 1428 5464 dum
1439 5415 1548 5466 consulit
1556 5415 1692 5478 Iulianum,
1705 5417 1732 5466 in
1745 5431 1775 5464 ea
1784 5415 1904 5480 opinione

1098 5487 1143 5542 est,
1158 5487 1270 5546 utputet
1280 5497 1331 5530 non
1341 5483 1403 5534 alias
1418 5485 1457 5534 ius
1473 5485 1631 5536 adcrescendi
1646 5499 1698 5534 esse
1715 5499 1787 5548 quam
1802 5483 1829 5532 in
1844 5497 1903 5532 con·

1098 5551 1205 5600 iunctis:
1222 5551 1267 5614 qui
1278 5565 1395 5616 responso
1407 5553 1458 5602 ait:
1469 5551 1535 5602 nihii
1543 5551 1618 5602 refert
1627 5551 1781 5604 coniunctim
1790 5567 1821 5600 an
1832 5565 1903 5614 sepa·

1097 5617 1172 5668 ratim
1186 5617 1342 5684 relinquatur
1354 5621 1407 5674 Vct.
1483 5623 1527 5684 (13)
1545 5619 1725 5672 rhenonum.
1800 5619 1845 5682 (11)
1864 5617 1902 5666 di·

1097 5691 1224 5752 gestorum
1238 5689 1348 5754 scripsit]
1358 5687 1448 5740 scribit
1460 5689 1514 5740 Vct.
1601 5689 1647 5752 (11)
1658 5689 1764 5752 firmant
1776 5687 1846 5738 Vua.-
1858 5701 1901 5750 per

1098 5759 1239 5820 partasius.
