4366 6258
290 349 411 418 XVIIII
432 355 450 418 2

290 541 396 594 auxerit
411 541 451 594 vel
469 535 645 592 aedificaverit
661 535 703 592 vel
724 535 882 604 instituerit,
907 553 966 592 cum
989 535 1017 592 id
1038 545 1092 592 noe

289 609 460 674 convenisset,
479 607 513 662 ad
529 605 681 688 reprienda
698 621 730 660 ea
747 621 815 676 quae
832 607 960 676 impendii
977 621 1011 660 ex
1028 621 1091 662 con-

288 681 303 732 2
338 677 418 732 ducto
445 691 504 730 curn
530 673 635 730 domino
661 673 737 730 fundi
763 677 881 744 experiri
901 679 997 746 potest.
1041 675 1092 742 Qui

290 751 382 800 oonha
398 743 480 812 legem
499 743 681 798 conductionis
699 743 810 798 luedum
827 751 891 800 ante
908 751 1011 866 tempus
1035 745 1092 798 sine

288 817 358 868 iusta
383 827 414 866 ac
436 811 567 880 probabili
590 827 673 868 causa
696 811 854 880 deseruerit,
878 813 914 868 ad
936 811 1091 868 serendas¹

288 881 369 934 totius
392 881 516 950 temporis
530 881 673 1002 lpensiones
692 895 725 934 ex
743 883 876 938 conducto
896 881 1027 936 conveniri
1043 897 1091 962 po-

287 953 353 1012 test,
378 953 507 1018 qnatenus
541 949 642 1004 oratori
664 949 692 1006 ie
715 947 743 1002 id
760 951 832 1020 quod
850 951 908 1006 eius
925 951 1035 1006 interest
1050 967 1091 1004 m·

289 1015 418 1072 demeitas
435 1021 553 1072 servetur
560 1017 579 1070 ².

323 1081 361 1140 56
380 1083 459 1138 ruse
478 1085 546 1138 libro
562 1083 746 1156 singularite
764 1087 858 1156 officio
869 1085 1012 1156 praefecti
1026 1087 1092 1206 er'gi·

289 1151 343 1204 lem
378 1151 442 1204 Cum
467 1151 567 1206 domini
591 1153 745 1206 horreorum
770 1153 969 1222 insularumque
992 1151 1047 1208 desi
1067 1169 1092 1208 e-

287 1225 349 1274 rant
366 1219 410 1274 die
426 1237 480 1274 uon
498 1219 687 1288 apparentibus
704 1237 753 1276 uec
772 1223 827 1276 eius
844 1219 969 1292 temporis
986 1221 1092 1288 pensio-

289 1303 336 1342 nes
360 1289 552 1342 exsolventibus
571 1287 778 1344 conductoribus
797 1291 899 1360 aperire
916 1293 942 1342 et
959 1291 1008 1342 ea³
1025 1303 1093 1358 quac

288 1355 325 1410 ibi
342 1361 403 1410 sent
420 1355 582 1420 describere,
606 1371 624 1410 a
645 1357 758 1426 publicis
781 1357 902 1426 personis
925 1373 1035 1426 quorum
1052 1357 1092 1410 ie·

287 1429 369 1476 terest
386 1423 509 1478 audiendi
527 1429 596 1478 sunt.
624 1429 729 1494 ternpus
746 1433 836 1480 aetem
852 1425 880 1478 in
898 1423 1047 1480 huiusmodi
1064 1439 1094 1478 re

291 1491 387 1544 biennii
404 1489 483 1546 debet
499 1491 643 1546 observari.

235 1611 236 1614 ,
322 1555 361 1614 57
379 1557 546 1614 Invoesues
561 1559 628 1614 libro
646 1575 717 1614 rouo
734 1577 772 1614 em
780 1559 978 1630 posterioribus
992 1557 1093 1612 Labeo·

287 1627 330 1680 orb
363 1625 414 1692 Qui
431 1625 536 1680 domum
554 1627 677 1694 habebat,
695 1643 785 1680 aream
803 1627 949 1680 iniunctam
967 1627 990 1680 ei
1005 1627 1093 1680 domui

287 1693 372 1750 ricino
389 1693 508 1762 proximo
527 1697 673 1750 locaverat:
697 1695 719 1750 is
742 1693 844 1748 ricinus
863 1711 924 1748 oum
941 1693 1095 1750 aedificaret

287 1763 314 1816 in
332 1779 394 1828 seo,
413 1767 510 1818 terram
527 1763 554 1818 in
572 1779 630 1818 eam
648 1777 736 1816 arcam
754 1761 885 1830 amplius¹
902 1777 981 1830 quam
997 1761 1093 1816 hinda-

287 1835 375 1886 menta
398 1831 570 1888 caementicio
592 1831 717 1888 locatorio
741 1835 817 1884 erant
841 1831 985 1910 congessit,
1013 1837 1039 1884 et
1062 1845 1094 1884 ea

287 1905 360 1954 terra
377 1899 492 1954 adsiduis
509 1901 604 1970 pluviis
622 1899 765 1964 inundata,
787 1897 827 1952 ita
844 1899 957 1966 parteti⁵
975 1899 1030 1954 eius
1049 1899 1094 1968 qui

286 1969 421 2022 locaverat
437 1983 528 2022 umore
544 1969 702 2038 praestituto
721 1965 879 2032 madefacto,
898 1967 1019 2020 aedificia
1034 1981 1092 2020 cor-

287 2041 403 2090 ruerent.
431 2037 522 2090 Labeo
540 2051 573 2088 ex
590 2035 678 2090 locato
692 2035 875 2090 tantummodo
891 2035 1022 2090 actionem
1036 2049 1095 2088 esse

288 2105 339 2170 ait,
353 2103 420 2172 'quia
436 2119 490 2158 noe
506 2105 565 2172 ipsa
584 2101 731 2170 congestio,
754 2101 801 2156 sed
818 2105 912 2158 umor¹
929 2119 964 2158 ex
981 2119 1013 2168 ea
1030 2119 1093 2158 con-

287 2173 404 2242 gestione
421 2177 514 2242 postea
532 2169 628 2226 damno
646 2169 739 2236 fuerit,
764 2169 854 2224 damni
878 2177 966 2226 autem
982 2171 1094 2226 iniuriae

287 2239 357 2296 actio
376 2239 408 2296 cb
428 2255 459 2294 ea
476 2239 535 2310 ipsa
552 2239 600 2306 sit,
616 2255 665 2308 per
682 2255 764 2308 quae,
788 2255 843 2294 non
860 2239 1024 2294 extrinsecus
1042 2239 1095 2294 alia

288 2323 369 2362 causa
386 2309 492 2374 oblata,
515 2309 611 2362 damno
635 2305 693 2376 quis
712 2307 832 2362 adiectus
851 2313 905 2362 est:
929 2309 979 2362 hcc
998 2307 1091 2376 probo.

321 2371 360 2434 58
370 2375 468 2430 tonso
479 2377 546 2432 libro
560 2381 657 2446 quarto
665 2377 849 2446 posteriorem
865 2395 882 2430 e
896 2377 1023 2432 Iauoleno
1038 2377 1094 2446 epi-

287 2449 447 2498 tomatorem
480 2443 597 2498 Insulam
614 2459 667 2498 uno
685 2443 771 2512 pretio
785 2449 870 2498 totam
884 2443 979 2500 locasti
995 2449 1020 2498 et
1035 2461 1093 2498 eam

286 2511 425 2566 vendidisti
440 2513 486 2578 ita,
504 2517 535 2566 ut
552 2511 664 2580 emptori
680 2511 834 2566 mercedes¹
848 2511 1034 2580 inquilinorum
1048 2527 1093 2566 ac·

287 2581 417 2634 cederent.
445 2579 562 2648 quantus
580 2595 638 2632 eam
656 2579 802 2634 conductor
825 2581 924 2632 maiore
946 2579 1031 2650 pretio
1054 2581 1093 2634 lo·

287 2651 368 2712 caret,
385 2651 474 2700 tamen
491 2647 519 2700 id
536 2647 646 2716 emptori
665 2647 775 2712 accedit,
795 2645 866 2716 quod
883 2647 931 2702 tibi
947 2647 1094 2702 conductor

290 2719 301 2770 l
338 2715 438 2770 debeat.
474 2713 506 2768 Ιιι
530 2715 618 2786 operis
643 2715 777 2770 locatione
802 2715 875 2770 ιιθι]8
903 2719 960 2770 erat
986 2715 1093 2780 dictum,

287 2789 349 2838 ante
366 2799 444 2854 quam
461 2781 529 2836 diem
548 2781 617 2838 effici
635 2783 753 2838 deberet:
774 2783 882 2848 deinde,
902 2783 924 2838 si
940 2783 978 2836 ita
993 2781 1094 2838 factum

287 2869 341 2908 noe
358 2857 441 2918 esset,
465 2851 558 2920 quanti
580 2851 706 2908 locatoris
724 2851 904 2920 interfuisset,
927 2857 1029 2906 tantam
1046 2867 1093 2920 pe-

223 2961 224 2964 ,
287 2921 390 2974 cuniam
416 2921 563 2974 conductor
585 2921 751 2990 promiserat.
779 2925 890 2974 eatenus
914 2935 972 2974 eam
994 2921 1045 2974 ob'
1064 2935 1092 2974 a·

286 2989 384 3044 donem
401 2989 522 3044 contrahi
539 2995 621 3058 peto,
647 2995 777 3070 quatenus
795 2989 939 3046 virbonus
957 2987 989 3042 de
1007 3005 1055 3058 spa
1067 2989 1092 3042 io

286 3057 412 3126 temporis
430 3059 603 3124 aestimasset,
622 3073 684 3126 quia
700 3057 728 3112 id
745 3063 836 3112 actum
854 3061 966 3126 apparet
980 3073 1044 3124 esse,
1064 3061 1094 3110 ut

287 3141 318 3180 eo
344 3125 430 3194 spatio
455 3125 651 3190 absolveretur,
676 3127 733 3180 sine
758 3143 811 3196 quo
838 3125 896 3178 fieri
921 3141 975 3180 non
1001 3125 1093 3194 possit

287 3199 301 3248 2
336 3193 448 3260 Quidam
470 3193 499 3248 (ιι
521 3193 662 3262 municipio
682 3195 817 3250 balineum
836 3193 1026 3262 praestandum
1046 3211 1093 3250 an·

287 3261 347 3316 utris
370 3261 460 3330 viginti
484 3263 597 3316 nummis
621 3263 786 3318 conduxerat
812 3271 838 3316 θ(
863 3261 899 3316 ad
923 3263 1095 3316 refectionem

286 3329 401 3384 fornacis
419 3329 567 3386 fistularum
584 3331 757 3402 similiumque
772 3347 860 3388 rerum
875 3337 981 3386 centum
996 3331 1095 3386 nummi

285 3403 315 3450 ut
338 3403 536 3466 praestarentur
560 3399 598 3466 ei,
621 3405 792 3454 conveneram
818 3399 966 3454 conductor
990 3405 1095 3454 centum

285 3481 405 3520 nummos
422 3467 538 3536 patebat.
565 3467 603 3520 ita
621 3467 646 3522 ci
663 3467 753 3524 deberi
771 3469 840 3534 dico,
859 3469 882 3522 si
898 3469 926 3522 in
944 3483 1035 3522 earum
1052 3483 1093 3520 re·

285 3549 344 3586 rem
361 3535 531 3590 refectionem
549 3535 625 3590 θθιιι9
641 3537 781 3604 pecuniam
803 3535 922 3604 Impendi
944 3535 1093 3590 satisdaret.

320 3597 546 3680 59⁸1Avceaues
568 3603 636 3658 libro
654 3607 746 3672 qur'utc
764 3603 900 3658 Labeonis
911 3605 1095 3676 posteriorum

285 3669 403 3724 Marcius
436 3669 543 3724 domum
569 3669 720 3724 faciendam
746 3687 762 3724 a
788 3671 888 3726 Flacco
915 3673 1093 3724 conduxerat:

286 3735 380 3790 deinde
401 3739 488 3816 operis
510 3743 587 3808 parte
611 3739 705 3794 effecta
728 3745 814 3792 terrae
837 3743 912 3794 motu
937 3755 1095 3794 concussum

286 3809 344 3858 erat
366 3805 520 3860 aedriicium.
556 3805 705 3860 Massurius
724 3805 852 3872 Subiere,
876 3807 900 3862 si
921 3807 947 3860 vi
970 3805 1094 3872 naturali,

221 3925 227 3930 ,.
253 3931 255 3936 ,
285 3871 365 3994 rglleti
382 3877 468 3928 terrae
485 3875 591 3928 motu¹⁰
607 3875 660 3928 hoc
677 3875 819 3940 acciderit,
838 3875 932 3930 Flacci
951 3889 1009 3928 esse
1025 3875 1095 3944 pee'·

287 3957 301 3994 c
330 3955 383 3994 um.

320 4005 359 4066 60
377 4009 475 4062 Laena
492 4011 676 4080 posteriorem
687 4011 707 4042 ¹¹
725 4011 793 4066 libro
817 4011 912 4080 quieto
931 4027 949 4066 a
965 4009 1094 4064 luculano

285 4079 489 4148 epitomatorem
524 4077 589 4132 ilum
612 4079 640 4130 in
662 4079 752 4200 plures
776 4093 861 4132 aneos
888 4077 981 4132 domes
1007 4079 1096 4134 locata

286 4149 339 4212 est,
362 4149 498 4214 praestare
515 4147 618 4202 locator
636 4145 668 4198 de
687 4153 728 4212 et,
752 4153 783 4200 et
798 4163 854 4202 non
870 4147 957 4202 solum
973 4147 1096 4200 habitare

287 4213 432 4270 conductor
449 4231 482 4268 ex
500 4213 615 4270 calendis
633 4215 684 4270 illis
703 4213 831 4284 cuiusque
848 4217 925 4282 anni,
952 4215 1095 4270 sedetiam

286 4285 376 4338 locare
396 4281 543 4338 habitatori
566 4285 588 4340 si
605 4283 667 4336 velit
683 4299 732 4336 seo
749 4289 870 4352 tempore
887 4285 978 4352 possit.
1007 4285 1044 4338 ita
1062 4297 1096 4336 ee

287 4351 310 4406 si
327 4367 358 4406 ea
376 4351 466 4404 domes
485 4365 517 4406 ex
534 4351 655 4406 kalendis
670 4351 800 4404 ianuariis
815 4351 885 4404 fulta
895 4351 915 4386 ¹2
932 4351 960 4406 in
974 4351 1053 4404 kalen
1074 4351 1095 4404 's

287 4419 369 4474 Iuniis
379 4419 399 4452 ¹³
416 4419 619 4488 permansisset,
641 4419 680 4474 ita
701 4423 732 4472 ιι(
749 4435 804 4482 ιιθθΙ
817 4419 939 4474 habitare
957 4419 1095 4488 quisquam

287 4503 336 4542 nec
354 4487 492 4542 ostendere
509 4489 590 4542 akoui
607 4493 711 4558 posset,
735 4487 801 4540 nihil
817 4487 932 4542 locatori
950 4487 1095 4540 conducto·

287 4573 342 4610 rem
359 4559 570 4624 praestaturum,
595 4555 660 4610 adeo
684 4561 716 4610 ut
738 4571 789 4610 nec
806 4553 866 4622 cogi
883 4555 987 4624 quidem
1004 4559 1097 4624 posset

288 4639 321 4678 ex
338 4621 456 4678 kalendis
474 4623 547 4678 Iuliis
564 4623 666 4678 reiecta
683 4623 763 4678 domu
779 4621 916 4688 habitare,
940 4621 991 4676 nisi
1008 4621 1031 4678 si
1046 4639 1094 4692 pa-

287 4697 361 4746 ratus
379 4691 472 4746 luisset
488 4691 591 4744 locator
609 4691 774 4746 commodam
792 4691 900 4744 domum
917 4689 941 4744 ei
964 4689 998 4744 ad
1019 4689 1095 4744 habi·

290 4767 300 4812 ι
338 4759 447 4814 tandum
466 4759 537 4814 dare.
572 4759 704 4816 Heredem
722 4759 823 4824 coloni,
849 4757 966 4826 quamvis
985 4759 1095 4812 colonus

287 4845 342 4884 eon
368 4833 422 4894 ost,
451 4827 531 4882 nihilo
557 4827 644 4884 miuus
671 4827 777 4882 domino
803 4824 939 4896 possidere
965 4827 1094 4882 existimo.
1136 4843 1141 4850 ·

287 4901 302 4948 2
338 4897 501 4952 Vestimenta
518 4902 566 4950 tua
582 4895 648 4950 tullo
666 4895 780 4966 perdidit
797 4901 823 4948 et
835 4895 919 4948 habes
934 4895 1004 4948 uude
1019 4901 1095 4964 petas

286 4963 1095 5086 llisfillistliilffllesidllslllll‘titillabit

287 5115 333 5156 sna
355 5049 444 5156 Ι(Ιιθιιῗθιῗι
465 5101 549 5170 magis
573 5113 651 5168 agere
674 5107 701 5156 et
722 5101 756 5154 ab
781 5047 951 5154 eo’tuaskss
970 5099 1095 5168 consequi

287 5339 317 5402 (1)
335 5339 487 5390 solvendaF
548 5341 580 5404 (a)
599 5339 980 5392 Sicreditordebitorilundum
990 5341 1093 5404 pignori

287 5407 373 5456 datum
381 5405 508 5472 locaverit,
525 5407 579 5470 ipse
590 5411 678 5456 contra
692 5423 749 5458 θιιιι]
764 5407 841 5458 Ιοθθ((
857 5425 930 5472 agere
941 5411 1035 5472 poterit
1050 5425 1093 5458 ιιθ-

287 5473 1092 5542 gestamendebiieradrersescreditoremconductisortussesec.

287 5545 315 5596 B
323 5543 368 5594 ias.
454 5543 486 5606 (3)
504 5547 528 5592 θ(
539 5545 577 5606 ea]
587 5559 615 5594 ea
625 5545 703 5594 etscr.
775 5597 776 5600 ,
788 5545 819 5608 (4)
839 5545 1092 5610 amplius1iurtascm

287 5613 320 5674 (s)
338 5609 509 5674 parietascr..
543 5611 575 5674 (t)
595 5611 715 5662 umoreF
763 5613 795 5676 (ι)
813 5613 945 5664 mercesF
989 5615 1023 5678 (a)
1041 5629 1091 5662 non

287 5697 333 5730 soc.
344 5679 378 5740 B,
389 5693 422 5726 ce
431 5677 457 5728 F
539 5681 572 5742 (θ)
590 5695 762 5730 serumserum
772 5683 798 5730 ln
809 5683 965 5732 ellectionem
974 5697 999 5732 se
1009 5697 1062 5732 eam
1071 5683 1096 5732 F

287 5749 333 5810 (ιι)
351 5745 454 5796 rnatull
560 5747 601 5810 (ιι)
620 5747 819 5812 posterioremF
932 5751 975 5814 (ιι)
994 5749 1095 5800 turtaF

287 5815 330 5876 (ta)
348 5815 375 5862 in
385 5811 504 5864 kalendas
512 5811 591 5862 Iulias
601 5833 648 5866 sor.
726 5817 768 5880 (ιι)
788 5819 881 5870 suasF
961 5821 1004 5882 (ιι)
1022 5817 1089 5868 aedi-

1084 341 1155 428 aab

1635 365 1758 414 LOGATI
1780 363 1946 412 GONDUCTI

1135 535 1248 592 'fullonis
1265 535 1387 592 videlicet
1403 535 1566 606 sumptibus:
1591 529 1637 592 sed
1655 535 1678 592 si
1694 535 1746 592 hoc
1763 535 1812 592 tibi
1827 535 1947 604 impossi-

1142 607 1194 662 bile
1212 621 1269 662 esse
1286 607 1458 676 perspexerit,
1475 611 1540 662 tunc
1557 605 1683 662 fullonem
1702 607 1806 676 quidem
1823 605 1871 658 tihi
1886 621 1947 660 oon-

1143 673 1284 742 demnabit,
1301 683 1362 730 teas
1372 677 1392 710 ¹¹
1410 681 1499 730 autem
1513 675 1631 730 actiones
1647 681 1675 730 te
1688 677 1713 730 ei
1726 681 1862 746 praestare
1877 691 1947 730 corn-

1144 751 1158 800 3
1192 745 1281 814 pellet.
1316 745 1388 814 Lege
1396 745 1468 798 diota
1483 745 1576 802 domus
1590 745 1715 798 facienda
1728 747 1817 800 locata
1833 749 1890 798 erat
1902 745 1948 810 ita,

1143 819 1173 868 ut
1189 813 1311 884 probatio
1330 819 1379 868 aut
1395 813 1554 882 improbatio
1571 813 1698 868 locatoris
1714 819 1761 868 aet
1774 813 1878 868 heredis
1894 813 1949 868 eius

1145 889 1227 936 essetr
1250 883 1402 950 redemptor
1425 895 1457 934 ex
1480 883 1617 936 voluntate
1633 883 1758 938 locuturis
1776 883 1906 952 quaedam
1922 883 1950 934 in

1144 965 1223 1018 opere
1239 955 1443 1020 permutaverat.
1470 949 1597 1018 respondi
1620 967 1687 1020 epus
1711 949 1816 1018 qudem
1839 967 1872 1006 ex
1894 949 1950 1018 lege

1145 1019 1216 1074 dicta
1233 1033 1287 1072 non
1304 1019 1386 1072 rideri
1401 1017 1517 1084 factum,
1543 1017 1590 1072 sed
1613 1019 1739 1086 quoniam
1765 1033 1797 1072 ex
1815 1019 1950 1072 voluntate

1143 1087 1268 1140 locatoris
1286 1091 1464 1154 permutatum
1482 1091 1560 1150 esset,
1577 1087 1770 1156 redemptorem
1788 1087 1888 1140 absolvi
1905 1087 1950 1140 de-

1144 1159 1159 1206 4
1193 1153 1265 1208 bere.
1300 1153 1427 1208 Mandaei
1443 1153 1500 1218 tibi,
1518 1159 1549 1206 ιι(
1572 1161 1724 1220 excuteres,
1748 1155 1842 1222 quanti
1864 1154 1950 1208 villam

1145 1223 1285 1276 aedificare
1295 1225 1314 1254 ¹⁵
1332 1222 1425 1278 velles:
1449 1221 1608 1276 renuntiasti
1631 1221 1694 1276 mihi
1713 1223 1886 1276 ducentorum
1902 1223 1950 1276 im-

1144 1291 1284 1360 pensam¹¹
1303 1297 1440 1344 excuteres
1463 1295 1538 1344 certa
1559 1291 1680 1344 mercede
1703 1305 1770 1358 opus
1794 1291 1842 1342 tibi
1858 1291 1950 1356 locavi,

1144 1363 1238 1426 postea
1256 1359 1373 1426 comperi
1383 1361 1403 1392 ¹⁷
1417 1373 1471 1412 noe
1484 1373 1563 1426 posse
1576 1357 1685 1412 minorIs
1700 1363 1879 1412 trecentorum
1895 1373 1952 1412 eam

1143 1425 1233 1480 villam
1251 1433 1386 1480 constare:
1412 1427 1476 1480 data
1499 1431 1587 1480 autem
1610 1427 1659 1480 tihi
1682 1429 1896 1490 crontochium,
1920 1441 1952 1480 ex

1145 1493 1320 1560 quibuscum
1342 1499 1445 1560 partem
1466 1493 1654 1562 impendisses,
1679 1493 1749 1546 vetui
1771 1497 1799 1546 te
1822 1509 1888 1562 opus
1910 1493 1950 1546 ia-

1145 1575 1212 1612 cere.
1241 1561 1308 1624 dixi,
1333 1561 1357 1614 si
1375 1577 1442 1630 opus
1460 1559 1550 1616 facere
1566 1559 1790 1630 perseveraveris,
1814 1575 1847 1614 ex
1863 1561 1951 1614 locato

1145 1633 1232 1682 tecum
1243 1627 1264 1660 ¹⁸
1281 1643 1373 1696 agere,
1397 1633 1428 1682 ut
1444 1627 1574 1696 pecuniae
1591 1627 1656 1680 mihi
1672 1627 1801 1696 reliquum
1818 1629 1951 1682 restituas.

1145 1699 1159 1748 5
1194 1695 1310 1750 Messem
1327 1694 1485 1764 inspiciente
1494 1695 1515 1728 ¹⁹
1539 1697 1648 1762 colono,
1674 1711 1735 1750 cum
1759 1695 1871 1750 alienam
1895 1711 1953 1750 esse

1145 1779 1199 1818 eon
1215 1763 1365 1832 ignorares,
1390 1761 1559 1816 sustulisti20.
1586 1763 1752 1818 condicere²¹
1772 1763 1821 1818 tibi
1837 1763 1951 1818 fremen-

1145 1837 1200 1886 tum
1218 1831 1352 1886 dominum
1370 1847 1449 1900 posse
1465 1829 1557 1886 Labeo
1575 1831 1621 1898 ait,
1640 1837 1667 1886 et
1683 1837 1714 1884 ut
1730 1831 1758 1884 id
1772 1831 1862 1898 faciat,
1881 1831 1952 1886 colo·

1145 1903 1160 1954 6
1194 1915 1258 1954 num
1281 1915 1314 1954 ex
1337 1899 1470 1954 conducto
1495 1915 1555 1954 cum
1578 1899 1683 1954 domino
1703 1905 1831 1954 acturum.
1865 1901 1953 1954 Loca-

1144 1971 1187 2020 tor
1211 1967 1299 2020 horrei
1342 1967 1491 2036 repositum
1516 1969 1611 2020 habuit
1636 1981 1664 2020 sc
1691 1983 1786 2020 aurrrm
1817 1975 1953 2036 argeutum

1145 2035 1313 2104 margaritam
1331 2035 1343 2066 ¹
1361 2051 1415 2088 non
1431 2035 1551 2104 recipere
1568 2051 1616 2090 suo
1634 2035 1767 2104 periculo:
1787 2035 1879 2088 deiude
1894 2053 1955 2104 oum

1145 2103 1224 2158 sciret
1240 2103 1290 2158 has
1307 2119 1350 2156 res
1367 2103 1467 2168 inferri,
1486 2119 1581 2172 passus
1600 2107 1648 2158 est.
1674 2103 1786 2170 proinde
1804 2119 1863 2156 eum
1880 2101 1953 2156 fute-

1144 2187 1203 2226 rum
1219 2171 1269 2226 tibi
1285 2169 1431 2238 obligatum
1448 2171 1516 2236 dixi,
1535 2185 1567 2224 ac
1585 2171 1608 2224 si
1615 2171 1638 2202 ¹³
1655 2171 1820 2238 propositum
1837 2169 1895 2236 fuit,
1913 2187 1953 2224 re-

1145 2245 1157 2294 l
1194 2239 1304 2294 missum
1326 2239 1439 2294 videtur.
1475 2239 1585 2292 Servum
1609 2255 1697 2292 meum
1722 2237 1864 2292 mullerem
1890 2255 1953 2292 con·

1146 2307 1257 2362 iussu:
1275 2305 1440 2376 neglegentia
1457 2305 1512 2362 eius
1529 2305 1617 2360 mulus
1634 2311 1698 2360 tuus
1715 2305 1791 2374 perit.
1817 2305 1841 2360 si
1854 2305 1911 2376 ipse
1926 2321 1955 2362 se

1145 2377 1272 2440 locasset,
1300 2391 1333 2428 ex
1356 2375 1460 2444 peculio
1485 2375 1625 2428 dumtaxat
1648 2379 1674 2428 et
1696 2373 1725 2426 in
1747 2389 1803 2428 rem
1820 2377 1953 2428 versum2¹

1146 2443 1269 2498 damnum
1295 2443 1344 2496 tibi
1367 2447 1566 2512 praestaturum
1590 2443 1695 2498 dic0²⁵s
1721 2443 1762 2498 sin
1786 2447 1875 2496 autem
1897 2443 1955 2512 ipse

1146 2527 1206 2566 sum
1222 2513 1359 2576 locassem,
1379 2527 1433 2566 eon
1450 2511 1522 2564 ultra
1536 2527 1578 2566 me
1592 2511 1640 2564 tibi
1655 2515 1857 2578 praestatemm,
1876 2527 1955 2578 quam

1146 2581 1234 2634 dolum
1252 2581 1350 2632 malum
1368 2585 1395 2632 ct
1413 2581 1518 2648 culpam
1535 2587 1621 2634 meam
1640 2581 1746 2632 abesse:
1771 2579 1842 2648 quod
1860 2579 1882 2632 si
1900 2579 1956 2634 sine

1146 2647 1296 2704 definitione
1319 2647 1481 2726 personae²6
1499 2647 1640 2702 mulionem
1664 2661 1680 2700 a
1703 2663 1744 2700 me
1763 2647 1913 2702 conduxisti
1930 2653 1956 2702 et

1146 2731 1193 2786 ego
1212 2731 1272 2770 eem
1289 2715 1338 2768 tib1
1356 2713 1501 2782 dedissem,
1528 2715 1603 2770 ouius
1625 2715 1789 2784 neglegentia
1811 2715 1956 2770 iumentum

1145 2783 1268 2854 perierit,
1291 2785 1363 2836 illam
1388 2799 1493 2904 queque
1510 2785 1617 2854 culpam
1635 2799 1677 2838 me
1693 2785 1741 2836 tibi
1758 2789 1955 2854 praestaturum

1146 2853 1196 2918 aio,
1215 2851 1286 2922 quod
1304 2869 1365 2908 eum
1383 2853 1527 2922 eegissem,
1545 2851 1590 2922 qui
1609 2851 1736 2906 eiusmodi
1754 2855 1849 2908 damno
1868 2859 1894 2908 (θ
1909 2853 1954 2906 ad-

1146 2927 1161 2978 8
1196 2923 1295 2976 ficeret.
1330 2921 1490 2976 Vehiculum
1505 2921 1664 2986 contexisti,
1679 2927 1709 2974 et
1721 2937 1788 2976 ones
1803 2927 1878 2976 tuem
1892 2937 1955 2992 por·

1145 2995 1215 3046 taret
1233 2995 1260 3044 et
1276 2989 1397 3044 secum2¹
1413 2989 1465 3044 iter
1481 2989 1597 3044 Iaceret:
1621 2989 1649 3044 id
1667 3005 1727 3044 cum
1743 2995 1852 3058 pontem
1869 2995 1955 3044 trans-

1145 3059 1210 3124 iret,
1233 3057 1385 3126 redemptor
1409 3057 1465 3113 eius
1489 3059 1578 3128 pontis
1601 3059 1748 3128 portorium
1767 3061 1800 3112 ab
1820 3073 1850 3112 θο
1870 3059 1955 3128 exige-

1145 3127 1205 3182 bat:
1230 3127 1422 3196 quaerebatur,
1446 3143 1482 3180 an
1500 3127 1578 3182 etiam
1596 3143 1644 3196 pro
1662 3127 1722 3196 ipsa
1739 3127 1796 3182 sola
1813 3127 1878 3180 reda
1895 3143 1955 3196 pcr-

1146 3195 1242 3250 torium
1261 3193 1372 3250 daturus
1390 3195 1479 3250 fuerit.
1506 3201 1587 3264 peto,
1612 3195 1635 3248 si
1642 3195 1665 3226 ¹⁸
1682 3195 1762 3250 mulio
1780 3213 1833 3252 non
1850 3195 1955 3264 ignora-

1145 3263 1182 3318 vit
1200 3279 1232 3316 ea
1250 3279 1278 3318 se
1295 3265 1477 3328 transiturum,
1497 3279 1558 3318 cem
1572 3263 1722 3316 vehiculum
1735 3265 1844 3330 locaret,
1862 3265 1956 3318 mulio·

1147 3337 1161 3386 9
1196 3349 1256 3386 ιιθιιι
1274 3339 1411 3400 praestare
1430 3331 1533 3386 debere.
1568 3331 1667 3386 Rerum
1692 3331 1854 3398 custodiam,
1878 3347 1956 3400 quam

1145 3401 1298 3456 horrearius
1308 3401 1516 3456 conductoribus
1525 3405 1662 3470 praestare
1679 3401 1795 3466 deberet,
1811 3403 1956 3454 locatorem

1146 3475 1262 3526 totorum
1283 3469 1440 3526 horreorum
1463 3469 1600 3524 horreario
1623 3475 1761 3538 praestare
1784 3485 1839 3524 non
1862 3469 1956 3524 debere

1146 3541 1220 3606 peto,
1238 3535 1289 3592 nisi
1307 3539 1330 3592 si
1346 3539 1375 3592 in
1392 3537 1506 3592 locando
1525 3537 1602 3592 aliter
1619 3537 1779 3592 convenerit.

1181 3601 1218 3662 61
1239 3605 1391 3660 Sasernas
1415 3607 1483 3660 libro
1501 3607 1613 3676 septimo
1631 3607 1796 3676 digestorum
1832 3605 1956 3672 Oolonus,

1147 3689 1208 3726 cum
1224 3673 1282 3742 lege
1298 3673 1438 3728 locationis
1456 3691 1510 3728 noe
1528 3677 1598 3728 esset
1616 3673 1848 3742 comprehensum,
1871 3681 1902 3730 et
1919 3675 1955 3728 ri-

1146 3757 1210 3796 ueas
1228 3747 1352 3810 poneret,
1377 3741 1459 3796 nihilo
1484 3741 1571 3796 minus
1594 3741 1622 3794 in
1643 3741 1757 3796 lundo¹¹
1774 3743 1864 3796 vieeas
1881 3743 1955 3796 insti-

1146 3807 1198 3862 tuit
1205 3811 1228 3842 ³⁰
1246 3813 1272 3862 et
1288 3815 1395 3878 propter
1414 3825 1506 3862 earum
1520 3807 1637 3862 fructum
1652 3809 1725 3864 denis
1740 3811 1853 3880 amphus
1869 3811 1956 3864 aereis

1147 3877 1242 3930 annuis
1260 3893 1322 3946 ager
1340 3877 1423 3932 locari
1442 3881 1573 3946 coeperat,
1601 3877 1750 3946 quaesitum
1768 3883 1817 3944 est,
1835 3877 1857 3934 si
1873 3877 1955 3932 domi·

1147 3961 1197 4000 nus
1214 3943 1295 4000 istum
1313 3945 1437 4000 colonum
1454 3945 1560 4000 (ιιιιιὶί31
1578 3945 1690 4000 eiectum
1707 3945 1865 4014 pensionum
1883 3947 1955 4000 debi-

1146 4017 1233 4066 tarum
1252 4015 1357 4066 nomine
1376 4015 1530 4078 conveniat,
1556 4029 1590 4066 an
1613 4019 1735 4084 sumptus
1752 4013 1852 4068 utiliter
1869 4013 1956 4068 factos

1145 4079 1173 4132 (ιι
1196 4081 1277 4136 mucis
1300 4081 1469 4136 instituendis
1493 4097 1522 4134 re
1542 4087 1619 4136 utare
1641 4081 1728 4150 possit
1753 4083 1878 4150 opposita
1904 4081 1956 4136 doli

1146 4149 1208 4202 mali
1231 4149 1393 4218 exceptione.
1419 4099 1557 4218 resposis
1580 4149 1620 4204 rel
1644 4165 1775 4220 expensas
1799 4155 1955 4204 consecute·

1148 4223 1159 4270 1
1196 4233 1256 4270 rum
1271 4219 1313 4272 vel
1330 4219 1395 4270 nihil
1412 4219 1526 4286 amplius
1543 4223 1747 4286 praestaturum.
1775 4217 1878 4272 Navem
1892 4233 1955 4272 con-

1147 4285 1230 4352 duxit,
1249 4291 1279 4338 et
1297 4285 1329 4340 de
1345 4285 1483 4354 provincia
1498 4285 1641 4354 Cyrenensi
1655 4287 1805 4356 Aquileiam
1821 4287 1957 4354 navigaret

1147 4353 1197 4408 olei
1223 4353 1341 4408 metretis
1367 4353 1453 4408 tribus
1479 4355 1584 4408 mihhus
1609 4353 1740 4424 impositis
1772 4359 1799 4408 et
1832 4353 1956 4408 frumenti

1146 4419 1240 4474 mediis
1259 4425 1320 4476 octo
1344 4421 1449 4476 milibus
1475 4427 1548 4474 certa
1570 4423 1705 4476 mercede:
1732 4423 1779 4476 sed
1803 4423 1902 4486 evenit,
1927 4425 1956 4474 ut

1130 4529 1131 4532 η
1147 4493 1257 4544 onerata
1274 4489 1347 4542 nasis
1365 4489 1392 4542 in
1410 4489 1470 4558 ipsa
1486 4489 1623 4558 provincia
1637 4503 1731 4542 novem
1744 4489 1878 4544 mensibus
1895 4489 1954 4542 reti-

1147 4561 1254 4610 neretur
1269 4561 1294 4608 θ(
1308 4573 1376 4610 ones
1389 4557 1543 4624 Impositum
1558 4555 1696 4610 commisso
1706 4555 1851 4610 tolleretur.
1876 4571 1954 4624 quae·

1147 4623 1226 4678 situm
1250 4627 1304 4688 est,
1328 4639 1363 4678 an
1386 4631 1509 4680 vecturas
1534 4639 1601 4692 quas
1619 4623 1742 4678 convenit
1759 4637 1776 4676 a
1794 4625 1956 4678 conductore

1147 4691 1293 4746 secundem
1301 4691 1461 4746 locatIonem
1470 4691 1574 4760 exigere
1581 4693 1605 4724 ³²
1619 4691 1694 4744 navis
1702 4691 1796 4760 possit.
1821 4691 1956 4760 respondit

1146 4759 1293 4816 secundum
1310 4775 1343 4814 ea
1360 4777 1428 4828 quae
1445 4765 1659 4828 proponerentur
1675 4773 1763 4828 posse.

1181 4823 1221 4886 62
1238 4825 1694 4900 Laeaoiibroprimopitdouormm
1730 4825 1758 4878 Si
1771 4825 1864 4890 rivum,
1881 4843 1956 4894 quem

1145 4895 1297 4950 fumandum
1313 4897 1480 4950 conduxeras
1496 4901 1522 4948 et
1535 4895 1648 4960 feceras,
1663 4899 1804 4962 antequam
1819 4909 1880 4948 eum
1896 4911 1955 4962 pro-

1146 4963 1233 5028 bares,
1248 4963 1322 5018 labes
1336 4981 1442 5018 comum
1461 4963 1491 5028 it,
1506 4969 1582 5016 tuum
1597 4961 1744 5030 periculum
1759 4967 1806 5014 est.
1826 4961 1956 5014 Preces:

1146 5031 1224 5086 immo
1242 5029 1265 5086 si
1281 5031 1332 5086 soli
1349 5031 1412 5086 vitio
1430 4981 1460 5084 (ἒ
1475 5029 1580 5096 accidit,
1598 5029 1725 5084 locareris
1739 5029 1789 5082 erit
1801 5029 1955 5096 periculum,

1148 5097 1170 5152 si
1188 5099 1275 5168 operis
1292 5099 1356 5154 vitio
1374 5099 1480 5164 accidit,
1499 5101 1575 5152 tuum
1592 5097 1642 5152 erit
1660 5095 1854 5150 detrimentum.

1146 5339 1261 5388 lacersF
1312 5341 1356 5404 (ιθ)
1376 5341 1455 5390 teies.
1514 5340 1557 5401 (ιι)
1576 5337 1746 5402 compeririF
1798 5341 1842 5402 ((8)
1861 5341 1953 5390 maios.

1146 5407 1189 5470 ((9)
1207 5405 1373 5470 inspiciente]
1389 5407 1567 5470 lespicientem
1582 5407 1624 5466 F,
1638 5407 1667 5454 in
1688 5405 1765 5470 spinis
1782 5411 1894 5456 cessante
1909 5425 1954 5458 scr.

1145 5475 1191 5538 ((0)
1210 5473 1368 5524 sustulistis*
1457 5475 1500 5538 (all
1520 5473 1636 5524 teiesF
1727 5475 1773 5538 ((ι)
1792 5473 1957 5540 margilamF

1145 5541 1808 5608 (23)propositumnonhabuisset,quoeiamquodies.
1834 5545 1955 5608 (rtlvcrso

1144 5627 1236 5662 mesor.
1310 5613 1356 5674 ((5)
1375 5611 1478 5662 dicioF
1542 5613 1590 5678 (ιθ)
1609 5613 1737 5676 pscnaeF
1798 5611 1845 5676 ((7)
1863 5611 1954 5674 secum]

1144 5695 1311 5730 seorsemser.
1372 5683 1420 5744 [28]
1439 5679 1578 5746 portorium
1587 5683 1634 5734 ies.
1644 5679 1683 5734 F²
1743 5681 1791 5746 (ts)
1809 5677 1954 5734 (ιιιιάιιιιιῐη

1144 5749 1190 5812 (su)
1209 5749 1362 5798 iustitutiF
1434 5753 1477 5816 (31)
1496 5749 1627 5802 feedoscr.
1715 5749 1761 5816 (tt)
1781 5751 1901 5816 magister
1911 5751 1960 5802 ius·
