4366 6258
253 363 362 412 coner.
384 363 496 410 roura
1023 349 1134 412 nain
1594 365 1708 412 conso.
1732 363 1911 416 rarorum

251 531 299 584 tius
322 533 348 582 et
369 545 434 584 avus
455 527 612 584 Eudoxius¹
635 527 760 596 optimam
782 529 826 584 sui
846 529 999 586 memoriam
1020 531 1049 584 in
1101 535 1218 598 ptiairorr
1242 527 1340 608 (ἆναφέ
1354 553 1377 586 ει
1398 527 1543 608 γοῦν“[ε]λι
1561 527 1697 584 Asinaria
1713 551 1743 584 τε
1760 537 1806 584 καὶ
1823 531 1907 586 aiii-

249 595 530 668 legibusreliqueruet:
544 595 1048 654 necnonuuarruouvirumillustrem
1102 599 1170 662 ξιον,
1194 595 1295 674 ἄνδρας
1321 551 1386 668 [dai
1411 597 1503 670 ripere
1526 593 1595 668 μετά
1617 603 1767 672 Πατρίνιον
1791 597 1842 652 τὸν
1863 601 1910 666 τῆς

249 673 275 722 et
297 665 416 722 tomitem
439 677 575 720 saetarum
597 663 766 744 largitionum
784 671 812 720 et
828 665 955 736 optimum
973 669 1048 720 ante·
1101 663 1238 720 εὐκλεοῦςἱ
1255 669 1370 740 μνήμης,
1391 661 1572 740 maceratorum
1594 669 1639 718 itai
1661 661 1840 740 ἇνοιιιὴνσορα
1863 671 1909 720 aui

250 749 374 792 cessorem
390 731 469 786 huius
486 731 572 786 almae
589 733 663 786 urbis
682 735 867 788 constitutum:
892 731 938 800 qui
957 749 1048 788 omnes
1101 731 1237 788 Λεόντιον
1262 735 1312 790 τάν
1337 741 1517 810 αανεάφημον
1541 729 1595 788 ἀπὸ
1619 727 1768 806 νλντάρηων2
1794 731 1908 790 ὑπάτων

250 803 283 858 ad
297 799 460 872 praedictum
482 815 549 866 opus
566 799 644 854 electi
660 807 724 854 sunt
740 817 795 854 una
813 817 874 854 cum
891 803 1049 866 Sarranae,
1101 807 1147 854 καί
1178 807 1322 874 πατρίκιον
1350 803 1399 858 τὸν
1418 803 1501 858 αὐτοῦ
1530 797 1616 858 παῖδα
1646 797 1779 866 [denarias
1809 803 1908 856 τεθαν-

248 871 341 932 Mane,
359 867 529 930 Puosoocm,
546 867 711 932 Eurorum,
729 869 892 934 Tironiano,
912 867 1049 934 Luonmn,
1100 873 1284 938 μασμίν[οοτ)ι
1308 875 1510 936 KPATINOP]
1532 871 1581 924 aei
1602 867 1656 938 μὴν
1677 871 1726 922 τοῦ
1746 869 1906 944 μοφαλοκρε·

249 933 674 1004 Leour10‚Puaroua,Iaeoao‚
693 935 1049 1000 concamaratum,
1103 935 1257 1002 [πεστάτο]ν
1280 941 1324 988 καὶ
1346 955 1378 990 σο
1400 939 1506 992 ωτάτον
1527 937 1639 1008 adparat
1660 939 1719 992 coir
1741 939 1829 992 θείων
1847 935 1907 992 λαο-

250 1007 307 1060 viris
328 1001 551 1070 prudentissimis,
575 1001 621 1070 qui
642 1001 750 1070 patroni
773 1001 879 1070 quidem
899 1007 963 1058 sunt
985 1019 1049 1056 cau·
1099 1001 1231 1078 φιτιόνιον
1254 1001 1356 1072 (νόμον
1379 959 1409 1058 ti
1430 1013 1476 1060 ναὶ
1498 1003 1578 1062 αὐτὸς
1599 1003 1703 1082 dyadis
1720 1005 1845 1078 ἐξηγητὴς
1862 989 1908 1060 titt

249 1089 333 1130 sarum
357 1069 429 1136 apud
456 1069 600 1124 maximam
629 1073 719 1124 sedem
749 1069 948 1138 praefecturae,
981 1087 1049 1140 quae
1100 1075 1146 1140 τῆς
1165 1069 1305 1142 βασιλίδος
1327 1071 1424 1138 ταύτης
1446 1075 1521 1128 ἐστίν
1544 1073 1672 1142 atnam
1696 1079 1742 1126 καὶ
1765 1071 1830 1146 repis
1847 1071 1907 1126 κοά-

249 1137 414 1196 oricutalibus
435 1139 576 1206 praetoriis
598 1139 745 1206 praesidet,
770 1151 848 1192 omne
872 1143 961 1192 autem
984 1155 1049 1192 suae
1100 1157 1155 1194 τοιο
1186 1141 1408 1194 reuertitur*
1439 1145 1554 1196 MHNA
1586 1145 1820 1198 ΠΡΟΣΔΟΚΙΟῬ
1847 1143 1907 1194 EP-

248 1207 346 1262 rirtutis
368 1205 548 1260 testimonium
570 1205 688 1286 undique
709 1205 871 1274 accipientes
893 1213 920 1260 et
937 1221 954 1260 a
971 1207 1048 1262 uobis
1104 1211 1274 1262 ToArmor
1298 1209 1485 1260 rinoenor
1502 1211 1698 1266 Aaenreor‘
1716 1211 1910 1264 Anortmor

249 1277 281 1330 sd
296 1271 361 1328 tanti
375 1273 462 1340 operis
478 1279 729 1328 consummationem
744 1271 823 1328 eiecti
837 1279 907 1328 sunt.
935 1281 969 1340 et,
989 1289 1049 1328 cum
1100 1277 1314 1328 uaesanae
1342 1277 1512 1328 rAKeaor
1533 1281 1833 1334 ΚΩΝΣΤΑΝΤΙΝΟῬ
1856 1279 1904 1328 rn-

249 1357 333 1398 omnes
346 1341 374 1394 in
389 1355 470 1394 unum
485 1345 664 1394 convenerunt
676 1341 869 1410 gubernatione
882 1341 1048 1396 Tumomrnr
1100 1347 1236 1398 ANNOP
1247 1345 1306 1396 raia
1323 1341 1501 1412 σοφωτάτων,
1523 1343 1599 1418 οἵπερ
1616 1347 1717 1400 πάντες
1733 1347 1841 1420 ῥήτορσι
1856 1349 1908 1416 μέν

248 1411 293 1466 riri
309 1409 410 1472 arcein,
429 1415 460 1460 ut
476 1411 581 1462 tantum
598 1425 666 1478 opus
680 1409 757 1462 uobis
773 1409 930 1464 auctoribus
944 1409 1048 1478 possint
1100 1413 1170 1466 εἰσιν
1179 1415 1238 1466 τῶν
1249 1407 1435 1472 ἐνδοξοτάτων
1445 1403 1575 1490 ὑπάρχων
1584 1415 1641 1466 τιὸν
1652 1413 1733 1488 tapeta
1741 1409 1818 1484 ἡμῶν
1828 1433 1906 1488 αραι-

250 1475 385 1538 conficere,
418 1475 468 1530 deo
490 1477 605 1544 propitio
629 1477 657 1530 in
680 1475 832 1544 praedictos
856 1477 1049 1546 quinquaginta
1100 1485 1220 1552 τιορίων,
1238 1475 1323 1542 δόξαν
1340 1475 1369 1530 ii
1386 1475 1562 1550 παράστασιν
1576 1477 1626 1544 τὴν
1639 1483 1686 1536 ini
1699 1489 1782 1556 σοφία
1797 1481 1906 1536 δικαίως

252 1551 278 1598 lo
309 1545 389 1596 libros
410 1559 478 1610 opus
501 1547 730 1598 consummatum2
752 1549 801 1598 est.
836 1543 924 1598 Tanta
941 1547 1048 1600 autem³
1100 1549 1204 1612 ἔχοντες
1229 1545 1339 1598 εἰκότως
1364 1541 1430 1616 παρ’
1459 1539 1536 1614 ἡμῶν
1562 1547 1711 1618 ἐκρίθησαν
1733 1549 1803 1614 ἄξιοι
1825 1549 1906 1604 καθο-

249 1611 319 1666 nobis
340 1609 605 1680 antiquitati,habita
626 1617 668 1666 est
690 1613 852 1676 reverentia,
875 1613 923 1665 utt
940 1613 1048 1668 nonina
1100 1613 1197 1684 σηάναι
1219 1615 1269 1668 τοῦ
1289 1615 1419 1668 τοσούτω
1439 1619 1582 1682 μετασχεῖν
1604 1609 1713 1688 ἀγῶνος.
1747 1619 1835 1670 ταῦτα
1856 1621 1906 1688 μὲν

247 1677 595 1802 {adsiduitate
608 1679 1047 1802 “tinternensis
1100 1685 1150 1800 λλ
1170 1677 1474 1802 utrumn
1491 1679 1620 1802 iiiiii
1643 1681 1908 1814 tritutari

248 1813 348 1880 digestis
371 1763 515 1892 insciiptus
534 1787 600 1892 'esti
620 1763 678 1868 iroc
708 1763 892 1868 tantumediodc
924 1787 942 1868 d
968 1817 1047 1870 nobis
1098 1769 1131 1872 id
1151 1769 1212 1868 φιλλ
1229 1799 1459 1888 superindicta.
1494 1767 1666 1882 desistite
1682 1811 1745 1886 ἡμῖν
1763 1771 1908 1886 αίδώιντληο

249 1881 342 1944 effecto,
359 1885 398 1946 ut,
416 1897 440 1936 οι
453 1881 516 1950 qurd
532 1899 561 1936 m
574 1883 675 1950 legibus
691 1897 782 1936 eorum
795 1883 837 1936 vel
851 1897 1047 1952 supervacuum
1098 1883 1272 1958 apponderarat
1288 1889 1405 1958 γέγονεν,
1430 1877 1502 1936 ὥστε
1518 1881 1581 1936 οὐδὲ
1597 1879 1728 1956 ipseper·
1744 1883 1792 1938 τάο
1809 1903 1907 1960 προση-

248 1949 285 2002 rel
306 1947 480 2026 inperfectum
503 1949 544 2002 vei
566 1951 653 2004 miuus
674 1949 799 2004 idoneum
820 1949 906 2004 visum
927 1955 979 2016 est,
1005 1951 1047 2006 vel
1097 1957 1189 2024 μορίαι
1207 1955 1266 2006 τῶν
1283 1951 1441 2024 ἔμπροσθεν
1458 1951 1623 2020 νομοθετῶν
1634 1945 1824 2036 ὑπεμείναμεν,
1841 1947 1907 2006 ἀλλὰ

247 2015 414 2068 adieotlonem
436 2015 477 2070 vet
501 2015 706 2072 deminutionem
728 2015 908 2072 necessariam
932 2015 1047 2086 accipiat
1099 2017 1149 2086 τὴν
1166 2017 1279 2072 ἑκάστου
1295 2019 1475 2088 τούτωντοῖε
1491 2015 1582 2088 νόμοις
1599 2021 1789 2092 ἐπεγράψαμεν
1809 2037 1905 2094 προση·

248 2087 272 2136 ct
286 2081 435 2138 rectissimis
452 2083 576 2138 tradatur
593 2085 699 2152 regulis.
734 2091 762 2138 et
782 2085 831 2138 iu⁵
848 2085 937 2138 multis
955 2083 1046 2138 simili-
1097 2091 1200 2172 φορίαν,
1214 2083 1377 2160 ἀμείψαντες
1388 2087 1440 2156 μὲν
1454 2085 1482 2140 ri
1491 2105 1520 2138 τι
1532 2103 1584 2160 περ
1597 2087 1667 2154 ἔχειν
1687 2081 1695 2100 ‘
1715 2091 1743 2140 ’ίν
1756 2081 1803 2138 σάν
1816 2085 1908 2174 ὀρθῶς

247 2151 293 2204 bus
313 2151 353 2204 rel
375 2153 516 2204 contrariis
542 2153 614 2222 quod
638 2151 738 2208 raedas
764 2153 864 2208 habere
889 2153 1046 2222 apparebat,
1099 2153 1200 2218 idonea,
1222 2159 1290 2228 μέρη
1310 2153 1341 2210 di
1354 2153 1392 2210 τά
1406 2155 1458 2214 μὲν
1474 2149 1618 2226 ἀφελόντες
1633 2153 1668 2208 τά
1702 2153 1908 2242 inpenderent,

247 2219 294 2270 hoo
313 2233 361 2296 pro
386 2219 444 2298 aliis
469 2219 590 2276 omnibus
608 2221 723 2288 positum
741 2225 783 2276 est
799 2235 906 2290 unaque
924 2221 1047 2276 omnbus
1099 2227 1128 2276 tn
1145 2219 1257 2276 πολλῶν
1273 2243 1304 2276 τε
1319 2219 1352 2276 τὸ
1367 2219 1479 2278 κάλλιον
1496 2219 1617 2292 ἑλόμενοι
1634 2227 1680 2276 καὶ
1695 2219 1747 2290 τὴν
1762 2223 1822 2290 ιὀην
1836 2217 1907 2276 λίπα·

248 2289 396 2338 auotontate
412 2285 525 2352 indulta,
542 2293 573 2342 nt
590 2289 718 2356 quidquid
734 2289 771 2344 ibi
786 2289 977 2356 scriptumest,
995 2289 1047 2342 hoc
1098 2307 1143 2342 σιν
1161 2289 1347 2362 παρασχόντες
1362 2291 1410 2356 τῆς
1426 2291 1548 2354 ἐξουσίαι
1564 2289 1647 2356 ἰαχάν.
1680 2285 1751 2344 ὥστε
1767 2291 1824 2344 πᾶν
1840 2285 1908 2364 ὅπερ

247 2357 359 2406 nostrum
380 2359 511 2420 appareat
536 2361 563 2408 et
585 2369 619 2410 ex
640 2363 732 2408 nostra
755 2355 892 2412 voluntate
914 2357 1045 2424 composi·
1098 2361 1279 2430 ἐνγέγραπται
1304 2359 1346 2426 τῷ
1370 2357 1486 2426 βιβλίῳ,
1514 2359 1593 2410 τοῦτο
1620 2351 1752 2430 ἡμοτιέροιθ
1777 2357 1908 2432 persudat

247 2427 308 2474 tum:
329 2421 432 2474 nemine
453 2421 569 2476 audente
593 2439 749 2492 comparare
767 2439 798 2478 ea
816 2439 884 2492 quae
901 2423 1046 2492 antiquitas
1096 2423 1200 2498 γνώμῃ,
1217 2423 1322 2494 μηδένα
1340 2443 1370 2478 το
1386 2425 1504 2498 θαρρεῖν
1520 2427 1707 2498 παρατιθέναι
1724 2423 1907 2498 tarentasia

246 2487 354 2541 habetat
370 2489 414 2542 et6
437 2505 506 2558 quae
524 2495 615 2546 nostra
632 2491 780 2546 auctoritas
797 2491 959 2558 introduxit,
983 2493 1047 2560 quia
1097 2495 1147 2546 eir
1169 2495 1224 2546 eois
1244 2489 1413 2566 ἔμπροσθεν,
1436 2489 1531 2560 ἐπειδὴ
1547 2489 1633 2548 πολλοὶ
1649 2497 1695 2546 καὶ
1712 2489 1774 2546 ccidi
1790 2489 1908 2568 dipidan-

247 2555 321 2608 multa
334 2561 360 2608 et
374 2557 489 2610 maxima
506 2563 576 2624 sunt,
594 2573 662 2626 qnae
675 2567 785 2628 propter
799 2559 940 2612 utilitatem
955 2573 1046 2614 rerum
1097 2563 1185 2626 θῆναι
1203 2559 1286 2630 ῥᾴδιοι
1302 2561 1533 2630 μετατιθείκαμιν
1550 2561 1587 2614 ric
1604 2559 1636 2614 τὸ
1657 2565 1788 2634 κρεῖττον,
1811 2555 1862 2614 κάν
1884 2563 1910 2612 εἴ

248 2621 426 2702 uausiormata
444 2627 516 2702 sunt.
551 2625 617 2678 adeo
638 2633 669 2680 ut
691 2633 717 2678 et
740 2627 763 2680 si
783 2627 959 2696 principatui
982 2643 1045 2680 oon·
1097 2647 1125 2682 τι
1142 2625 1270 2700 βασιλικῇ
1286 2629 1408 2682 τινλτολν
1423 2627 1613 2714 παλαιοτέρων
1628 2623 1837 2702 αι’νιοιιρατόρων
1852 2625 1908 2682 δια·

248 2695 342 2768 intuto
362 2691 452 2744 fuerat
473 2707 501 2744 m
524 2693 657 2748 rensibus
680 2693 755 2748 libris
778 2693 862 2750 τελεία
870 2695 888 2762 ⁸,
911 2707 998 2762 neque
1021 2693 1047 2748 ei
1097 2693 1172 2758 τάξει
1193 2693 1261 2766 πρὸς
1281 2691 1389 2748 ἀλλοῖον
1411 2695 1501 2768 εἴρητο
1523 2711 1620 2766 σχημα.
1652 2693 1689 2750 τά
1729 2699 1759 2750 iv
1769 2693 1832 2780 μὰρ
1848 2691 1906 2750 toi·

247 2773 417 2826 pepercimus,
438 2759 485 2814 sed
503 2763 530 2812 et
546 2761 598 2814 hoc
616 2759 801 2830 corrigendum
818 2777 879 2816 esse
894 2761 1046 2830 putarimus
1097 2781 1171 2830 ματα
1187 2765 1244 2814 τοῖο
1260 2765 1419 2836 anancaeo
1436 2759 1614 2834 ἐφνλάξαμιν,
1630 2761 1683 2846 τὴν
1697 2717 1799 2820 iiras
1814 2761 1909 2834 νόμων·

248 2831 272 2876 et
286 2825 311 2876 iu
326 2825 418 2880 melius
437 2827 667 2882 restauraretur.
691 2829 842 2884 nominibus
859 2829 957 2884 etenim
974 2837 1045 2882 vete·
1097 2825 1233 2896 ἀληθειαν
1257 2825 1389 2902 ἡμετέραν
1415 2829 1615 2900 emancipata,
1641 2827 1736 2906 αλσνιερ
1760 2835 1806 2886 καί
1831 2831 1860 2886 ei
1880 2851 1909 2886 τι

248 2893 312 2946 dhus
334 2891 447 2956 relictis,
476 2893 606 2962 quidquid
629 2897 717 2964 legum
738 2897 846 2950 veritati
869 2897 994 2950 decorum
1017 2903 1045 2948 et
1097 2895 1314 2966 sancratissimi
1331 2901 1440 2952 ίαείνοιο
1457 2901 1490 2966 ἠν
1508 2895 1604 2964 (πολλὰ
1620 2897 1650 2952 is
1666 2897 1831 2954 τὰτοιαῦτα
1845 2891 1908 2954 άπά-

248 2959 414 3014 neccssarium
432 2961 533 3024 fuerat,
557 2963 609 3018 hoc
627 2963 725 3018 nostris
743 2963 971 3018 emendationibus
989 2979 1044 3016 ser·
1096 2967 1193 3028 κιιτο),
1219 2963 1301 3018 τοῦτο
1327 2963 1452 3038 διῄρηται
1476 2983 1508 3018 τι
1533 2969 1579 3018 καί
1604 2969 1775 3040 κεκέρασται
1800 2969 1846 3020 καί
1872 2969 1909 3018 εἰσ

249 3027 368 3106 ravimus..
396 3033 423 3082 et
445 3035 555 3096 propter
575 3029 647 3084 hanc
670 3047 778 3086 causam
803 3035 830 3084 et
850 3029 874 3084 si
894 3029 959 3098 qnid
975 3029 1045 3084 inter
1098 3035 1127 3084 11
1164 3031 1239 3102 σαφῆ
1257 3019 1415 3104 repatrians
1430 3029 1506 3086 τέλοο
1522 3035 1620 3098 morra
1634 3033 1728 3102 νόμον.
1751 3029 1862 3102 ’Mardi
1879 3031 1909 3086 di

248 3111 288 3148 cos
309 3095 493 3162 dubitabatur,
518 3095 569 3152 hoe
589 3097 644 3152 iam
665 3097 695 3152 iu
716 3099 877 3152 tudssimam
893 3095 1015 3166 pervenit
1023 3099 1044 3130 ¹⁰
1097 3099 1248 3178 ἐχρῆννκαί
1264 3117 1328 3152 τινα
1347 3105 1462 3180 μρτρίαν
1486 3099 1638 3182 εἰσαγωγὴν
1653 3099 1826 3170 ποιήσασθαι
1841 3099 1909 3174 πρὸς

249 3169 273 3216 n
306 3163 425 3232 amcam,
443 3163 517 3218 nuno
536 3165 668 3218 titubante
685 3167 788 3220 relicto.
823 3163 876 3218 Sed
899 3179 960 3218 cum
980 3179 1044 3234 pre·
1095 3181 1235 3252 τονοαρτι
1252 3163 1349 3236 νόμων
1364 3185 1436 3220 aare
1457 3173 1532 3222 ίνονο
1547 3173 1596 3248 καί
1609 3187 1660 3248 την
1674 3173 1759 3236 μείζω
1782 3165 1908 3222 dedarea-

247 3233 378 3300 speximus,
397 3229 469 3298 qnod
486 3229 521 3284 ad
537 3233 697 3300 portandam
713 3239 806 3286 tantae
823 3233 969 3300 sapientiae
986 3247 1043 3284 mo·
1095 3229 1158 3284 λίαν
1171 3251 1202 3284 ον
1216 3233 1379 3306 χωρούντων,
1394 3189 1457 3288 otii
1467 3235 1549 3290 reiro
1562 3251 1608 3302 aas
1622 3239 1749 3310 ημετέραο
1763 3235 1818 3300 ἔξω
1831 3255 1907 3290 κατε·

245 3299 291 3352 lem
305 3315 357 3352 nou
374 3303 438 3352 suut
454 3297 544 3352 idonei
560 3299 682 3354 homiues
698 3301 779 3356 rudes
797 3303 825 3354 et
841 3299 887 3366 qui
906 3299 1043 3368 inprimis

246 3365 323 3434 legum
346 3365 482 3420 vestibulis
514 3371 613 3420 stantes
639 3367 740 3422 muare
767 3365 801 3420 ad
828 3383 927 3420 arcana
951 3381 1043 3420 corum

246 3439 387 3502 properant,
404 3437 431 3486 et
444 3433 524 3486 adam
537 3433 696 3488 mediocrem
709 3433 920 3488 emendationem
929 3437 949 3468 ¹¹
964 3449 1043 3502 prae·

246 3501 382 3568 parandam
396 3515 454 3554 csse
469 3501 628 3566 censuimus,
643 3505 675 3554 ot
689 3503 737 3554 sub
752 3515 785 3554 ca
800 3501 911 3554 colorati
926 3507 952 3556 et
967 3499 1044 3568 quasi

246 3569 356 3636 primitiis
374 3569 490 3622 omnium
507 3569 594 3624 inbuti
609 3567 714 3636 possint
733 3569 769 3620 ad
785 3569 933 3638 penetralia
950 3583 1043 3624 eorum

246 3637 336 3692 muare
353 3641 379 3692 et
395 3635 510 3690 formam
526 3635 612 3706 legum
629 3635 836 3706 pulcherrimam
849 3653 904 3692 non
915 3635 1043 3692 'cunimu-

247 3843 273 3906 it)
289 3839 543 3906 quipostPatricium
556 3839 666 3890 inclutae
682 3839 862 3890 reeordationis
877 3841 1046 3902 quaestorium
1097 3839 1126 3902 (ι)
1145 3831 1453 3902 driccaaaaiaaoorr
1502 3843 1536 3908 (a)
1552 3843 1654 3894 aniius.
1696 3827 1740 3908 (3)
1757 3847 1908 3916 yeHereier

247 3911 451 3958 aanteceseorem
465 3911 490 3958 et
502 3905 636 3958 Leontium
653 3907 735 3956 virum
752 3905 957 3970 gloriosissimum
974 3921 1045 3972 prae-
1097 3907 1130 3986 (t)
1149 3923 1286 3974 στοφανον
1300 3911 1326 3958 F
1389 3911 1545 3974 insertasse
1560 3901 1707 3978 ἀπαλεῖψαι
1776 3915 1810 3976 (θ)
1826 3911 1908 3966 τοῦτο

246 3975 366 4026 teutonum
375 3973 563 4040 (preciosiorem
572 3975 621 4040 Fi)
631 3977 655 4026 et
664 3971 819 4026 considerem
828 3975 1045 4040 atquepatricium
1097 3977 1235 4044 [νμέτερον
1247 3971 1318 4026 εἶναι
1333 3969 1487 4038 donatrici]
1502 3969 1678 4046 incorporer.

247 4043 376 4094 iliumcius
386 4045 432 4094 ins.
441 4039 512 4092 1³²8
563 4045 594 4106 (2)
613 4043 835 4094 cousummanmd’
876 4042 909 4107 (a)
926 4041 1047 4094 einaF²

248 4111 363 4174 irinati*
419 4109 607 4172 (aJqu,ch
667 4109 702 4172 (ο)
720 4109 867 4172 ελλζλιίοις
926 4111 957 4174 (ο)
975 4109 1046 4174 prin-

247 4177 390 4244 cipalibueF
455 4177 488 4242 (8)
506 4175 621 4228 reletad’
681 4177 716 4242 (a)
733 4175 799 4226 hanc
811 4175 984 4242 corrigendam
995 4191 1047 4226 esse

245 4245 376 4308 pauninus
386 4241 546 4294 etinmelins
554 4243 741 4296 restaurandam
752 4243 821 4296 F²S
895 4245 939 4308 (to)
957 4259 1047 4310 repue-

246 4313 312 4364 nitr
373 4315 414 4376 (11)
433 4311 632 4364 eruditionemS

247 4449 1905 4476 Μ

247 4543 401 4610 tudinium,
416 4547 465 4616 pai
478 4545 532 4598 riri
544 4547 571 4600 in
584 4547 651 4600 iuris
659 4547 808 4616 prudentia
818 4549 882 4616 post
894 4545 1044 4600 Patricium
1097 4547 1316 4610 sustinuerimus,
1333 4545 1381 4598 sed
1397 4543 1566 4614 sinpuiorum
1583 4543 1692 4598 nomina
1709 4541 1812 4614 teritus
1823 4559 1908 4614 prae·

246 4613 328 4666 cierae
337 4613 477 4666 memoriae
488 4615 671 4682 quaestoriam
683 4617 710 4668 ei
718 4619 912 4670 antecessorem
924 4617 952 4666 et
959 4613 1046 4668 Leon·
1099 4615 1155 4668 scri
1172 4615 1301 4676 sadrius,
1322 4615 1458 4664 παίονται
1477 4611 1581 4666 scilicet
1598 4613 1625 4664 si
1644 4611 1712 4692 qaid
1730 4611 1820 4666 minus
1834 4617 1907 4670 recte
1928 4627 1930 4634 ·

246 4679 399 4752 tiamcirurn
411 4681 635 4748 pieriosrtsimum
648 4683 840 4754 expraefecto
851 4683 988 4752 praetorii
1000 4685 1045 4748 [et]
1097 4697 1125 4734 se
1157 4679 1383 4736 ataeoideretur
1415 4677 1601 4746 articulosque
1611 4677 1682 4732 airas
1693 4677 1826 4734 dementes
1837 4679 1908 4736 atius

246 4763 279 4802 en
292 4747 395 4802 consuta
409 4753 435 4800 et
444 4747 593 4816 patricium
605 4749 693 4818 sitium
707 4751 765 4802 eins
778 4751 838 4802 iure
852 4749 1047 4816 celebramur).-
1098 4749 1227 4802 addentes
1242 4751 1270 4802 et
1286 4763 1323 4802 en
1339 4695 1430 4800 mutiis
1442 4743 1629 4816 pantomimo
1643 4763 1767 4826 quaeque
1779 4747 1908 4820 eiipentes

247 4813 579 4876 etdarrrnoorrciiiusiri
589 4817 1046 4896 eiprudeniissimocomitesacra
1097 4817 1275 4870 omnibusne
1297 4829 1411 4886 aequam
1434 4811 1605 4866 auctoritatis
1625 4829 1678 4868 eim
1697 4817 1854 4882 manentes,
1877 4819 1908 4868 at

246 4895 298 4934 ram
314 4881 495 4952 tarantarum,
514 4885 563 4952 qui
576 4887 603 4936 et
617 4899 675 4952 epse
689 4887 757 4940 iuris
771 4887 905 4954 interpres
919 4885 1047 4956 epreqius
1097 4831 1238 4954 quidquid
1248 4883 1276 4936 in
1294 4883 1361 4936 titre
1379 4879 1510 4948 scriptum
1527 4881 1576 4946 sii,
1599 4883 1730 4946 [nostrum
1748 4899 1805 4938 esse
1821 4901 1908 4954 appa·

248 4955 282 5000 est
296 4951 322 5002 in
339 4947 390 5020 dac
406 4951 483 5020 rapio
501 4953 622 5016 civitate,
646 4953 673 5002 ei
689 4955 803 5020 praeter
826 4951 875 5006 ios
891 4951 1047 5006 Serranae
1096 4955 1157 5006 reat
1177 4955 1213 5016 ct]
1235 4967 1274 5004 ea
1294 4955 1387 5002 nostra
1403 4945 1541 5000 uoluntate
1558 4953 1747 5022 compositum,
1767 4967 1818 5006 nec
1834 4953 1908 5022 puta·

245 5011 323 5068 Mera
353 5015 517 5070 Prosocero
549 5017 702 5072 Euroram
735 5019 888 5074 Trnornro
912 5019 1045 5074 Leonica
1097 5035 1179 5090 quani
1202 5017 1303 5072 audeat
1324 5033 1395 5086 puae
1418 5031 1491 5070 nanc
1513 5015 1591 5084 facia
1613 5025 1677 5074 suat
1693 5037 1753 5076 curn
1766 5021 1909 5092 prioritas

246 5081 365 5138 incurro
389 5083 527 5138 Patrona
551 5085 660 5140 Irooao
689 5085 885 5140 t'orsrrrrrro
910 5085 1047 5140 tornare
1094 5087 1236 5206 consenc,
1259 5085 1389 5154 quoniam
1411 5083 1497 5138 muita
1519 5101 1569 5140 nec
1586 5085 1674 5166 facite
1695 5087 1863 5142 nunaunda
1880 5089 1908 5142 in

245 5151 303 5202 a'n's
320 5151 552 5220 prudentissimis,
576 5153 626 5222 pai
641 5167 732 5206 omnes
750 5153 876 5208 advocati
891 5161 955 5206 sani
971 5155 1048 5224 apud
1097 5171 1137 5206 me
1148 5153 1191 5206 rur
1213 5151 1435 5222 reformavimus,
1458 5153 1566 5206 etiamsi
1581 5169 1609 5208 cn
1625 5171 1706 5210 sana
1722 5155 1817 5224 atique
1829 5157 1909 5226 prio·

245 5217 309 5270 raes
329 5217 534 5286 pioricsissirnos
553 5219 711 5290 praefectos
734 5235 874 5272 sommum
891 5225 1046 5274 riosirorum
1095 5237 1156 5274 rum
1172 5219 1331 5290 φιλοτίμων
1353 5219 1542 5274 cruditatium
1559 5221 1626 5290 quid
1641 5223 1678 5276 sit
1694 5221 1732 5276 cd
1748 5223 1830 5276 eiiam
1846 5221 1908 5292 for·

242 5285 448 5360 praetoriorum,
465 5287 632 5356 prudentiae
652 5291 741 5342 aaran
762 5285 842 5354 fama
863 5305 880 5342 a
900 5287 940 5342 ud
955 5303 1047 5342 omnes
1095 5303 1166 5342 mam
1175 5285 1368 5356 perscrr'piiam.
1391 5287 1503 5342 nemina
1516 5291 1586 5342 enim
1593 5291 1722 5358 priorum
1734 5291 1909 5354 servarimus,

245 5363 297 5402 iure
320 5351 446 5406 celebrati
469 5371 487 5408 a
513 5355 589 5410 noia
615 5355 711 5408 maiia
737 5353 816 5422 dipni
837 5355 951 5410 iniecti
973 5363 1044 5422 suat,
1096 5357 1185 5426 iepum
1203 5357 1292 5408 autem
1307 5357 1445 5410 ceritatem
1463 5361 1584 5410 nostram
1600 5357 1731 5426 fecimus,
1753 5357 1827 5420 atsi
1841 5359 1909 5426 quid

245 5417 288 5484 qni
307 5417 376 5472 iane
398 5419 515 5476 latorem
537 5423 675 5476 naturam
695 5423 870 5492 accceperant.
905 5421 972 5474 baec
995 5423 1045 5492 ipi-
1096 5421 1173 5490 apud
1187 5421 1248 5474 titos
1262 5429 1462 5478 controversum
1476 5423 1686 5492 esseitpiurima
1700 5441 1764 5478 nero
1778 5425 1908 5478 emanarit

245 5489 285 5534 tur
306 5485 338 5538 de
359 5485 523 5556 dipesiorum
546 5489 738 5558 compositione
760 5505 777 5542 a
803 5489 881 5542 nobis
905 5487 1044 5542 elaborata
1097 5491 1199 5552 erant),
1222 5487 1252 5540 ici
1273 5489 1389 5544 decisam
1410 5493 1447 5544 sii
1463 5497 1490 5546 et
1507 5489 1711 5544 determinatum
1727 5499 1755 5544 et
1771 5489 1908 5544 redactum

243 5555 301 5604 uni
335 5569 363 5606 er
380 5567 425 5606 eos
442 5569 511 5624 quos
527 5555 606 5610 niodo
624 5555 745 5612 diximus
760 5555 923 5610 clarissimos
938 5561 965 5606 ct
973 5571 1044 5624 pra·
1097 5559 1126 5608 11
1163 5555 1200 5606 act
1225 5553 1309 5626 tepere
1335 5563 1435 5612 certam
1463 5561 1489 5612 et
1515 5555 1659 5624 delinitam.
1701 5555 1833 5624 Quoniam
1859 5573 1907 5608 au-

246 5621 274 5670 to
323 5623 470 5674 eniasimcs
494 5621 575 5676 circs.
615 5623 704 5678 Tanta
729 5627 819 5678 autem
836 5621 1002 5690 {antiquitati
1026 5639 1045 5676 a
1096 5627 1147 5674 tem
1169 5625 1349 5678 necessarium
1372 5629 1432 5678 erat
1454 5627 1535 5678 etiam
1558 5623 1689 5678 modicam
1712 5623 1848 5694 pacarem
1867 5625 1909 5678 in-

244 5687 314 5740 notis
335 5687 425 5744 tabita
447 5689 596 5744 reverentia
620 5695 674 5756 est,
698 5697 728 5744 ui
751 5707 785 5744 ree
808 5687 1041 5758 nomina'puirtem
1095 5687 1289 5744 traductionem
1310 5693 1445 5772 perficere
1463 5695 1582 5762 prepter
1604 5707 1663 5758 eos,
1691 5693 1739 5760 qui
1761 5705 1849 5760 nuper
1872 5691 1910 5746 ad

242 5755 355 5820 puerum
390 5757 457 5810 iuris
488 5759 641 5824 ¹peritorum
675 5765 781 5810 crantore
815 5757 903 5820 [immo
935 5755 1043 5820 detail,
1094 5757 1137 5810 ins
1153 5771 1182 5810 se
1199 5755 1392 5828 applicuissent
1414 5771 1464 5812 nec
1484 5759 1611 5812 maiorem
1636 5757 1787 5812 doctrinam
1811 5771 1910 5828 capere
