4366 6258
1045 349 1105 422 571
1689 349 1861 418 xxxvm
1883 359 1902 416 2

260 369 461 422 dissepultum

260 535 395 600 decesserit,
413 539 527 604 patrono
541 537 624 606 partia
638 537 744 592 debitae
757 537 890 592 bonorum
903 535 1050 606 possessio·
1100 547 1183 612 nepos
1205 535 1389 604 exheredatus,
1412 535 1518 590 nocebit
1539 535 1563 588 ei
1585 527 1754 586 exheredatis
1776 529 1811 584 ad
1832 529 1903 586 bona

247 623 309 664 ‘nem
329 605 452 658 adversus
475 605 648 658 substitutum
672 611 828 672 competere.
867 605 988 670 idemque
1010 609 1050 656 cst
1100 601 1254 656 hbertorum
1271 605 1407 658 avitarum.
1607 643 1608 646 ,

260 683 282 730 et
304 675 324 730 el
347 673 415 726 tillus
438 671 478 724 sel
500 687 554 724 nou
575 673 681 740 petierit
704 673 833 728 bonorum
854 671 1049 742 possessionem
1134 665 1173 724 28
1196 671 1401 726 Fronnnrruos
1427 671 1494 724 libro
1517 669 1617 724 decimo
1640 663 1835 746 instinctionem
1853 731 1860 742 ·
1876 667 1902 718 Si

260 755 364 810 tempore
383 739 504 794 exclusus
522 739 563 792 vel
576 739 761 808 repudiaverit.
791 741 814 794 ai
831 757 892 794 sero
911 737 1049 792 deficiente
1099 735 1127 788 in
1143 735 1294 792 libertinum
1312 739 1522 792 animadversum
1543 737 1606 802 erit,
1628 739 1748 806 patroms
1771 745 1829 812 erus
1851 749 1902 796 rus,

261 811 401 868 condicione
417 807 550 862 hereditas
574 807 609 862 ad
630 807 714 860 filium
752 805 875 874 ertiueat,
899 805 1048 874 emancipe·
1100 803 1170 870 quod
1192 805 1220 856 in
1243 807 1320 860 bouis
1342 807 1398 862 eius
1420 805 1537 860 habituri
1558 807 1659 868 essent,
1685 803 1707 856 si
1727 801 1750 856 is
1772 817 1800 854 ιι
1825 817 1902 868 quem

260 891 306 936 turn
327 877 413 946 potius
434 875 552 930 tuebitur
574 881 681 944 praetor
704 889 720 928 a
740 889 831 928 sersus
848 875 1048 930 substitutum¹.
1099 869 1309 928 animadversum
1327 879 1368 926 est
1385 889 1434 928 sua
1450 877 1535 926 morte
1551 872 1716 938 decessisset,
1740 869 1904 938 eripiendum

260 949 366 1006 existimo
384 949 486 1008 autem,
505 945 627 1012 quotiens
644 943 694 998 sub
712 943 867 996 condicione
884 943 961 996 heres
979 943 1048 994 filius
1099 955 1152 990 non
1176 943 1224 990 est.
1259 941 1306 994 sed
1327 941 1578 1008 reliquampartem
1602 941 1743 1006 bonorum,
1771 953 1839 1007 quae
1868 937 1904 992 ad

261 1017 384 1078 scribitur,
410 1013 475 1066 alias
499 1009 676 1066 necessariam
698 1025 756 1066 esse
780 1011 1009 1066 exheredationem
1033 1023 1050 1062 a
1100 1007 1316 1060 manumissorem
1339 1009 1396 1060 iure
1421 1007 1491 1062 cirili
1513 1025 1566 1062 uon
1588 1009 1734 1076 pertineat,
1756 1009 1823 1062 fisco
1846 1011 1904 1060 esse

261 1081 489 1144 subsarcinatus
507 1093 712 1148 supervacuam:
731 1095 792 1132 nam
810 1079 1048 1146 siidgeouscon-
1103 1079 1110 1126 l
1149 1075 1332 1128 rindicmdam
1354 1075 1451 1142 placet.
1490 1075 1591 1130 Eadem
1615 1083 1753 1132 serantur
1775 1077 1804 1130 in
1827 1077 1904 1132 bonis

261 1153 357 1208 dicionis
380 1147 472 1210 fuerit,
497 1161 565 1216 quae
587 1149 615 1198 in
637 1153 771 1214 potestate
792 1147 840 1198 lilii
863 1153 945 1210 esset,
969 1145 1050 1198 veluti
1101 1157 1190 1196 eorum
1208 1141 1253 1208 qui
1265 1147 1337 1194 metu
1351 1143 1527 1198 accusationis
1541 1149 1651 1198 mortem
1664 1147 1714 1198 sibi
1728 1145 1904 1200 consciverint

261 1233 318 1276 ‘cum
338 1219 522 1270 testamentum
545 1213 654 1280 iecerit',
677 1219 744 1282 puto
765 1213 844 1268 etiam
866 1215 964 1268 omissa
986 1229 1050 1268 con·
1100 1215 1147 1264 aut
1163 1209 1290 1276 fugerint,
1314 1223 1383 1278 quae
1403 1209 1431 1262 in
1454 1209 1638 1264 damnatorum
1659 1213 1735 1268 bonis
1758 1213 1904 1268 constituta

260 1287 348 1342 dicione
364 1283 446 1336 tilium
462 1283 550 1336 locum
568 1281 719 1336 substitutis
737 1283 839 1336 iacere:
863 1281 886 1336 si
904 1297 967 1336 vero
986 1297 1048 1336 ceu·
1100 1281 1170 1332 sunt.

260 1353 317 1410 dicio
339 1369 390 1404 oon
413 1351 494 1404 tuerit
516 1351 544 1402 in
566 1355 699 1418 potestate
721 1349 783 1418 filii,
806 1349 887 1402 veluti
910 1351 940 1402 ‘si
963 1349 1049 1402 Titius
1134 1341 1455 1402 tenerescentium
1478 1361 1548 1400 nono
1570 1349 1765 1402 institutionum
1800 1347 1851 1416 Qui
1871 1365 1904 1404 ex

261 1421 348 1476 ‘consul
365 1419 451 1472 factus
467 1417 566 1486 fuerit',
590 1423 654 1472 tunc
678 1417 839 1474 substitutus
862 1433 915 1472 non
933 1417 1048 1472 admitti·
1100 1429 1182 1468 causa
1197 1411 1392 1492 fideicpmmissi
1404 1413 1604 1480 manumittitur,
1624 1415 1779 1484 estquidam
1791 1417 1903 1472 libertus

259 1501 307 1554 tur,
329 1489 378 1542 nisi
398 1487 468 1540 filius
491 1489 525 1542 ab
545 1501 575 1540 eo
593 1485 747 1540 nominatim
765 1487 941 1540 exheredatus
960 1487 1047 1540 suerit.
1100 1481 1297 1538 manumissoris
1323 1487 1350 1534 ct
1376 1487 1430 1534 tam
1457 1487 1549 1536 eontra
1574 1483 1680 1538 tabtrlas
1703 1499 1782 1552 quam
1805 1487 1839 1538 ab
1863 1485 1903 1540 in-

260 1567 271 1614 5
302 1555 326 1608 Si
342 1557 450 1608 libertus
468 1555 552 1608 filium
565 1555 759 1622 emancipatum
773 1553 894 1610 heredem
907 1555 1050 1608 instituerit
1099 1557 1197 1606 testato
1222 1549 1256 1604 ad
1278 1549 1348 1602 bona
1373 1549 1429 1604 eius
1450 1551 1540 1604 venire
1559 1555 1647 1618 potest
1669 1553 1745 1620 quasi
1760 1559 1902 1622 patronum

260 1627 354 1690 eiusque
370 1623 431 1676 fidei
449 1623 616 1684 commiserit,
634 1629 666 1676 ut
681 1627 765 1676 totam
782 1623 957 1676 hereditatem
975 1623 1048 1678 Sem·
1100 1621 1146 1674 sed
1164 1633 1259 1688 operas
1277 1615 1301 1670 ei
1318 1617 1454 1684 imponere
1471 1633 1525 1672 nou
1541 1623 1629 1686 potest
1646 1633 1695 1672 uec
1712 1621 1852 1688 impositas
1870 1625 1904 1676 ab

259 1693 339 1764 prouio
367 1691 531 1756 restitueret,
564 1697 590 1744 et
617 1689 700 1756 filius,
730 1705 790 1744 cum
819 1695 969 1760 suspectam
998 1689 1050 1746 sibi
1103 1695 1113 1740 1
1150 1703 1181 1744 eo
1197 1693 1296 1756 petere.
1329 1685 1381 1738 Sed
1398 1685 1421 1738 ai
1438 1685 1578 1740 defunctus
1595 1685 1650 1738 filio
1670 1701 1716 1740 suo
1734 1687 1832 1756 legavit
1849 1705 1904 1742 ser-

259 1759 414 1816 hereditatem
439 1759 550 1822 diceret,
574 1759 648 1814 iussu
671 1759 801 1838 praetoris
825 1759 920 1814 adierit
942 1775 1001 1812 eam
1022 1765 1050 1812 et
1100 1773 1160 1810 rum
1182 1761 1209 1810 et
1229 1753 1345 1822 rogavit,
1370 1759 1400 1806 ut
1418 1769 1477 1808 eum
1494 1755 1674 1820 manumittat,
1698 1771 1730 1808 ca
1750 1763 1851 1820 mente,
1874 1763 1905 1810 ut

259 1827 396 1894 Sempronio
414 1827 574 1882 restituerit:
596 1843 650 1882 non
671 1827 760 1894 mique
782 1831 895 1894 patrono
919 1829 1050 1882 bonorum
1100 1826 1206 1894 plenum
1222 1825 1263 1878 ius
1281 1825 1388 1904 patroni
1405 1821 1513 1890 habeat,
1538 1819 1732 1876 defendendum
1749 1829 1790 1878 est
1806 1827 1905 1894 posse⁸

258 1893 375 1966 possessio
392 1897 477 1962 partis
495 1895 598 1950 debitae
620 1895 741 1960 dabitur,
763 1897 872 1962 perinde
893 1911 926 1948 ac
950 1895 972 1948 ri
995 1909 1049 1948 non
1100 1909 1159 1948 eum
1176 1909 1271 1960 operas
1287 1905 1345 1964 1ure
1361 1891 1504 1960 imponere.

258 1963 329 2026 tilius,
346 1961 393 2014 sed
408 1963 432 2016 ie
450 1965 494 2016 cul
510 1963 642 2016 heredita-s
661 1963 785 2016 restituta
803 1969 844 2016 est
860 1963 954 2016 liberto
972 1963 1048 2016 heres
1134 1957 1173 2018 30
1193 1963 1285 2016 Gerus
1299 1961 1368 2014 titre
1385 1959 1502 2014 secando
1522 1959 1560 2014 acl
1575 1957 1689 2014 edictum
1701 1961 1842 2030 praetoris
1859 1975 1905 2012 ccr-

259 2037 270 2084 t
299 2029 444 2084 exstitisset.
484 2031 549 2084 Item
574 2047 633 2084 cum
663 2031 735 2086 lilius
763 2029 937 2084 hereditatem
962 2031 1050 2084 liberti
1100 2031 1164 2084 tunt
1181 2029 1275 2084 sitnisi
1292 2029 1326 2082 :te
1343 2027 1450 2082 liberali
1464 2043 1547 2084 cuasa
1587 2025 1616 2080 Si
1639 2027 1840 2106 quislibertum
1857 2043 1905 2096 pa·

258 2097 327 2168 patris
349 2099 482 2152 omiserit²
512 2105 538 2152 et
565 2097 674 2152 coheres
703 2099 759 2152 eius
789 2097 872 2152 totius
896 2099 1048 2152 hereditatis
1099 2103 1203 2154 ternum
1220 2099 1248 2152 iu
1266 2099 1419 2152 servitutem
1436 2095 1736 2162 cavoluutatepetrerrt,
1755 2101 1905 2148 utcausam

259 2179 313 2218 onus
334 2167 493 2232 susceperit,
516 2167 603 2220 danda
626 2167 677 2218 erit
698 2173 812 2234 patrono
834 2167 965 2220 bonorum
986 2181 1047 2234 pos·
1100 2165 1236 2220 evictionis
1254 2165 1305 2220 sibi
1323 2169 1471 2232 conservet,
1494 2179 1548 2218 uon
1569 2163 1668 2216 amittit
1684 2161 1841 2216 beneficium
1857 2163 1905 2216 bo-

258 2233 336 2286 eessio.
369 2237 481 2300 utroque
503 2233 571 2288 enim
595 2249 659 2288 casu
683 2249 738 2286 non
760 2233 829 2296 filio,
852 2233 899 2286 sed
923 2239 1048 2288 extraneo
1099 2247 1193 2286 uorum
1229 2233 1393 2288 assessionis.

257 2313 309 2368 pars
328 2299 442 2368 eripitur.
1134 2295 1170 2356 31
1228 2315 1376 2356 causatus
1399 2299 1467 2356 libro
1488 2313 1559 2352 nono
1580 2297 1743 2368 dipestornm
1787 2297 1905 2350 Patrono

284 2363 316 2422 tl
341 2367 419 2422 Insa
442 2367 510 2422 libro
534 2371 675 2422 uicensimo
696 2373 775 2422 scorto
799 2369 963 2438 stipestornm
1006 2369 1049 2422 Ex
1100 2367 1210 2424 libertus
1227 2369 1347 2434 fundum
1365 2385 1443 2438 quern
1460 2369 1494 2422 ab
1511 2383 1543 2422 eo
1555 2367 1669 2422 alianum
1683 2371 1791 2430 emerat,
1809 2365 1907 2434 legarit

257 2433 330 2488 tribus
349 2437 467 2504 patronis
490 2451 544 2490 uno
568 2443 689 2488 cessante
706 2437 837 2490 bonorum
855 2437 1048 2504 possessionem
1100 2443 1126 2488 et
1144 2437 1281 2490 coustituit
1294 2443 1423 2504 patronus
1436 2437 1470 2488 acl
1482 2451 1510 2488 se
1521 2437 1653 2504 pertinere
1664 2437 1793 2502 legatum:
1813 2437 1907 2488 contra

257 2507 333 2568 petere
350 2503 400 2556 duo
419 2515 519 2568 aequas
537 2509 625 2572 partes
643 2503 789 2558 habebunt.
1099 2503 1205 2558 tabulas
1226 2507 1357 2558 bonorum
1379 2503 1572 2572 possessiouem
1594 2503 1716 2570 accipere
1737 2519 1792 2554 nou
1808 2507 1907 2570 potest,

284 2563 325 2646 22·
335 2569 509 2624 Marcianus
521 2571 588 2624 libro
598 2571 691 2640 primo
705 2571 902 2624 institutionum
937 2569 964 2624 Si
977 2569 1048 2624 filius

257 2635 355 2690 lamilras
374 2637 447 2690 miles
464 2639 646 2702 manumittat,
668 2639 813 2692 secundum
830 2637 927 2690 Iuliani
944 2639 1048 2706 quidem

257 2705 405 2770 seutentiam,
424 2721 504 2772 quam
521 2707 588 2760 libro
603 2707 745 2760 vicensimo
760 2705 873 2772 septimo
889 2707 1048 2772 digestorum

257 2771 346 2838 probat,
364 2773 447 2840 patris
464 2773 587 2826 libertum
604 2773 714 2828 faciem:
738 2773 785 2828 sed
803 2773 937 2842 quamdiu,
954 2773 1048 2842 inquit,

257 2839 318 2900 visit,
335 2839 484 2908 praefertur
500 2841 570 2894 filius
587 2841 615 2894 iu
632 2843 703 2894 bona
720 2841 777 2894 mus
795 2841 873 2908 pam.
910 2839 957 2894 sed
974 2841 1048 2896 disus

257 2905 390 2960 Haddanus
404 2907 496 2960 Flavio
510 2909 584 2976 Apro
598 2909 735 2976 rescripsit
753 2923 831 2962 suum
848 2909 972 2962 libertum
988 2923 1048 2962 eum

257 2973 339 3038 iacere,
356 2989 408 3028 non
425 2975 519 3042 patris.

284 3037 476 3096 23Jut1ertus
495 3043 562 3094 libro
585 3043 729 3094 uicensimo
749 3043 863 3112 septimo
885 3043 1047 3110 clipeatorum

257 3109 279 3160 Si
296 3107 401 3162 libertus
424 3109 567 3176 praeterito
589 3115 705 3176 patrono
729 3117 882 3160 exmaueum
904 3109 1049 3162 instituerit

257 3175 363 3228 heredem
381 3181 406 3226 et
423 3181 565 3244 patronus,
590 3181 733 3242 antequam
755 3181 849 3228 eontra
871 3175 978 3228 tabulas
1000 3177 1047 3230 bo·

257 3259 336 3296 uorum
357 3243 551 3310 possessiouem
569 3245 689 3310 petierit,
711 3243 740 3296 in
761 3241 930 3310 adoptionem
953 3257 981 3296 se
1002 3243 1047 3298 de-

257 3309 318 3370 derit,
336 3309 428 3364 deinde
446 3311 561 3378 scriptus
579 3309 696 3364 omiserit
713 3309 902 3364 hereditatem:
920 3315 1047 3378 patronus

257 3383 357 3432 totorum
380 3379 510 3430 bonorum
531 3377 620 3430 liberti
641 3379 838 3446 possessiouem
863 3383 894 3430 ut
916 3377 1047 3442 legitimus

259 3451 266 3498 l
295 3451 379 3514 petere
396 3451 494 3510 potest.
527 3445 555 3496 Si
572 3445 683 3498 libertus
700 3445 826 3498 intestato
845 3445 989 3498 decesserit
1006 3459 1047 3498 ra-

256 3513 312 3566 llctis
328 3513 432 3580 patroni
449 3511 504 3566 filio
523 3517 549 3564 et
566 3529 598 3564 ex
616 3510 699 3566 altero
712 3511 766 3566 filio
780 3512 885 3566 duobus
897 3513 1047 3580 nepotibus,

256 3587 350 3648 nepotes
368 3595 421 3634 nou
438 3579 623 3646 admittentur,
647 3579 773 3648 quamdiu
790 3577 861 3634 filius
880 3585 963 3646 esset,
987 3581 1049 3646 quia

256 3649 387 3716 proximum
399 3661 528 3716 quemque
542 3647 576 3700 ad
589 3647 763 3700 hereditatem
780 3647 870 3700 liberti
886 3645 975 3700 vocari
992 3663 1047 3700 ma-

257 3721 267 3766 l
296 3717 414 3772 nilestum
434 3721 483 3768 est.
519 3715 546 3766 Si
563 3721 652 3766 autem
670 3731 703 3766 ex
720 3715 825 3768 duobus
842 3715 963 3794 patronis
982 3715 1048 3766 alter

257 3799 324 3838 uuum
341 3785 430 3848 tilium,
449 3783 518 3836 alter
536 3781 602 3836 duos
620 3781 777 3850 reliquisset,
802 3781 857 3836 din
874 3781 962 3836 viriles
980 3783 1048 3834 inter

258 3867 294 3904 eor
327 3859 393 3906 artes
410 3851 478 3904 lieri.

283 3869 324 3976 li]
341 3919 420 3974 lusu
447 3919 515 3970 libro
544 3919 733 3988 senapcnsimo
762 3919 856 3986 quinto
885 3917 1047 4036 dipcstornm

258 3987 378 4042 Communi
403 3987 499 4040 liberto
526 3985 549 4038 si
576 4001 609 4038 ex
634 3985 738 4040 duobus
760 3985 880 4054 patronis
904 3989 971 4036 ater
992 3985 1047 4038 ius·

255 4057 378 4108 iurandum
395 4053 531 4122 exegeriti
548 4069 582 4106 ne
592 4069 703 4106 uxorem
719 4053 809 4114 ducat,
826 4053 867 4106 vel
880 4051 938 4108 sivo
952 4051 1047 4106 liberto

256 4123 394 4176 decesserit:
413 4123 435 4176 is
455 4121 501 4186 qui
518 4127 594 4174 extra
608 4123 677 4174 hanc
691 4121 795 4188 culpam
808 4119 890 4174 fuerit
901 4121 942 4172 vel
955 4133 1047 4186 super-

256 4191 336 4244 uxeru
351 4191 434 4258 pertis
452 4189 558 4256 utrique
576 4189 681 4242 debitae
702 4189 834 4242 bonorum
853 4187 1047 4256 possessionem

256 4259 316 4312 solus
331 4259 444 4312 habebit.

282 4323 316 4382 25
334 4327 410 4378 lustr
422 4327 490 4380 libro
502 4325 591 4396 primo
606 4321 644 4378 ad
659 4321 777 4376 Urseium
788 4323 915 4378 Ferocem
950 4321 1046 4390 Quam-

256 4393 291 4446 diu
311 4399 420 4462 patrono
443 4393 573 4446 honorum
595 4391 729 4472 possessio
754 4391 838 4458 partis
862 4391 966 4446 debitae
989 4391 1047 4442 dari

255 4467 340 4526 petest,
361 4459 481 4528 exceptio
500 4459 663 4514 debitoribus
682 4459 761 4512 datur
779 4459 907 4512 adversus
924 4459 1046 4512 heredem

254 4535 384 4594 petentem:
410 4529 441 4582 ‘si
464 4543 519 4582 non
536 4527 564 4580 in
581 4543 612 4580 ea
631 4543 714 4582 causa
731 4529 765 4582 sit
782 4533 925 4594 patronus,
948 4531 978 4580 ut
1000 4529 1046 4580 bo-

255 4599 343 4688 :norum
359 4597 552 4666 possessionem
569 4611 619 4666 pro
636 4601 714 4664 parte
732 4595 822 4648 debita
835 4603 929 4648 contra
941 4597 1047 4648 tabulas

276 4669 339 4718 etere
374 4665 454 4720 ossit'.

261 4681 316 4786 pli
332 4681 498 4786 diuturnus
509 4729 576 4786 libro
590 4731 708 4784 secundo
725 4733 910 4798 quaestionum
937 4731 1047 4784 Liberto

255 4801 373 4866 octogiuta
389 4799 499 4852 habenti
516 4797 614 4852 fundus
632 4797 809 4865 quadraginta
825 4799 928 4864 legatus
947 4805 999 4852 cat:
1024 4801 1047 4852 is

255 4861 288 4918 die
305 4867 408 4920 cedente
425 4867 505 4934 legati
524 4865 636 4918 decessit
657 4871 783 4918 extraneo
801 4865 899 4918 herede
915 4867 1046 4920 instituto.

254 4933 375 4998 respondit
392 4949 471 5014 posse
488 4939 629 5002 patronum
647 4937 752 5000 partem
770 4933 886 4986 debitam
899 4933 1047 4988 vindicare:

254 5011 305 5050 uam
320 5001 399 5054 rideri
417 5003 569 5056 defunctum
586 5001 678 5054 mortis
696 5005 817 5068 tempore
831 5001 985 5068 ampliorem
999 5003 1047 5056 ha-

254 5063 331 5120 buisse
347 5085 401 5122 rem
419 5077 533 5134 centum,
552 5085 612 5122 curn
629 5067 762 5122 hereditas
781 5069 838 5122 eius
852 5077 962 5136 propter
975 5085 1047 5122 com-

254 5137 402 5194 putationem
419 5137 498 5204 legati
515 5139 597 5206 pluris
616 5137 705 5190 venire
718 5137 810 5204 possit.
839 5151 924 5204 neque
938 5137 1047 5200 referre,

254 5195 318 5254 heres
335 5203 468 5258 institutus
487 5221 516 5258 re
535 5205 607 5260 udiet
623 5205 740 5272 legatum
754 5205 849 5256 liberto
862 5203 983 5256 relictum
997 5221 1047 5258 nec

254 5275 292 5318 ne:
308 5283 366 5322 nam
383 5275 409 5324 et
426 5271 448 5326 si
467 5273 501 5326 de
517 5221 574 5340 iege
590 5273 713 5326 Falcidia
731 5277 884 5340 quaeratur,
904 5273 958 5324 tale
975 5273 1046 5340 lega-

253 5333 300 5404 tum
320 5339 434 5404 quamvis
455 5339 624 5408 repudiatum
644 5341 673 5394 in
697 5339 871 5408 quadrantem
893 5339 1047 5394 hereditatis

253 5411 281 5450 lm
299 5407 385 5456 utatur
402 5407 537 5472 legatariis
545 5411 563 5462 ⁵.

281 5417 315 5524 37
332 5469 411 5524 Iucu
428 5473 496 5528 libro
518 5479 615 5542 quarto
639 5477 826 5546 quaestionum
860 5473 927 5530 Viro
948 5473 1002 5530 fillo
1024 5475 1047 5530 si

1100 2571 1149 2624 etsi
1165 2571 1230 2626 nihil
1247 2569 1362 2640 proiecit
1379 2571 1403 2626 ei
1420 2573 1542 2638 legatum,
1561 2571 1623 2638 quia
1637 2571 1750 2624 ahenam
1764 2585 1821 2624 rem
1835 2569 1907 2638 lega-

1099 2639 1165 2758 gegit
1181 2641 1206 2692 ei
1223 2639 1342 2704 libertus,
1361 2641 1423 2708 quin
1439 2645 1568 2708 patronus
1586 2641 1644 2708 ipse
1662 2653 1720 2692 eum
1734 2639 1830 2692 liberto
1844 2653 1906 2692 ven-

1117 2707 1210 2760 ierat.

1133 2769 1172 2830 32
1190 2773 1271 2826 Iesu
1281 2775 1349 2830 libro
1363 2773 1464 2830 decimo
1478 2771 1641 2846 dipestor'nm
1670 2773 1698 2828 Si
1709 2773 1821 2828 libertus
1832 2789 1906 2830 meus

1098 2841 1126 2894 in
1144 2841 1294 2896 servitutem
1313 2843 1438 2896 redactus
1455 2849 1549 2912 postea
1566 2843 1600 2896 ab
1617 2843 1670 2896 alio
1685 2843 1812 2896 liberatus
1826 2847 1866 2896 eet
1880 2847 1908 2896 et

1100 2909 1155 2962 eius
1174 2911 1291 2976 coeperit
1309 2925 1367 2964 esse
1385 2911 1503 2974 libertus,
1522 2911 1672 2978 praefertur
1689 2911 1752 2962 mihi
1769 2911 1908 2964 incontra

1098 2977 1204 3028 tabulas
1223 2977 1352 3030 honorum
1370 2977 1538 3046 possessione
1556 2979 1599 3046 qui
1617 2979 1695 3030 euru8
1712 2977 1872 3032 manumisit.

1133 3039 1381 3100 tentassemus
1400 3045 1467 3098 libro
1488 3047 1624 3114 stupratori
1643 3045 1677 3098 de
1694 3045 1907 3098 manumissioni-

1100 3111 1148 3164 bus
1187 3109 1217 3164 Si
1259 3113 1369 3164 atrouus
1397 3127 1450 3164 uon
1478 3111 1572 3164 aluerit
1601 3113 1737 3178 libertum,
1766 3111 1809 3164 lex
1831 3111 1908 3166 Aelia

1100 3175 1190 3230 Sentia
1212 3191 1228 3228 a
1250 3177 1305 3230 'mit
1327 3177 1383 3232 eius
1406 3179 1535 3232 libertatis
1558 3193 1640 3232 causa
1660 3179 1785 3246 imposita
1802 3183 1857 3232 tam
1874 3181 1907 3242 ei,

1100 3259 1178 3310 quam
1195 3243 1266 3310 ipsis
1283 3245 1318 3296 ad
1336 3259 1413 3312 quem
1430 3259 1462 3298 ea
1479 3261 1522 3298 res
1540 3247 1667 3314 pertinet,
1689 3245 1752 3298 item
1775 3245 1907 3298 heredita-

1098 3315 1151 3364 tem
1168 3313 1220 3380 ipsi
1238 3317 1265 3364 et
1281 3313 1370 3364 liberis
1388 3313 1458 3376 eius,
1481 3313 1532 3364 uisi
1553 3313 1629 3368 heres
1652 3313 1791 3366 institutus
1809 3313 1857 3374 sit,
1882 3319 1908 3364 et

1098 3379 1227 3432 bonorum
1238 3379 1433 3450 possessionem
1442 3385 1626 3448 praeterquam
1636 3379 1782 3434 secundum
1793 3379 1906 3434 tabulas.

1133 3441 1173 3502 34
1190 3445 1225 3498 Le
1232 3459 1359 3498 couneus
1375 3447 1442 3500 libro
1460 3449 1538 3500 tertio
1556 3463 1593 3500 esc
1613 3447 1703 3502 Cassio
1739 3447 1767 3500 si
1787 3447 1907 3508 libertus,

1100 3529 1159 3566 cum
1177 3513 1244 3568 duos
1262 3517 1391 3578 patronos
1409 3513 1527 3578 haberet,
1546 3515 1659 3568 alterum
1675 3515 1821 3580 praeteriit,
1841 3515 1907 3566 alte-

1098 3595 1158 3632 rum
1179 3595 1212 3634 ex
1234 3581 1342 3634 semisse
1363 3579 1428 3634 tecit
1444 3583 1566 3634 heredem
1583 3587 1611 3634 ct
1628 3581 1704 3635 alteri
1721 3587 1848 3636 extraneo
1866 3595 1908 3634 se-

1099 3647 1205 3700 missem
1223 3649 1371 3716 dereliquit,
1390 3649 1505 3714 scriptus
1523 3647 1627 3718 quidem
1644 3655 1774 3718 patronus
1793 3649 1907 3702 debitam

1099 3715 1149 3768 sibl
1166 3721 1269 3782 partem
1287 3715 1428 3768 immunem
1444 3715 1538 3768 habet:
1561 3715 1593 3770 de
1615 3723 1704 3770 cetera
1724 3721 1814 3770 autem
1830 3721 1908 3784 parte

1098 3781 1217 3850 patroni,
1244 3799 1313 3850 quae
1334 3797 1417 3850 supra
1441 3781 1557 3836 debitum
1581 3783 1605 3836 ei
1627 3785 1721 3838 relicte
1744 3789 1796 3850 est,
1826 3789 1854 3838 et
1874 3785 1908 3838 de

1100 3851 1206 3904 semisse
1224 3859 1351 3904 exuaueo
1369 3849 1463 3902 relicto
1481 3850 1557 3904 alteri
1574 3857 1689 3920 patrono
1706 3867 1755 3918 pro
1769 3857 1830 3904 rata
1844 3865 1906 3918 por-

1099 3917 1170 3970 tione
1188 3917 1313 3970 satisfieri
1331 3921 1444 3984 oportet.
1695 3943 1696 3946 ¹

1133 3981 1357 4042 351unniibro
1381 3985 1458 4038 tertio
1481 3985 1657 4054 epistolarum
1691 3987 1716 4038 A
1738 3985 1833 4038 liberio
1858 4001 1907 4040 suo

1099 4053 1195 4106 herede
1213 4051 1290 4106 Seius
1307 4069 1385 4106 usum
1402 4051 1518 4104 fructum
1535 4051 1612 4104 fiendi
1628 4053 1734 4106 Maesio
1751 4053 1862 4120 legavit:
1884 4053 1907 4106 is

1098 4119 1209 4174 libertus
1226 4119 1332 4174 Maesio
1350 4119 1449 4172 herede
1465 4119 1557 4172 relicto
1577 4119 1703 4174 decessit:
1722 4133 1829 4186 quaero,
1848 4135 1907 4172 cum

1100 4193 1192 4240 contra
1209 4187 1317 4240 tabulas
1334 4185 1484 4240 testamenti
1502 4187 1608 4254 petierit
1624 4187 1695 4240 tilius
1710 4185 1762 4238 Seii
1780 4185 1908 4240 adsersus

1098 4255 1243 4320 Maesium,
1268 4259 1357 4308 utrum
1382 4253 1494 4306 deducto
1517 4269 1568 4306 usu
1584 4253 1676 4306 fructu
1694 4267 1756 4320 pars
1775 4251 1908 4306 debitaei

1097 4321 1175 4376 tundi
1192 4321 1356 4378 restituenda
1375 4321 1461 4376 sitan
1479 4321 1572 4384 solida,
1592 4321 1653 4388 quia
1671 4335 1762 4372 eorum
1777 4321 1907 4374 bonorum

1099 4389 1232 4458 acceperit
1249 4389 1458 4458 possessionem,
1482 4405 1550 4456 quae
1571 4387 1659 4442 liberti
1682 4403 1741 4440 cum
1759 4393 1908 4440 moreretur

1097 4459 1215 4510 fuerunt.
1250 4457 1399 4524 respondit:
1419 4471 1496 4510 usum
1513 4457 1629 4508 fructum
1646 4457 1675 4508 iu
1692 4469 1799 4506 causam
1817 4453 1907 4522 pristi-

1098 4541 1158 4578 nam
1180 4523 1372 4578 restltueudum
1389 4531 1464 4592 puto,
1499 4525 1628 4592 optimum
1649 4523 1740 4588 itaque
1763 4521 1813 4574 erit
1836 4523 1907 4576 arbi-

1097 4599 1168 4646 trum
1185 4593 1336 4660 postulare,
1359 4597 1390 4644 ut
1412 4591 1521 4646 arbitrio
1544 4591 1599 4644 eius
1617 4605 1683 4644 usus
1700 4589 1804 4660 fructus
1821 4589 1851 4642 in
1867 4591 1907 4642 iu-

1097 4667 1200 4728 tegrurn
1217 4663 1382 4714 restituatur.

1133 4725 1172 4786 36
1190 4727 1272 4782 lusu
1290 4729 1358 4782 libro
1380 4733 1473 4782 octavo
1491 4725 1665 4796 epistularum
1700 4723 1839 4790 Libertus,
1862 4727 1908 4794 qui

1099 4793 1224 4852 solvendo
1246 4811 1299 4848 non
1322 4801 1391 4860 crat,
1415 4795 1560 4864 praeterito
1582 4797 1696 4862 patrono
1717 4793 1847 4848 extrarios
1864 4809 1907 4846 re-

1098 4863 1193 4932 linquit
1215 4863 1339 4918 heredes:
1364 4879 1477 4930 quaero,
1502 4877 1536 4912 an
1558 4861 1641 4930 possit
1663 4865 1794 4930 patronus
1816 4867 1908 4930 petere

1099 4939 1193 4984 contra
1203 4931 1308 4984 tabulas
1320 4933 1452 4984 bonorum
1463 4929 1665 4996 possessionem.
1683 4929 1832 4998 respondit:
1847 4945 1906 4984 cum

1071 5045 1074 5062 ,
1099 5017 1115 5054 a
1140 4999 1246 5068 scriptis
1271 4999 1413 5052 heredibus
1439 4999 1512 5050 adita
1537 5001 1577 5050 est
1598 4997 1746 5062 hereditas,
1775 5005 1906 5068 patronus
1931 5015 1932 5018 ’

1099 5075 1191 5122 contra
1214 5065 1320 5122 tabulas
1344 5067 1474 5120 bonorum
1496 5065 1690 5134 possessionem
1700 5071 1721 5100 ¹⁰
1742 5071 1832 5134 petere
1858 5083 1906 5134 po·

1098 5143 1158 5200 test,
1177 5135 1239 5204 quia
1258 5133 1383 5190 solvendo
1399 5135 1535 5188 hereditas
1553 5139 1606 5200 est,
1631 5149 1699 5204 quae
1719 5135 1837 5190 inveniat
1858 5135 1905 5188 h'e-

1070 5257 1072 5262 .
1098 5203 1196 5260 sedem.
1232 5209 1259 5256 et
1277 5219 1341 5258 saue
1358 5203 1504 5258 absurdum
1522 5209 1563 5258 est
1576 5203 1617 5258 ius
1631 5203 1738 5274 patroni
1751 5203 1907 5274 impetenda

1098 5273 1229 5328 bonorum
1246 5273 1416 5340 possessione
1434 5277 1527 5326 contra
1544 5273 1650 5326 tabulas
1667 5273 1779 5328 aliorum
1797 5289 1907 5340 compu-

1098 5341 1208 5404 tatione,
1226 5355 1280 5394 ιιι
1289 5339 1387 5394 iudicio
1397 5341 1482 5410 ipsius
1494 5341 1600 5410 patroni
1610 5341 1745 5398 aestimari
1754 5341 1907 5410 auferrique

1098 5413 1220 5476 patrono,
1239 5407 1310 5476 quod
1327 5409 1460 5464 modicum
1477 5409 1659 5466 uindicaturus
1672 5415 1720 5466 est.
1746 5409 1824 5464 molti
1838 5407 1907 5464 enim

1099 5489 1176 5530 casus
1197 5475 1357 5530 intervenire
1379 5485 1503 5548 possunt,
1526 5479 1623 5550 quibus
1646 5479 1770 5548 expediat
1791 5483 1906 5548 patrono

254 5577 1907 5606 mmm-„mmmm

251 5633 275 5710 iil
291 5639 401 5696 advenas
410 5643 570 5694 substitutum
581 5647 626 5698 dei
692 5649 723 5706 (tl
740 5647 900 5698 amiseritF²
959 5649 990 5710 (a)
1008 5647 1046 5696 ia-

251 5707 315 5752 ⁰¹0F
392 5713 423 5770 (el
443 5713 554 5776 adegerit
571 5715 685 5764 Oaiccius
770 5717 803 5778 (5)
821 5715 970 5780 imputatum
984 5713 1046 5764 iria

251 5765 366 5830 lestans
378 5797 425 5828 or.
495 5783 528 5842 (ιι
545 5783 580 5830 ee
594 5781 632 5830 rs
646 5783 840 5846 osmannae
855 5781 892 5832 ι’
962 5785 995 5842 (ιι
1013 5781 1045 5830 ιι-

1097 5645 1146 5696 tuli
1158 5647 1185 5700 F
1266 5651 1299 5710 ts)
1317 5651 1408 5702 iterum
1423 5671 1468 5704 sec.
1480 5653 1507 5704 B
1522 5657 1567 5706 ins.

1654 5655 1686 5716 (a)
1705 5655 1755 5704 tam
1770 5649 1819 5714 ipsi
1832 5665 1904 5712 quam

1098 5713 1175 5764 siser·
1262 5719 1308 5780 (lu)
1325 5719 1462 5782 passionem
1472 5721 1499 5770 F

1653 5875 1701 5926 ll*
