4366 6258
1622 371 1669 418 DE
1691 369 1944 418 commiscuistis

689 705 690 708 ‘
794 757 927 834 nmen
949 757 1217 834 assensurus
1241 755 1443 848 sumnus.

664 951 707 1014 1¹.
1143 943 1313 1016 ‘Capitolium
1334 961 1390 1000 ncn
1412 945 1569 1000 ascenderit
1592 945 1623 1000 ‘si
1640 943 1761 1000 Stichum
1784 959 1838 998 non
1859 911 1941 1000 manu·

284 1049 330 1100 pp,
357 1045 623 1100 oopfflfflopfflpg
651 1051 697 1102 ΕΤ
727 1051 1093 1104 DEMONSRAHONIBUS
1144 1015 1262 1068 ‘miserit'
1281 1013 1353 1068 etin
1370 1015 1514 1070 similibus:
1532 1019 1560 1068 et
1575 1015 1614 1068 ita
1631 1013 1751 1066 Aristoni
1769 1019 1795 1066 ει
1804 1013 1910 1066 Neratio
1922 1021 1943 1068 et

283 1117 328 1168 e
346 1115 462 1168 ,aa
478 1115 900 1238 spesspesppe
918 1119 957 1168 e
1143 1079 1942 1228 intel1.necaestuantibus

1144 1231 1236 1272 rernm
1257 1217 1287 1270 in
1307 1213 1630 1296 hereditatibuspuoque
1655 1215 1725 1270 idern
1745 1215 1888 1270 remedium
1903 1217 1941 1270 ai-

320 1279 527 1340 iPoueourus
551 1283 618 1340 libro
649 1287 727 1340 tertio
758 1281 796 1338 uti
819 1281 946 1348 Quintum
971 1283 1093 1338 Muciam
1147 1289 1158 1338 1
1194 1283 1305 1338 missum
1326 1291 1376 1338 est.
1411 1285 1488 1338 Unde
1514 1299 1538 1338 er
1561 1299 1630 1338 uxor
1652 1283 1776 1336 maritum
1797 1299 1885 1350 snum,
1907 1285 1942 1340 cui

283 1351 391 1420 Legatis
406 1365 474 1418 quae
486 1349 692 1420 relinquuntur²
706 1357 753 1406 aut
766 1351 822 1404 dies
835 1351 953 1406 incertus
966 1357 1014 1406 aut
1029 1367 1093 1406 con·
1145 1353 1233 1408 dotem
1254 1351 1425 1420 promiserat,
1447 1351 1486 1404 ita
1508 1351 1632 1406 heredem
1655 1351 1792 1420 scripserit
1813 1365 1847 1404 ex
1863 1357 1941 1420 purte:

284 1421 354 1474 dicio
371 1417 531 1474 adscribitur
541 1425 597 1488 aut
616 1421 639 1476 si
656 1419 938 1474 nihilhorumiactum
954 1419 997 1486 sit,
1014 1435 1093 1486 prae·
1145 1421 1177 1474 ‘si
1195 1419 1292 1486 dotem,
1310 1435 1390 1488 quam
1407 1419 1432 1474 ei
1449 1417 1566 1488 promisi,
1583 1435 1670 1488 neque
1686 1419 1792 1488 petierit
1805 1433 1889 1488 neque
1904 1435 1940 1474 ex·

286 1493 297 1540 1
335 1485 420 1540 sentia
437 1491 512 1554 sunt,
533 1489 628 1544 nisisi
648 1489 675 1542 ri
695 1489 756 1554 ipsa
776 1487 896 1542 condicio
917 1487 992 1540 insit.
1027 1487 1093 1540 Cum
1145 1487 1253 1556 ‘egerit'‚
1277 1487 1435 1542 denuntiare
1452 1501 1512 1540 eum
1527 1501 1609 1554 posse
1633 1487 1755 1540 coheredi
1777 1493 1899 1556 paratum
1919 1501 1941 1544 so

285 1555 342 1608 dies
359 1559 448 1610 certus
466 1555 618 1624 adscriptus
635 1561 684 1622 εει,
702 1553 822 1622 quamvis
839 1555 895 1608 dies
912 1553 1032 1608 nondum
1048 1569 1092 1608 re·
1144 1559 1255 1620 accepto
1277 1555 1367 1608 facere
1390 1555 1479 1610 dotem
1501 1555 1542 1606 vel
1566 1567 1659 1606 cavere
1682 1559 1709 1606 et
1725 1553 1763 1608 ita
1784 1553 1858 1606 adire
1874 1569 1941 1620 posse

284 1621 361 1688 uerit,
379 1621 446 1676 solvi
463 1629 553 1678 tamen
569 1627 692 1692 possunt,
710 1621 886 1688 quincentum
902 1627 984 1676 estes
1001 1621 1094 1676 debitu
1143 1621 1326 1676 hereditatem.
1354 1621 1401 1676 sed
1418 1621 1442 1676 si
1459 1637 1492 1676 ex
1508 1635 1569 1676 asse
1584 1621 1620 1676 sit
1629 1621 1767 1676 institutus
1783 1621 1893 1674 mantus
1901 1623 1941 1678 sub

284 1693 300 1744 2
333 1689 375 1744 iri.
408 1689 475 1746 Dies
497 1695 586 1744 sutem
606 1691 725 1744 incertus
747 1693 800 1756 est,
823 1705 884 1744 cum
906 1689 945 1742 ita
967 1687 1094 1744 scribitur
1144 1705 1176 1742 ea
1194 1687 1359 1754 condicione,
1379 1687 1504 1756 quoniam
1520 1705 1575 1742 non
1592 1693 1634 1742 est
1651 1689 1695 1744 cui
1712 1693 1812 1756 caveat,
1834 1705 1887 1742 non
1901 1687 1941 1742 iu-

284 1757 369 1814 ‘heres
386 1773 461 1814 meus
479 1775 540 1814 cum
556 1757 697 1826 morietur,
721 1755 813 1810 decem
830 1757 923 1812 dato’z¹
940 1771 1003 1810 nam
1024 1755 1093 1810 diem
1143 1755 1230 1824 periri
1247 1771 1316 1820 eum,
1334 1771 1388 1824 quc
1406 1755 1493 1810 minus
1511 1755 1590 1810 adeat
1610 1757 1794 1810 hereditatem:
1817 1771 1878 1810 nam
1894 1755 1941 1814 iure

282 1825 413 1880 incertum
428 1843 501 1882 mors
518 1825 600 1878 habet
618 1825 684 1880 eius.
719 1823 819 1878 etidec
838 1823 1014 1892 silegatarins
1031 1829 1094 1876 ante
1143 1825 1203 1892 ipso
1220 1823 1325 1878 uidetur
1341 1823 1452 1890 impleta
1469 1823 1590 1878 condicio
1598 1837 1638 1890 eo,
1657 1823 1728 1892 qnod
1745 1839 1800 1878 non
1808 1829 1857 1888 est,
1876 1839 1941 1890 quem

284 1893 435 1960 decesserit,
452 1893 488 1948 ad
504 1891 630 1946 heredem
638 1891 696 1946 eins
708 1891 826 1960 legatum
842 1907 897 1946 non
908 1891 1012 1958 transit,
1031 1891 1094 1960 qtria
1143 1889 1231 1960 possit
1248 1889 1282 1944 de
1299 1891 1362 1944 dote
1379 1891 1520 1944 convenire
1535 1891 1595 1960 ipse
1612 1891 1734 1944 adsumo
1751 1891 1926 1946 hereditatem.

284 1977 338 2016 non
354 1963 435 2018 cessit
451 1963 507 2014 dies
523 1959 582 2014 uiro
599 1975 640 2026 ec,
659 1959 778 2026 quamtis
797 1963 899 2014 certum
914 1957 996 2014 fuerit
1011 1957 1093 2014 mori·
1179 1953 1198 2014 8
1217 1957 1389 2012 Possumus
1409 1957 1476 2014 labro
1498 1961 1593 2028 quisito
1616 1959 1652 2012 od
1670 1957 1803 2024 ,Salicum
1844 1957 1873 2014 Si
1894 1959 1941 2026 quir

284 2035 299 2082 3
333 2035 424 2084 turum
448 2027 582 2084 heredem.
629 2029 703 2082 Inest
723 2031 814 2080 autem
840 2027 959 2082 condicio
985 2027 1092 2096 legati³,
1143 2025 1182 2078 ita
1199 2025 1338 2094 legaverit:
1364 2025 1436 2080 ‘dum
1457 2041 1527 2084 uxor
1547 2041 1607 2080 mea
1628 2041 1689 2080 cum
1710 2025 1766 2080 filio
1790 2025 1854 2094 erit,
1876 2025 1941 2086 heres

282 2097 365 2152 veluti
386 2113 446 2152 cum
466 2097 505 2150 ita
525 2095 657 2164 legamus:
689 2093 769 2164 ‘quod
790 2109 824 2150 ex
845 2095 981 2152 Arescma
1001 2100 1094 2150 natum
1145 2095 1228 2148 ‘meus
1251 2093 1277 2148 ei
1296 2097 1402 2146 tantum
1418 2093 1504 2160 dato’,
1526 2093 1551 2148 si
1572 2109 1605 2148 ea
1624 2093 1733 2148 latitans
1754 2099 1895 2164 patronum
1918 2095 1942 2152 de

284 2165 380 2232 ‘fuerit
397 2165 474 2218 heres
493 2163 564 2218 datc'
583 2161 761 2230 sentiremus,
779 2163 826 2232 quui
842 2179 876 2218 ex
889 2179 921 2220 eo
938 2163 1093 2234 iundoper·
1144 2161 1230 2216 medic
1250 2161 1380 2230 discessit,
1398 2165 1429 2214 ut
1445 2167 1534 2216 tamen
1547 2161 1686 2218 consilium
1700 2161 1826 2218 retineret
1839 2163 1941 2220 habendi

284 2233 363 2302 ‘cepti
375 2233 481 2298 fuerint,
499 2233 577 2288 heres
593 2233 664 2286 dato’
680 2235 731 2286 ant
749 2235 870 2302 ‘servum
888 2249 967 2302 quem
980 2233 1029 2286 alii
1040 2247 1095 2286 non
1144 2245 1235 2284 secum
1251 2229 1360 2296 liberos,
1378 2229 1470 2284 deberi
1486 2229 1511 2284 ei
1526 2231 1642 2298 legatum
1660 2229 1803 2284 Trebatius
1820 2235 1847 2284 et
1862 2229 1941 2286 Labeo

284 2301 317 2356 ‘le
335 2317 422 2368 avere,
440 2299 501 2356 Seio
518 2299 600 2356 dato'.
1144 2299 1233 2364 aiunt,
1248 2297 1320 2368 *quis
1337 2313 1391 2352 non
1415 2313 1491 2352 omne
1508 2303 1670 2352 momentum
1691 2297 1848 2368 exigendum
1869 2299 1903 2352 sit
1919 2307 1942 2356 ut

246 2379 248 2384 '
317 2317 580 2426 {Uerrsuuslihrc
594 2367 688 2438 quinto
701 2365 877 2424 adriaticum
902 2367 1095 2424 condicionum
1145 2383 1206 2420 cum
1223 2365 1314 2422 liberis
1332 2367 1374 2434 sit,
1392 2365 1440 2422 sed
1457 2365 1481 2422 si
1498 2381 1556 2422 eam
1572 2371 1687 2422 mentem
1703 2371 1730 2420 et
1745 2365 1774 2420 id
1789 2365 1942 2436 propositum

284 2437 415 2506 quaedam
432 2441 501 2504 sunt,
519 2451 588 2504 quae
601 2435 762 2504 quandoque
771 2437 875 2506 impleri
891 2437 1095 2506 possuutetiam
1144 2436 1251 2500 habeat,
1268 2449 1302 2488 ne
1317 2433 1402 2488 filium
1416 2449 1434 2488 a
1450 2439 1533 2490 semet
1547 2433 1662 2488 dimittat
1672 2449 1737 2488 nese
1753 2449 1802 2504 per
1818 2439 1941 2504 nausiet,

283 2503 342 2558 vivo
359 2509 495 2570 testatore,
513 2509 544 2556 ut
560 2507 627 2572 puta
645 2503 806 2558 ‘sinadsex
822 2505 888 2560 Asia
905 2505 1094 2572 venerit’,nam
1145 2519 1197 2572 quo
1214 2503 1302 2558 minus
1321 2519 1382 2556 cum
1398 2517 1431 2558 ea
1447 2503 1518 2558 filius
1535 2503 1671 2558 educetur.

285 2569 444 2638 quandoque
460 2569 561 2624 venerit
577 2569 660 2636 naris,
680 2571 831 2626 condicioni
843 2571 960 2640 paritum
975 2571 1092 2628 ridetur:
1179 2567 1367 2626 ildemirus
1382 2569 1450 2626 libro
1467 2573 1589 2626 uicesimo
1611 2569 1648 2624 ed
1664 2569 1794 2626 Sabinum
1835 2569 1941 2626 Solemus

284 2637 518 2762 attitulat
539 2637 757 2762 ttttsltt
770 2641 1041 2764 ttttttlttttl
1063 2639 1095 2762 i
1144 2639 1430 2762 detestanti
1446 2639 1941 2764 tttlttlltttltetsttbt

283 2775 405 2896 Remissa
422 2773 481 2842 quis
500 2723 651 2830 condicioni
668 2775 802 2844 uideatur,
824 2775 904 2830 etiam
925 2749 994 2832 sizire
1016 2777 1095 2832 debet
1144 2779 1290 2830 testaretur
1305 2723 1446 2830 nutritu’s.q
1863 2749 1870 2776 ’

303 2859 354 2898 auc
371 2843 553 2898 condicionem
569 2845 708 2900 insertam:
726 2845 1022 2914 namsi“fetoieee1it,
1040 2861 1094 2902 non
1141 2875 1142 2878 ε
1180 2841 1218 2902 10
1235 2843 1318 2898 inan
1331 2845 1399 2898 libro
1416 2845 1539 2898 uicesimo
1557 2845 1635 2898 lertio
1658 2845 1696 2898 cd
1712 2843 1842 2900 Sabinum
1880 2843 1942 2900 Haeo

284 2911 389 2966 udatur
406 2911 602 2980 obtemperasse
618 2912 757 2968 uoluntati.
893 2927 896 2932 ·
1139 2911 1267 2968 condicio
1285 2911 1363 2968 ‘filiae
1380 2927 1455 2966 meae
1472 2929 1533 2968 cum
1550 2911 1680 2980 nupserit’
1700 2911 1762 2968 talis
1781 2917 1835 2976 est,
1856 2917 1887 2966 ut
1908 2915 1943 2982 qui

318 2977 336 3038 3
355 2979 436 3036 Iners
449 2981 516 3036 libro
533 2987 612 3036 secuto
633 2979 816 3036 adriaticum
852 2979 975 3050 Optinuit
994 2981 1093 3050 impos·
1144 2985 1258 3036 testatus
1277 2985 1317 3036 est
1333 2979 1438 3050 impleri
1454 2981 1619 3036 solummodo
1637 2979 1818 3036 condicionem
1834 2979 1941 3048 uoluerit,

284 3049 374 3104 sibiles
397 3049 565 3108 condiciones
585 3055 745 3106 testamento
770 3049 921 3118 adscriptas
941 3067 991 3122 pro
1012 3049 1093 3106 nullis
1144 3049 1282 3106 nonsatis
1301 3049 1383 3118 egerit
1401 3049 1521 3118 quando:
1544 3055 1573 3104 et
1592 3049 1652 3106 ideo
1670 3055 1696 3104 et
1712 3049 1736 3104 si
1752 3049 1811 3106 sivo
1827 3053 1942 3106 testatore

284 3115 430 3174 habendas.
1143 3135 1179 3172 nu
1199 3119 1264 3174 serit
1281 3123 1344 3188 post
1360 3123 1547 3172 testamentum
1570 3117 1686 3184 factum,
1709 3117 1810 3188 inplete
1832 3117 1941 3172 condicio

318 3185 337 3244 4
356 3187 526 3242 Pomponius
542 3187 609 3244 itero
632 3187 711 3242 tertio
733 3185 917 3244 adriaticum
950 3185 1038 3240 Sibis
1055 3187 1093 3242 le·
1143 3135 1261 3264 viditur,
1284 3187 1443 3256 praesertim
1466 3203 1526 3242 cum
1545 3185 1666 3242 condicio
1683 3187 1751 3242 haee
1767 3187 1829 3240 talis
1847 3195 1899 3252 est,
1920 3193 1942 3242 ut

284 3259 375 3324 gutum
392 3259 445 3324 est,
467 3255 564 3326 quibus
581 3259 713 3328 patronus
728 3255 818 3326 legata
839 3259 971 3324 praestat,
992 3259 1094 3326 tempe·
1144 3257 1226 3310 semel
1250 3255 1354 3326 1mpleri
1377 3255 1480 3310 debeat.
1521 3255 1570 3310 sed
1598 3255 1668 3310 enim
1696 3271 1751 3312 ncn
1775 3271 1865 3310 omnes
1890 3271 1941 3310 con-

283 3339 345 3378 rare
365 3323 445 3380 debet
468 3329 578 3394 praetor
602 3325 797 3392 condicionem,
823 3331 854 3378 ut
878 3327 905 3378 et
945 3329 1041 3378 atronc
1067 3329 1095 3380 et
1142 3325 1293 3380 iuncticues
1310 3325 1422 3394 implent
1439 3323 1634 3380 condicionem:
1657 3331 1725 3394 puta
1747 3323 1815 3378 enim
1836 3325 1942 3380 noudum

283 3391 426 3448 heredibus
445 3393 552 3462 scriptis
570 3393 857 3464 proportiouedentur
874 3339 1092 3448 congitionisex·
1143 3393 1241 3448 nuhilis
1265 3393 1361 3448 aetatis
1383 3393 1413 3448 iu
1433 3391 1540 3448 domum
1556 3391 1646 3448 mariti
1663 3393 1779 3448 deducta
1794 3409 1849 3448 non
1864 3393 1943 3464 paruit

288 3467 298 3514 1
333 3461 447 3530 plendae
464 3461 558 3530 gratia.
593 3463 623 3516 Si
641 3463 682 3518 ita
703 3463 833 3532 scriptum
848 3461 895 3518 sit:
919 3461 951 3516 ‘si
966 3461 996 3514 in
1016 3461 1093 3532 quin·
1145 3463 1302 3518 condicioni.
1338 3461 1430 3518 sedet
1448 3461 1737 3528 sieiccniunctasit,
1762 3463 1837 3518 cuius
1854 3463 1941 3532 nuptiis

285 3529 420 3652 :immod
434 3531 555 3652 prcxlimo
577 3529 662 3652 Tdigio,
675 3529 753 3652 sibu}
756 3601 762 3612 .
772 3537 852 3612 natus
878 3547 932 3586 non
952 3529 1014 3598 erit,
1036 3535 1094 3614 tum
1144 3529 1170 3586 ei
1185 3531 1356 3586 interdictum
1373 3531 1416 3598 sit,
1419 3529 1647 3654 diidimflicenim·
1673 3545 1708 3586 uu
1724 3535 1815 3610 tamen
1829 3529 1942 3612 nubendo

284 3605 673 3748 ..sletstatinus
685 3603 1092 3748 ttulltttstiebt
1142 3605 1424 3740 stetissent
1441 3603 1644 3748 abstitit.
1658 3607 1942 3740 satietate

285 3735 357 3790 ‘tum'
376 3739 486 3790 extremi
520 3737 675 3808 umquennh
691 3741 796 3808 tempus
813 3735 954 3806 siguificat.
1142 3737 1240 3802 sensit,
1270 3743 1336 3808 puto
1366 3737 1497 3792 defectam
1526 3737 1697 3794 eondicrone:
1727 3737 1839 3808 henigne
1866 3743 1943 3792 mmet

319 3753 557 3862 5Pecaussli³iro
574 3805 692 3860 secundo
709 3805 746 3860 cd
762 3805 893 3860 Sabinum
925 3803 1092 3860 condicioni·
1143 3805 1284 3868 dicendum
1312 3811 1353 3862 est
1381 3805 1499 3862 nondum
1522 3805 1659 3876 impletum
1683 3805 1881 3862 condeceant
1906 3805 1942 3860 de·

284 3873 335 3928 bus
352 3871 470 3942 pupillus
487 3877 514 3928 et
531 3873 588 3928 sine
603 3873 702 3930 tutoris
719 3871 1092 3944 auctoritateparerepctest.
1146 3879 1157 3928 1
1193 3873 1300 3928 sectam.
1341 3873 1371 3928 Si
1398 3873 1437 3930 sic
1462 3875 1579 3944 legatum
1607 3875 1643 3930 sit
1670 3875 1702 3930 ‘si
1727 3875 1801 3930 narn
1830 3889 1864 3930 ex
1888 3875 1943 3930 Am

284 3957 334 3996 nee
369 3957 430 3996 uem
446 3941 557 4010 moveri,
579 3943 651 4012 qnod
668 3943 776 4012 expleta
797 3941 952 3996 condicione
968 3957 1093 3998 necessa·
1143 3943 1260 3998 ‘venerit'
1289 3949 1317 3998 et
1340 3941 1479 4012 ignorante
1498 3947 1628 3998 testatore
1650 3943 1725 3998 usum
1749 3943 1849 4000 renent
1871 3949 1941 4000 testa·

285 3959 435 4066 serieres
454 4009 595 4080 ahqnandc
614 4027 672 4066 esse
689 4015 789 4080 potest:
812 4025 875 4064 nam
895 4009 948 4066 hoc
968 4009 1027 4066 iure
1043 4027 1092 4080 pc·
1142 4013 1226 4066 menti
1247 4003 1314 4066 iacti
1329 4015 1464 4082 tempore,
1487 4009 1628 4066 dicendum
1649 4027 1701 4082 pro
1721 4011 1832 4084 impleta
1852 4009 1941 4068 baberi

287 4087 299 4134 t
342 4079 448 4136 testatis
475 4079 546 4148 fieri,
575 4095 630 4134 non
659 4077 824 4136 condicionis
853 4079 984 4150 expletae.
1026 4079 1092 4154 Item
1143 4085 1170 4134 ει
1184 4079 1208 4136 si
1223 4081 1267 4136 cui
1280 4079 1448 4204 siclefiatum
1462 4085 1503 4138 est
1517 4085 1587 4136 ‘oum
1599 4081 1686 4150 pubet
1701 4081 1770 4150 erit’,
1783 4079 1861 4138 simili
1874 4079 1942 4138 mode

285 4165 377 4204 servus
395 4147 437 4204 rel
452 4147 522 4204 filius
539 4147 654 4204 familias
672 4147 729 4204 sine
745 4147 822 4204 iussu
838 4147 923 4218 patris
939 4147 982 4204 uel
994 4147 1093 4204 domini
1141 4149 1194 4204 hoc
1212 4149 1263 4204 erit
1279 4149 1356 4204 dicen
1374 4165 1428 4204 um.
1471 4183 1473 4188 ,

286 4215 468 4272 condicionem
488 4217 597 4288 implere
617 4221 744 4288 possunt,
770 4217 834 4288 quia
858 4231 890 4272 eo
916 4215 988 4274 iacto
1013 4233 1092 4274 nemo
1179 4215 1215 4276 11
1235 4217 1354 4274 Parcus
1368 4217 1436 4272 libro
1451 4221 1547 4288 quarto
1563 4217 1601 4274 acl
1613 4215 1743 4274 Sabinum
1773 4215 1944 4272 Siiamiacts

285 4285 433 4342 fraudatur.
595 4309 596 4312 ¹
1143 4285 1197 4342 sint
1214 4303 1283 4356 qnae
1300 4285 1464 4342 condicionis
1480 4287 1539 4342 loco
1556 4291 1696 4358 ponuntur
1709 4291 1737 4342 et
1752 4285 1821 4342 sciat
1831 4289 1942 4346 testatm,

320 4351 528 4412 6Pos1rou1us
542 4353 609 4408 labro
627 4353 705 4408 tertio
722 4353 761 4408 ccl
776 4351 906 4410 Satricum
939 4353 1028 4408 Metita
1038 4359 1092 4410 tes-
1143 4369 1212 4424 qnae
1227 4353 1330 4408 iterum
1352 4353 1411 4408 fieri
1433 4359 1545 4424 possunt
1568 4359 1758 4424 exspectentur
1780 4359 1812 4408 ut
1827 4351 1904 4408 fiant:
1924 4349 1943 4408 si

287 4427 402 4478 lamento
418 4437 473 4476 non
491 4419 664 4478 committitur
680 4421 714 4476 ab
731 4421 830 4476 herede
846 4421 888 4478 vel
904 4421 1034 4490 legatario
1051 4423 1093 4478 rel
1148 4431 1157 4474 ι
1193 4437 1259 4478 vero·
1274 4421 1384 4490 neseiat,
1401 4423 1536 4494 praesenti
1553 4421 1709 4478 debeantur.
1728 4421 1803 4478 item
1816 4421 1941 4476 scientum

286 4507 318 4546 ec
335 4491 381 4561 qui
398 4507 432 4546 ex
449 4489 543 4544 ulans
559 4489 694 4546 uoluntate
711 4489 813 4558 ahqrrid
827 4491 957 4556 lucratur,
980 4489 1027 4560 qui
1043 4491 1092 4546 ali·
1144 4495 1185 4546 est
1198 4489 1365 4560 promiscuas
1379 4489 1548 4546 condiciones
1562 4489 1862 4560 postmortemimplcri
1873 4503 1941 4566 opcr3

286 4561 362 4616 curius
380 4559 510 4614 arbitratu
525 4563 725 4614 monumentum
741 4557 831 4614 facere
852 4559 942 4616 iussas·
960 4557 1014 4626 sit,
1030 4559 1092 4616 siis
1142 4565 1212 4624 tere,
1231 4559 1255 4616 si
1271 4559 1299 4614 in
1315 4559 1368 4612 hoo
1385 4557 1464 4624 fiant,
1485 4565 1517 4614 ut
1532 4563 1692 4632 testamento
1707 4565 1850 4628 pareatur,
1871 4559 1943 4614 relat

287 4627 363 4684 cuius
380 4627 519 4682 arbitrium
535 4633 578 4682 est
597 4643 652 4682 non
668 4625 738 4680 duat
759 4627 802 4680 rel
822 4627 917 4684 adesse
938 4643 992 4682 non
1007 4627 1094 4696 possit
1144 4627 1176 4684 ‘si
1193 4627 1353 4698 Capitolium
1370 4627 1527 4684 ascenderit’
1544 4631 1573 4682 et
1589 4625 1698 4694 nmilia,
1715 4641 1770 4682 non
1787 4625 1942 4696 prensens

288 4705 300 4750 ι
336 4701 384 4750 eut
399 4695 439 4750 rei
455 4695 581 4750 arbitrari
596 4695 670 4750 nolit.
705 4693 735 4748 Si
750 4709 842 4750 servos
860 4699 948 4750 certos
960 4695 1018 4762 quis
1036 4709 1092 4750 me·
1143 4695 1224 4750 etiam
1245 4695 1303 4750 riso
1326 4699 1455 4750 testatore
1472 4695 1586 4752 existere
1601 4711 1694 4766 posse,
1716 4693 1799 4750 veluti
1815 4693 1848 4750 ‘si
1865 4693 1942 4750 Titini

285 4765 449 4828 sumsisset,
474 4763 553 4818 heres
579 4777 638 4818 esse
659 4761 750 4818 iussus
773 4767 840 4816 erat.
896 4763 1038 4816 uibnsdam
1059 4777 1092 4818 ex
1144 4764 1248 4818 ‘consul
1265 4761 1353 4818 factus
1369 4763 1468 4818 fuedt'.

285 4831 327 4888 bis
345 4837 407 4886 ante
424 4831 534 4886 mortuis
551 4829 678 4886 Neratius
695 4831 836 4900 respondit
851 4779 929 4886 deici
942 4845 1011 4888 ,eum
1029 4847 1092 4886 con·
1180 4827 1218 4888 12
1247 4831 1393 4888 Uarianos
1410 4831 1479 4888 libro
1501 4831 1626 4886 uicesimo
1668 4833 1749 4884 ucrtc
1768 4827 1942 4886 casatam

285 4899 390 4956 dicione
405 4915 456 4954 nec
472 4897 638 4966 aestimabat,
654 4913 751 5020 &atsere
767 4903 860 4966 posset
877 4897 1092 4954 condicioninec
1143 4897 1371 4966 praelegatum
1394 4897 1441 4954 sit:
1472 4897 1605 4966 ‘qnoniam
1669 4915 1701 4954 us
1726 4897 1812 4954 maior
1832 4913 1867 4954 ex
1887 4909 1942 4954 arce

700 5005 707 5030 i

285 4983 328 5020 ne.
361 4969 410 5022 sed
428 4965 533 5020 Seruius
556 4977 654 5034 respon
730 4981 792 5020 cum
811 4967 850 5020 ita
872 4971 944 5020 esset
963 4965 1093 5034 seriptum
1144 4969 1212 5020 ‘mea
1227 4965 1320 5020 decem
1337 4967 1453 5034 sustulit,
1471 4965 1548 5020 heres
1565 4965 1653 5020 minor
1668 4965 1738 5024 filius
1756 4965 1848 5020 decern
1864 4981 1879 5020 e
1894 4979 1941 5020 roc·

287 5035 318 5090 ‘si
334 5035 390 5088 filia
407 5039 434 5090 et
450 5039 534 5088 mater
551 5049 610 5088 mea
626 5033 722 5088 sisent’
740 5035 825 5088 altera
841 5033 895 5086 iam
907 5037 1020 5100 mortua,
1038 5049 1093 5088 non
1143 5033 1195 5088 ‘dio
1214 5035 1328 5098 sumite,
1352 5033 1464 5090 debetur
1480 5033 1610 5104 legatum,
1633 5033 1696 5104 quia
1711 5031 1812 5088 idcirco
1828 5033 1942 5088 relietum

287 5101 363 5158 defici
380 5101 542 5158 condicione.
577 5101 647 5158 idem
659 5107 701 5158 est
716 5105 744 5156 et
761 5101 833 5170 apud
842 5101 994 5158 Labeonem
1006 5101 1092 5170 scrip·
1143 5107 1191 5170 est,
1208 5107 1240 5156 ut
1257 5099 1378 5158 condicio
1394 5101 1508 5158 filiorum
1528 5106 1729 5170 exaequaretur.
1760 5107 1788 5154 et
1804 5117 1868 5158 sana
1883 5101 1941 5156 hacc

285 5177 350 5224 tum.
386 5171 501 5224 Sabinus
518 5185 623 5240 qnoque
640 5175 667 5224 et
685 5169 794 5224 Cassius
817 5169 894 5236 quasi
914 5167 1092 5238 impossibiles
1143 5174 1293 5224 causaest:
1310 5173 1391 5224 nam⁵
1405 5185 1488 5226 cansa
1499 5169 1529 5224 in
1539 5169 1719 5242 parcentum,
1737 5185 1824 5238 poena
1837 5169 1866 5224 in
1876 5169 1941 5224 butu·

287 5253 331 5292 eas
350 5239 518 5292 condiciones
534 5239 569 5318 in.
579 5241 738 5320 testamento
766 5237 848 5292 osites
857 5253 906 5308 prc
917 5251 972 5292 non
985 5237 1092 5308 scriptis
1141 5253 1203 5292 rum
1220 5237 1365 5294 confertur.
1391 5307 1396 5318 Ι
1508 5305 1514 5316 .
1696 5305 1702 5318 .
1822 5305 1829 5320 ·

287 5319 353 5450 8ῗὲΙῆ
383 5311 588 5428 11ζὲ1111111]ῧὲ
603 5305 865 5428 ἓῗιειεῗθέεεῗεῗέιαά
872 5371 1002 5452 Sabinum
1022 5371 1091 5452 ,Μι-
1142 5301 1223 5428 abigi
1235 5305 1454 5452 ssssgtbuvssitluaeebrqi‘t’,
1465 5303 1618 5440 qsalrarglcpffl
1632 5303 1793 5428 ἕε1ϋ1111111εο
1802 5305 1941 5452 {roffi

287 5451 379 5492 clauae
401 5439 530 5502 mutonis
555 5439 657 5494 utrhms
689 5443 811 5494 consuat
831 5455 861 5494 m
881 5437 1091 5506 condanombus,
1142 5439 1271 5506 dedisset,
1296 5439 1401 5494 videtur
1422 5437 1542 5512 explesse
1563 5439 1746 5496 condicionem
1769 5445 1886 5496 curatore
1906 5437 1941 5498 sci

287 5519 354 5572 quau
371 5505 399 5560 in
415 5521 469 5560 non
485 5505 607 5560 ιεειεειο
625 5509 689 5560 sunt
705 5511 862 5576 conceptae,
883 5511 914 5560 nt
929 5511 996 5576 puta
1013 5507 1047 5564 ‘si
1063 5507 1092 5562 in
1140 5507 1226 5562 tutori
1242 5505 1339 5564 dando.

318 5675 587 5742 triect.a...raroc;
612 5677 876 5740 Ed.r.ra..ss.1cs;
905 5677 1087 5746 Punicanos.
1138 5693 1213 5744 qnam
1229 5675 1401 5732 conddcnem
1419 5677 1464 5734 im.
1481 5679 1602 5746 (rabiliter
1618 5677 1741 5746 cumam)
1832 5681 1864 5748 (a)
1882 5695 1939 5750 qum

283 5755 336 5806 1⁰³3
359 5745 424 5812 App.
439 5755 549 5796 sesama
563 5771 598 5782 -
611 5745 675 5796 Bm.
687 5747 729 5810 44,
743 5755 777 5800 se.
791 5771 828 5782 -
842 5745 880 5812 0st
893 5747 949 5798 Occi.
965 5749 990 5808 ι,
1005 5755 1086 5800 latre
1138 5749 1183 5800 ine.
1196 5745 1236 5800 F’

284 5813 314 5870 (a)
332 5815 376 5862 ant
388 5811 439 5860 dics
450 5813 531 5862 certus
541 5813 585 5860 ina
671 5811 703 5876 (si
719 5811 873 5878 legatisdett
952 5815 984 5878 (t)
1002 5815 1087 5878 potius
