4366 6258
296 357 466 428 XXXVIII
488 367 518 428 5.
535 361 555 428 6
1091 349 1155 430 576
1448 375 1479 430 st
1499 373 1574 424 rara.
1592 367 1733 424 'insuam
1756 373 1852 424 nunt.
1873 375 1927 424 uxr

294 549 429 620 respondit
444 549 472 602 in
489 547 582 604 eadem
599 563 681 604 eausa
697 565 805 606 manere
821 565 865 614 ea,
889 563 959 616 quae
980 547 1096 602 abenate
1118 553 1122 586 ι
1145 545 1293 616 negotium,
1319 545 1390 616 quod
1412 547 1469 600 eius
1491 547 1626 600 voluntate
1647 549 1751 612 gestum
1772 547 1821 608 sit,
1841 543 1868 598 in
1885 561 1930 602 con·

293 625 362 686 sunt,
380 619 532 686 idcircoque
548 621 691 686 patronum
708 619 759 676 sibi
775 619 906 688 imputare
920 617 1024 682 debere,
1042 615 1095 686 qui,
1146 613 1339 670 damnationem
1363 613 1423 670 eius'
1443 613 1604 670 conferatur.
1639 627 1689 668 nec
1709 619 1798 682 potest
1820 613 1897 666 videri
1913 617 1955 680 ιι(

294 703 353 742 eum
374 691 464 754 posset
483 687 614 742 bonorum
636 687 833 756 possessionem
858 685 980 754 accipere
1001 691 1096 740 contra
1165 687 1330 738 raestaturus
1349 683 1419 752 quod
1436 685 1504 736 alius
1521 683 1653 752 possidet,
1676 697 1737 736 cum
1754 679 1859 736 actions
1874 699 1930 738 man·

293 755 396 810 tabulas
422 759 531 824 propter
554 767 675 824 eaquae
697 757 812 810 alienata
836 755 877 808 rel
897 753 990 808 mortis
1014 769 1096 808 causa
1145 701 1202 806 isti
1225 751 1352 820 consequi
1373 765 1429 806 rem
1451 751 1550 820 possit,
1575 751 1614 804 ita
1636 755 1668 802 ut
1690 755 1737 802 aut
1759 749 1815 818 ipse
1838 755 1952 828 patrona

296 829 305 874 ι
344 823 441 876 donata
458 827 528 886 sunt,
546 839 600 876 non
616 821 689 878 fecit.
716 823 790 876 Haec
808 823 877 874 actio
894 821 923 874 iu
958 825 1095 890 erpoinum
1145 817 1270 874 restituat
1284 825 1332 874 aut
1346 835 1407 874 eum
1421 835 1547 886 cumque
1561 819 1716 872 mandatum
1730 823 1951 874 conmaxrtrestiv

294 895 308 942 ι
344 889 434 952 datur,
457 889 518 956 quia
539 889 621 944 habet
641 891 681 946 rei
697 889 914 958 persecutionem.
938 839 1095 942 pearsonum
1146 893 1221 940 tuere
1239 889 1325 954 cogat.
1361 887 1425 954 quid
1441 887 1509 940 enim
1527 885 1659 950 dicemus,
1681 885 1723 940 si⁸
1744 885 1781 948 is,
1805 885 1851 964 qui
1870 885 1893 938 io
1912 905 1929 946 re

293 973 325 1012 ex
344 971 402 1010 asse
419 955 543 1010 heredem
554 955 706 1012 institutum
719 955 850 1010 volentem
860 955 980 1010 Faviana
991 955 1096 1008 actione
1145 955 1317 1024 interpositus
1335 959 1389 1018 est,
1413 955 1479 1006 nihil
1499 953 1560 1008 dolo
1581 953 1665 1006 iecit?
1687 969 1743 1010 nou
1764 951 1930 1024 dubrtabimu,

294 1025 333 1076 uti
349 1029 456 1090 praetor
473 1021 601 1090 admittit,
625 1027 687 1094 quia
704 1029 762 1078 erat
778 1023 897 1090 iniquum
914 1021 1019 1078 excludi
1034 1037 1096 1078 eum
1147 1021 1210 1090 quin
1235 1021 1384 1076 omnimodo
1409 1037 1469 1074 eum
1490 1037 1521 1074 eo
1544 1021 1586 1090 agi
1603 1037 1657 1076 non
1673 1021 1767 1090 possit.
1802 1019 1865 1088 quid
1880 1023 1929 1080 enin

293 1107 309 1144 a
326 1091 456 1156 Faviana,
482 1091 544 1158 qui¹
567 1109 621 1146 uon
645 1095 740 1162 sponte
757 1089 824 1144 adiit
839 1089 1026 1156 hereditatem,
1049 1089 1096 1144 sed
1146 1089 1218 1142 non⁹
1234 1093 1325 1158 potest
1336 1087 1419 1142 videri
1434 1089 1494 1142 dolo
1508 1087 1611 1156 iecisse,
1628 1089 1673 1156 qui
1687 1087 1766 1142 fidem
1778 1101 1854 1142 suam
1865 1091 1929 1150 amico

293 1159 354 1226 quia
379 1159 510 1212 bonorum
535 1161 732 1228 possessionem
758 1161 852 1212 contm
876 1159 983 1212 tabulas
1006 1161 1096 1224 petere
1147 1155 1321 1210 commodavit
1338 1171 1417 1224 quam
1434 1155 1510 1210 alii¹⁰
1532 1171 1611 1224 quam
1635 1155 1687 1210 sibi
1703 1169 1737 1210 ex
1753 1155 1841 1210 liberti
1856 1153 1929 1216 iraude

293 1231 306 1278 3
341 1241 395 1280 uon
412 1225 507 1294 potnit.
542 1227 570 1282 Si
586 1227 729 1282 intestatus
745 1225 856 1280 libertus
875 1225 1031 1288 decesserit,
1067 1239 1095 1278 a·
1147 1225 1182 1278 ad
1199 1225 1280 1278 uisiit.

291 1299 384 1346 monus
407 1291 528 1348 adeundo
551 1295 726 1348 hereditatem
746 1291 803 1348 eius
820 1299 928 1348 revocat
939 1309 994 1414 tper
1010 1241 1095 1348 daivi-
1182 1241 1200 1348 i

1202 1287 1220 1348 3
1239 1291 1359 1346 Pronus
1373 1291 1443 1348 libro
1461 1291 1562 1346 decim
1586 1291 1622 1346 oei
1639 1291 1723 1362 iopam
1741 1289 1839 1346 Iuliam
1856 1297 1881 1342 et
1894 1293 1929 1348 Po·
1948 1353 1950 1358 ,

293 1361 394 1414 stanam
411 1359 541 1416 actionem
557 1377 603 1426 ea,
627 1375 696 1428 quae
719 1361 835 1414 alienata
858 1365 921 1414 suut
958 1361 999 1414 olo
1017 1359 1095 1422 malo,
1142 1361 1220 1432 piam
1261 1359 1455 1414 Constitutione
1484 1359 1538 1412 divi
1559 1359 1601 1412 Pii
1629 1363 1737 1414 caretur
1762 1357 1794 1412 de
1817 1357 1929 1426 impubere

292 1443 343 1494 quo
361 1427 447 1480 minus
464 1443 528 1496 pars
545 1447 579 1484 ex
592 1431 749 1480 testamento
763 1427 852 1480 debita
866 1429 996 1482 bonorum
1010 1427 1097 1482 liberti
1147 1427 1315 1496 adoptando,
1336 1433 1368 1480 nt
1384 1441 1418 1482 ex
1435 1427 1523 1492 bonis,
1548 1441 1617 1496 quae
1639 1427 1731 1498 mortis
1748 1431 1865 1494 tempore
1880 1429 1929 1486 illim

292 1495 326 1546 ad
347 1501 490 1562 patronum
515 1495 645 1550 liberosve
671 1495 727 1548 eius
752 1495 914 1564 perveniret:
944 1495 1023 1564 idque
1048 1511 1075 1548 es
1148 1495 1194 1562 qui
1211 1493 1347 1562 adoptavit
1364 1495 1484 1560 fuerunt,
1520 1509 1564 1548 ars
1583 1501 1678 1562 quarta
1695 1495 1730 1548 ad
1747 1509 1806 1548 eum
1823 1495 1930 1562 pertineat

293 1561 346 1618 sive
362 1563 446 1630 petita
464 1563 498 1618 sit
515 1579 532 1618 a
548 1567 662 1630 patrono
680 1561 715 1616 ab
731 1561 858 1618 intestato
880 1561 1011 1618 honorum
1034 1579 1096 1630 pos·
1148 1563 1193 1630 qui
1216 1561 1361 1630 adoptatus
1382 1567 1437 1618 est:
1461 1577 1490 1618 se
1532 1567 1558 1616 et
1580 1561 1653 1616 bona
1675 1561 1713 1628 ei,
1738 1577 1806 1630 quae
1829 1561 1950 1630 adquisir

291 1635 306 1682 4
341 1631 423 1686 sessio
441 1633 495 1686 sive
512 1645 567 1684 non
584 1629 645 1684 sita
680 1627 710 1682 Si
730 1629 821 1698 plures
843 1631 898 1686 siut
918 1635 1048 1698 patronae
1070 1635 1098 1684 et
1147 1631 1232 1698 patri,
1256 1631 1361 1684 restitui
1381 1631 1471 1686 iussit:
1495 1631 1518 1684 si
1542 1645 1623 1684 causa
1646 1633 1751 1698 cognita
1772 1629 1929 1698 emancipatur

291 1699 410 1766 patroni,
434 1699 531 1766 singuli
552 1695 654 1750 virilem
676 1703 781 1752 tantum
797 1699 962 1754 revocabunt
977 1697 1020 1752 vel
1037 1699 1095 1752 Osl-
1147 1699 1242 1762 buerit,
1264 1705 1387 1768 quartam
1408 1699 1503 1768 perdit.
1541 1699 1565 1752 si
1588 1699 1650 1767 quid
1671 1699 1761 1778 itaque
1782 1699 1810 1750 in
1833 1699 1929 1760 irauden

291 1771 305 1818 5
341 1767 468 1820 visiana³.
503 1765 532 1818 Si
554 1763 666 1818 libertus
683 1765 825 1820 intestatus
844 1765 987 1820 decesserit
1004 1765 1097 1820 relicta
1148 1765 1205 1820 eius
1223 1765 1368 1820 odenatum
1384 1765 1473 1832 luerit,
1493 1765 1569 1834 quasi
1586 1781 1635 1834 per
1652 1765 1826 1820 Galvrsiauam
1842 1766 1881 1820 vel
1894 1767 1929 1822 io.

292 1841 405 1902 patrono
428 1833 516 1886 debita
537 1831 660 1900 portione
678 1837 725 1884 aut
742 1833 831 1912 aliquo
850 1833 976 1900 amplius,
998 1831 1098 1900 aliqrdd
1147 1833 1253 1888 uanam
1270 1833 1402 1888 actionem
1419 1833 1598 1888 revocandum
1614 1837 1665 1888 est.

290 1903 368 1954 etiam
391 1899 558 1962 alienaverit,
587 1897 750 1966 Papinianus
778 1901 847 1956 hbro
876 1905 972 1968 quarto
997 1899 1097 1954 decimo

290 1969 475 2038 quaestionum
493 1965 587 2022 scribit
603 1967 671 2020 nihil
689 1983 747 2024 asse
763 1969 956 2024 revocandum:
974 1983 1035 2022 nam
1053 1967 1098 2038 qui

290 2037 378 2104 potuit
395 2035 474 2090 alicui
490 2035 640 2104 relinquere
658 2035 721 2104 quid
741 2041 914 2100 testamento,
937 2037 961 2092 si
983 2035 1098 2090 debitam
1514 2041 1594 2102 V111,

290 2105 438 2226 pthionem
454 2111 566 2224 padano
581 2103 717 2224 eplinquat
728 2111 878 2176 praeterea,
896 2103 1020 2158 donando
1032 2103 1098 2158 nihil
1150 2139 1182 2190 SI
1197 2139 1358 2190 TABULAE
1375 2139 1594 2192 TESTAMENTI
1610 2139 1749 2190 NULLAE
1764 2139 1926 2194 EXTABUNJ

1927 2185 1930 2210 l

290 2177 443 2296 γΙιιθἛιιιῖι)
467 2185 791 2314 iibboenbacicciibbensime
821 2243 899 2320 tertio
926 2239 963 2296 aci
985 2239 1098 2296 edictum
1436 2209 1530 2260 UNDE
1547 2207 1674 2260 LIBERI·

290 2309 481 2378 Quodcumque
505 2309 567 2364 dolo
589 2311 659 2364 mmo
686 2311 776 2366 liberti
800 2311 945 2364 abenetum
969 2313 1022 2374 est,
1045 2309 1099 2362 Fa·
1187 2305 1201 2364 1
1228 2305 1374 2364 Uaramus
1388 2307 1455 2362 labro
1474 2309 1580 2378 quadra
1600 2309 1700 2362 eusiroo
1718 2311 1815 2380 quarto
1835 2307 1871 2362 aci
1885 2309 1949 2366 edio

294 2383 301 2430 l
338 2377 421 2432 viana
439 2377 544 2432 aetiorm
562 2385 713 2434 revocatam.
739 2377 801 2434 Etsi
812 2377 903 2446 plures
917 2377 1024 2446 patroni
1037 2377 1098 2442 sint,
1151 2385 1205 2428 tum
1244 2375 1424 2446 Posteaquam
1446 2383 1555 2456 praetor
1577 2325 1682 2430 lbcutus
1706 2383 1747 2432 est
1774 2377 1806 2430 de
1827 2377 1930 2434 bonoim

290 2463 379 2500 omnes
401 2461 483 2500 unam
504 2451 609 2514 partem
631 2447 783 2500 habebunt:
809 2445 856 2500 sed
878 2443 918 2500 sii
941 2445 1029 2500 viriles
1046 2463 1100 2500 non
1149 2443 1318 2524 possessione
1337 2447 1394 2500 aius
1411 2461 1457 2514 qu1
1474 2449 1587 2500 testatus
1605 2453 1659 2512 est,
1682 2445 1824 2500 transitum
1841 2443 1950 2504 feeitsi‘

288 2521 393 2584 petent,
416 2515 504 2584 portio
530 2513 625 2568 ceteris
650 2515 807 2584 adcrescet.
833 2515 904 2584 quod
927 2515 956 2568 in
978 2515 1099 2584 patronis
1149 2517 1306 2580 mtestatos,
1329 2529 1391 2568 eum
1415 2513 1533 2568 ordinem
1550 2519 1671 2578 secutus,
1693 2529 1772 2582 quem
1788 2519 1815 2568 et
1830 2515 1873 2568 lex
1888 2513 1930 2566 dro-

290 2583 354 2650 dixi,
380 2587 408 2638 et
423 2583 451 2636 in
468 2581 558 2638 liberis
581 2585 774 2650 patronorum⁵
795 2587 850 2638 est:
874 2581 922 2638 sed
944 2599 998 2636 non
1022 2581 1100 2638 simul
1151 2581 1235 2636 decim
1245 2581 1397 2636 tabularum
1409 2587 1500 2636 secuta
1511 2589 1565 2638 est:
1580 2581 1632 2636 fuit
1642 2581 1713 2636 enim
1722 2581 1882 2636 ordinarium
1891 2589 1931 2640 aut

290 2651 400 2718 venient,
419 2649 467 2706 sed
483 2651 604 2720 patronis
622 2649 816 2706 deficientibus.
1151 2649 1183 2704 de
1199 2649 1303 2704 iudiciis
1320 2651 1476 2716 testantium
1486 2653 1514 2716 ¹²,
1539 2651 1600 2706 dein
1623 2651 1662 2704 sic
1683 2649 1717 2704 de
1738 2651 1899 2704 successione
1912 2653 1930 2706 al
1948 2687 1951 2690 „

323 2717 341 2776 5
361 2719 479 2774 Psaros
498 2719 566 2776 libro
584 2719 812 2800 quadrupeusimo
829 2719 947 2776 secundo
970 2719 1008 2774 uei
1029 2721 1099 2776 edio·
1153 2725 1163 2770 l
1199 2717 1326 2772 intestato
1346 2719 1439 2840 logui..
1453 2717 1506 2772 Sed
1523 2719 1718 2772 successionem
1735 2719 1769 2772 ab
1786 2719 1931 2774 intestatoir
1949 2753 1950 2756 =

289 2793 343 2842 tom
385 2789 503 2844 Tenetur
525 2787 649 2842 Fabiana
674 2789 780 2842 acdona
802 2791 858 2842 tam
880 2789 903 2842 is
927 2787 974 2858 qui
996 2789 1100 2858 accepit
1150 2785 1240 2854 plures
1257 2791 1348 2854 partes
1384 2785 1468 2842 adsit:
1491 2785 1556 2842 iecit
1580 2787 1648 2842 enim
1664 2785 1762 2854 gradus
1779 2787 1878 2852 varios,
1898 2791 1930 2856 pri·

288 2857 354 2926 ipse,
372 2873 453 2926 quam
470 2857 515 2926 qui
532 2857 610 2912 iussit
626 2857 673 2910 alii
684 2856 744 2911 dari
754 2857 782 2912 id
794 2857 866 2928 quod
876 2857 929 2938 ipsi
940 2857 1098 2912 donabatur.
1151 2871 1221 2908 mum
1240 2855 1392 2920 liberorum,
1412 2857 1557 2910 secundum
1574 2855 1758 2926 legitimorum,
1775 2857 1880 2910 tertium
1892 2871 1930 2926 cog·
1949 2905 1952 2914 .

292 2931 301 2980 l
338 2925 369 2980 in
387 2927 492 2982 actione
510 2927 630 2980 Faviana
647 2925 671 2980 si
692 2941 735 2980 res
758 2941 813 2980 non
835 2931 1008 2992 restituatur,
1031 2925 1101 2980 tanti
1151 2927 1166 2978 ι
1200 2929 1334 2990 natorum,
1353 2923 1448 2980 deinde
1465 2923 1514 2978 viri
1532 2929 1558 2978 et
1574 2925 1672 2980 moris.
1701 2923 1744 2978 Ita
1761 2929 1848 2980 autem
1865 2923 1894 2978 ab
1907 2925 1949 2980 ur

291 2995 462 3052 damnabitur
478 3013 549 3064 reus,
568 2995 662 3066 quanti
678 3001 755 3050 actor
771 2995 798 3050 in
814 2995 887 3050 litem
904 2995 1039 3050 iuraverit.
1150 2997 1248 3048 testato
1266 2997 1356 3064 potest
1373 2997 1522 3064 competere
1532 2993 1664 3050 bonorum
1674 2995 1816 3064 possessio,
1835 2993 1858 3048 si
1871 3009 1931 3064 neqoe

323 3061 504 3122 blasianus
524 3067 591 3122 libro
610 3067 753 3120 uicensimo
771 3067 849 3118 scorto
872 3065 1035 3136 clipeatorum
1070 3065 1099 3118 si
1151 3061 1298 3118 secundum
1326 3063 1434 3118 tabulas
1463 3079 1549 3132 neque
1577 3067 1672 3118 contra
1697 3061 1803 3118 tabulas
1828 3061 1930 3116 bonomo

288 3133 408 3198 libertus,
428 3133 631 3190 cummendare
649 3139 792 3202 patronum
810 3133 966 3200 velletiilio
985 3133 1099 3188 familias
1151 3133 1167 3184 3
1200 3131 1335 3202 possessio
1360 3131 1449 3200 agnita
1470 3131 1512 3186 sit.
1550 3131 1635 3186 Plane
1662 3131 1685 3184 si
1712 3137 1833 3200 tempora
1854 3131 1949 3200 quiden.

290 3207 382 3256 contra
405 3209 514 3260 senatus
539 3203 692 3258 consultum
709 3201 849 3272 pecuniam
867 3201 1021 3268 crediderit,
1045 3217 1099 3256 non
1150 3199 1280 3268 petendae
1298 3199 1429 3256 bonorum
1446 3199 1622 3270 possessionis
1640 3215 1674 3256 ex
1690 3205 1848 3254 testamento
1862 3199 1930 3268 largit
1948 3259 1949 3262 Ἴ

290 3271 340 3326 erit
360 3271 504 3328 inhibenda
522 3271 592 3328 actio
610 3271 743 3338 Faviana,
768 3271 830 3342 quia
851 3271 961 3326 libertus
986 3269 1099 3328 donasse
1150 3269 1257 3338 bantur,
1271 3275 1451 3324 verumtamen
1466 3269 1606 3338 repudiata
1619 3275 1661 3324 est
1673 3269 1803 3324 bonorum
1816 3269 1948 3340 possessio„

288 3343 371 3408 magis
393 3341 422 3394 in
443 3343 515 3396 hunc
538 3357 630 3398 casum
652 3341 843 3410 intellegendus
866 3345 912 3396 est
926 3339 955 3394 in
977 3339 1099 3396 fraudem
1151 3337 1292 3394 fficendom
1317 3337 1368 3394 erit
1393 3339 1428 3394 ab
1454 3339 1581 3394 intestato
1607 3337 1739 3394 bonorum
1764 3339 1930 3408 possessionen

289 3409 395 3478 patroni
413 3427 492 3480 quam
509 3415 605 3466 eontra
621 3417 732 3466 senatus
751 3409 902 3466 eonstdtum
919 3409 1071 3466 credidisse.
1150 3407 1203 3462 iam
1220 3407 1350 3478 incipere:
1370 3423 1431 3460 cum
1448 3407 1557 3462 animis
1575 3405 1620 3476 qui
1637 3407 1786 3478 repudiavit
1802 3413 1890 3476 petere
1902 3407 1930 3460 bo·

323 3475 517 3534 'ISoauvoen
540 3481 609 3534 libro
635 3481 729 3550 quinto
771 3481 939 3534 acessionem
980 3477 1054 3560 Ergo
1077 3479 1101 3532 si
1151 3491 1246 3532 uorrrm
1268 3477 1463 3544 possessionem
1484 3493 1539 3530 non
1554 3481 1645 3544 potest
1661 3481 1723 3546 post
1739 3475 1930 3546 repudiationem,

289 3553 397 3602 senatus
415 3547 566 3602 consultum
581 3547 671 3604 locum
688 3495 849 3616 morbidet,
869 3553 958 3604 cessat
971 3547 1099 3614 Faviana,
1151 3559 1232 3600 conse
1250 3559 1316 3600 neus
1334 3545 1395 3610 erit,
1420 3551 1450 3598 ut
1473 3546 1507 3599 ab
1529 3545 1656 3598 intestato
1674 3559 1752 3626 posse
1769 3545 1825 3614 peti
1841 3545 1930 3612 incipiat

289 3631 349 3670 cum
365 3615 435 3684 exigi
451 3617 545 3686 possit.
1151 3617 1167 3668 4
1201 3563 1254 3670 Sei
1275 3613 1332 3670 ιιι13
1357 3613 1380 3668 si
1403 3629 1436 3668 ex
1454 3613 1622 3670 Carboniano
1645 3613 1731 3668 edroto
1748 3615 1878 3668 bonorum
1892 3629 1948 3682 por

323 3679 503 3742 Sisolenses
517 3685 585 3742 libro
602 3685 746 3740 vicensimo
760 3689 838 3740 screto
853 3685 1019 3756 clipeatorum
1048 3685 1100 3740 sed
1151 3681 1234 3736 sessio
1259 3683 1323 3736 deta
1346 3683 1393 3748 sit,
1417 3683 1499 3752 magis
1521 3687 1573 3748 est,
1597 3687 1628 3736 ut
1649 3681 1737 3736 dicere
1759 3681 1896 3738 debeamus
1913 3681 1948 3734 ab:

289 3755 312 3808 si
329 3753 426 3808 minori
460 3769 522 3808 uam
536 3753 643 3824 ‘vigiuti
666 3751 784 3824 quinque
801 3753 878 3808 anuis
895 3759 961 3810 natu
982 3753 1037 3808 lilio
1058 3751 1099 3808 fa·
1150 3751 1276 3808 intestato
1287 3751 1309 3784 ¹⁴
1325 3751 1408 3806 nihilo
1426 3751 1512 3806 minus
1529 3767 1609 3820 posse
1622 3751 1690 3820 peti:
1709 3757 1740 3804 ut
1754 3751 1823 3806 enirn
1836 3767 1882 3806 suo
1894 3751 1931 3804 loco

290 3823 374 3878 milies
392 3771 543 3888 oreiderit,
562 3837 645 3878 causa
662 3821 770 3892 cognita
786 3823 811 3876 ei
828 3823 949 3878 succurri
966 3823 1054 3878 debet.
1150 3819 1323 3886 ostendimus,
1341 3837 1395 3874 uon
1412 3819 1521 3890 impedit
1538 3821 1669 3874 bonorum
1681 3821 1873 3890 possessionem
1886 3821 1931 3874 edit·

323 3889 439 3950 iiieeu
454 3891 522 3946 libro
539 3891 730 3964 senopeooimo
748 3899 846 3960 quarto
863 3891 1027 3964 clipeatorum
1052 3891 1099 3946 Vi·
1151 3893 1165 3940 5
1200 3889 1284 3942 talem
1295 3889 1465 3946 Carboniana
1474 3889 1605 3944 honorum
1616 3889 1758 3958 possessio.
1776 3889 1859 3944 Recte
1869 3895 1932 3944 anau

289 3977 336 4016 vus
353 3961 465 4016 libertus
483 3961 583 4016 donare
602 3961 672 4014 bene
695 3961 857 4014 merentibus
881 3961 973 4016 amicis
995 3965 1098 4030 potest:
1150 3961 1259 4026 praetor
1276 3973 1293 4012 a
1310 3957 1401 4012 liberis
1418 3957 1521 4012 initium
1538 3955 1603 4012 iecit
1620 3957 1655 4012 ab
1671 3957 1797 4012 intestato
1812 3959 1929 4012 successio

289 4031 377 4096 legare
394 4045 456 4084 vero
474 4045 524 4084 nec
540 4029 609 4084 bene
626 4027 790 4084 merentibus
808 4027 900 4084 amicis
917 4033 1021 4098 potest,
1047 4045 1099 4096 quo
1150 4025 1203 4092 nia,
1222 4029 1266 4090 ut,
1290 4025 1370 4080 sicuti
1387 4031 1481 4080 contra
1496 4025 1604 4080 tabulas
1621 4025 1687 4096 ipsis
1706 4025 1802 4092 defert,
1825 4027 1862 4080 ita
1880 4033 1900 4080 et
1913 4023 1932 4078 ai
1947 4095 1950 4100 .

290 4099 396 4168 patroni
412 4103 515 4168 partem
531 4097 643 4152 minuat.
1151 4099 1166 4148 6
1199 4093 1328 4150 intestato
1346 4093 1418 4162 ipsos
1434 4099 1519 4150 vocet.
1545 4093 1658 4150 Liberos
1673 4099 1763 4150 autem
1777 4093 1895 4164 accipere
1906 4093 1932 4148 de

326 4163 363 4224 10
386 4167 555 4222 Ararennus
575 4165 644 4222 libre
663 4165 757 4238 primo
782 4165 968 4234 quaestionum
1009 4165 1038 4222 si
1061 4165 1098 4232 id,
1151 4165 1242 4216 bemus
1262 4179 1328 4232 quos
1342 4161 1377 4216 ad
1391 4169 1486 4218 cauma
1499 4163 1606 4218 tabrrlas
1621 4165 1752 4218 bonorum
1765 4163 1951 4234 possessionen.

290 4235 362 4304 quod
379 4249 396 4288 a
412 4235 506 4290 liberto
523 4235 552 4288 in
568 4233 691 4290 heodem
708 4231 852 4288 aberratum
870 4239 924 4302 est,
946 4251 1001 4290 non
1018 4237 1098 4300 extet,
1151 4231 1329 4286 admittendos
1349 4231 1470 4300 diximus,
1489 4239 1545 4286 tam
1561 4231 1696 4286 naturales
1715 4249 1794 4300 quaro
1811 4233 1927 4300 adoptivos

290 4303 359 4356 actio
377 4303 486 4372 patroni
503 4309 605 4370 cessat,
627 4301 849 4372 quemadmodum
872 4303 895 4358 si
913 4303 1055 4372 pecuniam
1071 4303 1101 4356 in
1151 4299 1199 4354 sed
1216 4299 1355 4370 adoptivos
1372 4301 1503 4356 hactenus
1521 4299 1692 4366 admittimus,
1710 4301 1734 4354 si
1750 4301 1849 4354 iruerint
1865 4303 1890 4354 in
1903 4315 1948 4368 po»

290 4369 411 4426 fraudem
428 4369 571 4426 abiecisset
587 4377 636 4426 aut
653 4371 734 4426 etiam
749 4371 774 4426 si
789 4371 826 4436 is,
862 4371 891 4426 ui
906 4371 1000 4427 mortis
1018 4387 1101 4426 causa
1151 4375 1262 4424 testate:
1293 4373 1412 4422 ceterum
1433 4369 1456 4422 ai
1479 4369 1520 4424 sui
1544 4369 1608 4424 iuris
1631 4367 1743 4434 fuerint,
1771 4369 1806 4422 ad
1829 4369 1950 4432 honum

290 4439 419 4494 eliberta
436 4439 597 4508 accepisset,
619 4455 679 4496 eam
700 4453 757 4494 rem
774 4439 851 4494 vendi
870 4439 877 4452 “
893 4441 951 4494 εει6
969 4445 997 4494 et
1013 4441 1100 4494 honae
1149 4437 1346 4504 possessionem
1367 4453 1422 4492 non
1444 4437 1602 4502 invitantur,
1634 4437 1695 4506 quia
1724 4435 1872 4506 adoptionis
1895 4439 1932 4490 im
1948 4445 1951 4466 ³

290 4507 351 4562 fidei
368 4513 471 4576 emptor
488 4523 547 4562 eam
564 4525 617 4562 usu
635 4507 751 4578 cepisset
890 4559 892 4562 ,
1151 4509 1165 4558 i
1200 4503 1332 4560 dissoluta
1346 4509 1410 4558 sunt
1423 4505 1643 4574 emancipatione.
1670 4505 1699 4558 Si
1712 4505 1770 4572 quis
1784 4505 1867 4560 filium
1880 4509 1952 4562 suso}

326 4574 361 4633 11
383 4575 501 4630 Pronus
516 4577 584 4630 libro
602 4579 681 4630 tertio
703 4575 741 4630 ari
757 4577 841 4646 lepem
858 4575 961 4630 Aelium
979 4573 1099 4630 Sentium
1150 4573 1347 4642 emancipatum
1367 4573 1396 4626 in
1417 4573 1505 4628 locum
1525 4573 1629 4642 nepotis
1647 4573 1784 4644 adoptavit
1801 4579 1827 4626 et
1843 4569 1932 4628 emani·
1949 4599 1952 4646 3

289 4645 351 4698 Non
377 4645 481 4698 videtur
506 4647 637 4712 patronus
659 4643 781 4698 fraudari
803 4659 835 4698 eo
858 4643 930 4712 quod
952 4643 1098 4698 consentit:
1149 4641 1260 4710 pavire,
1286 4657 1347 4696 curn
1369 4640 1481 4696 haberet
1502 4645 1530 4696 et
1550 4645 1676 4708 nepotem
1692 4657 1725 4694 ex
1742 4657 1788 4706 eo,
1811 4643 1932 4708 quaesitio

290 4713 328 4766 sic
350 4717 377 4766 et
400 4711 471 4780 quod
490 4711 595 4766 volente
612 4717 727 4780 patrono
744 4711 856 4768 libertus
873 4711 1023 4780 donaverit,
1045 4727 1100 4766 non
1150 4715 1191 4762 cst
1208 4709 1281 4778 apud
1297 4707 1469 4774 Marcellum,
1492 4725 1528 4762 an
1544 4707 1653 4776 adoptio
1671 4709 1816 4762 rescissa¹⁵
1833 4707 1952 4780 impedio

290 4779 387 4848 poterit
404 4779 541 4834 Faviana⁷
557 4779 688 4834 revocari.
1149 4783 1283 4846 nepotem.
1310 4777 1358 4832 sed
1373 4793 1434 4830 cum
1451 4777 1536 4834 soleat
1553 4777 1718 4846 emancipato
1736 4777 1808 4846 patri
1824 4777 1892 4846 iungi
1905 4783 1953 4830 ue

326 4845 364 4904 12
383 4849 550 4902 devorares
569 4847 639 4900 libro
662 4849 741 4902 tertio
764 4865 778 4900 c
798 4847 939 4902 isiciorum
974 4847 1099 4902 Libertus
1149 4861 1206 4914 pos,
1226 4845 1284 4914 qois
1303 4861 1358 4900 non
1375 4843 1455 4912 dicat,
1474 4847 1524 4900 etsi
1541 4843 1686 4912 adoptatus
1699 4845 1734 4898 sit
1748 4851 1776 4900 et
1790 4845 1866 4912 quasi
1878 4845 1932 4914 fiius
1947 4807 1952 4886 i

291 4933 350 4970 curn
372 4915 516 4970 fraudandi
535 4915 643 4996 patroni
671 4931 754 4972 causa
824 4915 886 4970 dum
907 4915 970 4972 Seio
992 4915 1098 4970 tradere
1150 4913 1233 4970 nihilo
1250 4913 1338 4968 minus
1356 4913 1410 4966 lilio
1428 4929 1477 4968 suo
1494 4929 1556 4968 eum
1579 4929 1633 4966 non
1654 4913 1775 4978 obstare,
1799 4915 1861 4982 quia
1881 4919 1953 4984 quatit

290 4985 375 5050 vehet,
395 4985 471 5038 Seius
490 4983 561 5038 Titio
578 4983 721 5050 mandavit,
740 4987 771 5038 ut
788 4999 849 5038 eum
866 4983 989 5052 accipiat,
1013 4985 1053 5038 ita
1068 4989 1100 5038 ut
1149 4981 1221 5038 filius
1237 4981 1379 5050 adoptivus
1397 4987 1440 5036 est
1452 4981 1481 5034 in
1493 4985 1635 5050 potestate,
1653 4997 1708 5034 non
1722 4981 1798 5048 quasi
1812 4981 1932 5036 naturali?

290 5051 359 5106 inter
368 5053 457 5106 Seium
467 5055 495 5104 et
506 5049 606 5104 Titium
616 5053 772 5104 mandatum
785 5053 966 5106 contrahatur.
989 5065 1098 5120 quaero,
1151 5053 1165 5102 8
1201 5049 1230 5104 Si
1253 5049 1330 5104 heres
1353 5049 1492 5104 institutus
1515 5065 1570 5104 nou
1592 5047 1691 5102 habeat
1713 5049 1886 5114 voluntatem,
1908 5041 1932 5114 ι(
1948 5017 1955 5106 i

290 5125 352 5186 post
374 5125 485 5174 mortem
505 5115 594 5172 liberti
610 5123 741 5188 patronus
758 5125 848 5174 uuum
866 5135 927 5174 cum
944 5119 1004 5172 Seio
1023 5119 1098 5172 dum-
1150 5119 1213 5186 quia
1237 5117 1338 5172 melnae
1365 5121 1430 5172 sunt
1454 5117 1563 5170 tabulae
1586 5117 1628 5170 vel
1648 5117 1712 5184 quia
1735 5117 1892 5170 cancellatae
1908 5087 1955 5180 viii

291 5193 366 5240 taxat
388 5187 434 5254 qui
456 5185 594 5242 mandavit
614 5187 747 5242 audonem
767 5187 863 5254 babet,
885 5203 920 5242 an
944 5203 1005 5242 cum
1028 5187 1098 5242 Titio
1150 5185 1212 5254 (luia
1230 5185 1283 5238 alia
1299 5185 1404 5242 ratione
1420 5186 1584 5240 voluntatem
1605 5189 1719 5238 testator
1736 5185 1847 5238 mutavit
1862 5181 1955 5242 voluit„

290 5253 336 5322 qui
352 5253 465 5308 fundum
481 5255 592 5320 retinet,
614 5269 651 5308 an
672 5271 733 5310 cum
752 5273 804 5324 quo
820 5255 883 5308 velit
899 5271 977 5324 agere
995 5255 1099 5324 possit?
1149 5269 1201 5322 que
1223 5253 1350 5308 intestato
1372 5251 1514 5320 decedere,
1544 5251 1685 5308 dicendum
1711 5257 1752 5306 est
1774 5253 1808 5306 ab
1832 5255 1932 5308 intestato
1954 5281 1955 5284 =

290 5323 438 5402 respondit:
457 5323 486 5376 in
497 5337 566 5388 eum,
584 5321 629 5374 cui
641 5321 749 5402 donatio
761 5323 941 5404 quaesiisset,
959 5323 999 5376 ita
1009 5329 1098 5376 minen
1149 5335 1206 5374 rem
1222 5321 1369 5400 habituros⁸
1382 5335 1440 5386 eos,
1458 5321 1503 5402 qui
1521 5323 1652 5398 bonorum
1668 5319 1863 5400 possessionem
1877 5331 1933 5398 acet·

290 5405 313 5442 si
334 5389 369 5442 ad
390 5391 464 5444 illum
485 5405 529 5446 res
551 5395 714 5460 pervenerit,
738 5397 810 5446 actio
827 5389 919 5456 datur,
944 5407 1004 5444 cum
1022 5405 1099 5446 omne
1149 5393 1165 5442 9
1199 5395 1305 5458 parunt.
1343 5389 1371 5442 Sr
1393 5395 1575 5458 emancipatus
1598 5387 1670 5440 fihus
1689 5387 1800 5442 exheres
1817 5389 1955 5452 luenti

293 5563 319 5624 (ι)
339 5559 432 5624 quiaF
506 5563 539 5626 (ι)
557 5561 672 5626 idemque
687 5559 860 5626 est,sipetita
873 5561 1053 5626 sitapetrono
1066 5561 1098 5612 ab
1183 5561 1224 5624 (ιι)
1242 5561 1379 5620 Sob.1...t;
1398 5559 1933 5630 Pop.t...s.-Bos.45,l‚1...9.·—Cfli'od

289 5629 408 5680 intestato
421 5627 543 5680 bonorum
557 5629 676 5694 possessio
690 5647 736 5680 ser.
854 5631 885 5692 (st
904 5629 1063 5680 capuanam
1077 5629 1105 5680 F
1149 5631 1206 5692 (ιιι
1262 5629 1307 5694 (ιι)
1324 5629 1487 5680 testatiumF
1557 5629 1600 5694 (ιι)
1619 5631 1701 5680 etdcl.
1774 5635 1818 5696 (ιι)
1835 5623 1936 5682 intestof

291 5701 323 5764 (ι)
341 5697 440 5762 quiias.
497 5699 528 5762 (st
545 5697 655 5764 patrcF
705 5695 738 5758 (ιι)
755 5695 902 5764 perdidisset
911 5717 957 5750 scr.
1010 5699 1043 5762 (ι)
1060 5697 1097 5748 ia-
1149 5697 1193 5762 (ιι)
1211 5699 1237 5748 et
1250 5697 1416 5764 emancipavit
1431 5709 1454 5748 et
1468 5699 1567 5748 rescisso
1587 5701 1701 5752 uidentur
1719 5701 1814 5752 adiecto
1833 5707 1863 5752 ab
1882 5703 1933 5752 iotar-

291 5765 423 5818 vieuamF
488 5767 521 5830 (8)
539 5765 651 5818 siam-F
712 5767 744 5828 (ι)
763 5765 918 5830 quidenim‘l
935 5767 1100 5818 uiuesceret
1145 5767 1259 5834 peiorare
1619 5795 1620 5798 ¹

292 5851 341 5886 non
351 5837 396 5888 dei.
441 5835 484 5900 (ιι)
504 5851 579 5902 quam
587 5837 648 5900 (qua
658 5835 722 5900 Fert)
731 5833 786 5902 alii]
793 5837 925 5906 requiritur
935 5839 958 5888 et
966 5835 1044 5902 magis
1053 5833 1098 5888 elii
1121 5843 1124 5884 l
