4366 6258
270 361 391 424 XXV3
1067 349 1132 422 33⁰
1345 369 1391 418 ns
1412 367 1647 418 nenoscnnms
1669 367 1712 412 nr
1733 367 1855 414 sunno.
1868 367 1943 414 nm.

269 535 432 598 hereditatis,
452 551 531 603 quam
546 535 617 588 filins
634 533 754 598 intendit,
773 541 923 602 quaeretur,
941 537 1029 588 utrum
1046 547 1080 586 ex
1130 539 1200 588 ‘tura
1226 533 1333 598 ascesi,
1359 533 1463 586 etiamsi
1491 547 1508 586 a
1538 539 1615 598 patre
1652 547 1700 586 auo
1736 531 1944 586 educeremur.

272 619 302 658 eo
320 609 400 654 natus
424 601 459 654 sit
477 601 551 656 cuius
568 601 741 654 hereditatem
764 601 833 670 petit
857 617 892 654 an
915 617 977 654 non.
1013 599 1079 654 adeo
1132 607 1161 654 15
1189 601 1215 654 A
1231 601 1313 654 milite
1331 615 1437 670 quoqne
1453 601 1518 662 filio,
1536 601 1582 678 qni
1598 601 1626 652 in
1643 599 1818 654 facultatibus
1836 599 1880 664 sit,
1899 613 1944 654 ax-

270 671 324 722 boc
341 683 432 720 rernm
451 673 499 730 ιιι,
517 673 548 720 ιι
563 665 682 720 Iulianus
700 667 767 720 libro
785 683 856 722 nono
875 667 976 720 decimo
995 667 1080 734 diges·
1133 673 1164 722 16
1189 667 1676 736 hibendosparentesessepretatisexi
1696 667 1826 722 't¹¹ratio.
1843 667 1945 722 Parens

271 739 361 786 torum
389 733 490 788 scribat
499 735 516 798 ¹,
546 733 569 786 si
593 733 652 786 viro
675 737 752 800 patre
768 735 900 788 redditum
923 733 958 786 sit
974 733 1080 802 praeiu-
1131 735 1250 802 quamvis
1267 733 1303 788 ali
1319 749 1337 788 a
1352 733 1407 788 filio
1424 733 1529 788 ratione
1542 733 1659 788 naturali
1697 733 1784 798 abeat,
1801 739 1945 788 tamenaes

273 799 369 854 dicium
393 805 420 852 et
445 805 587 868 antequam
609 799 741 854 sententia
756 799 872 864 leuatur,
895 805 972 878 pater
989 799 1081 870 ‹leces-
1131 801 1246 856 abacum
1271 801 1327 856 eius
1354 815 1408 854 non
1434 815 1493 856 esse
1518 799 1668 868 cogendum
1694 801 1829 856 exsoluere
1861 801 1945 854 filium

274 871 289 922 6
323 865 395 930 ιιιιι,
410 865 599 920 transeundum
614 865 650 918 ad
659 865 855 922 Carbonianum
864 865 988 920 edictum.
1013 865 1081 922 Item
1133 871 1163 922 li
1197 867 1356 936 rescriptum
1373 873 1421 922 est.
1448 869 1516 922 Item
1532 869 1694 936 rescriptum
1712 873 1752 922 est
1768 865 1880 922 heredes
1898 867 1946 922 filii

272 935 340 986 haec
358 937 465 986 senatus
483 933 606 986 consulta
622 933 754 1000 pertinent
770 935 806 988 ad
822 947 876 996 eos,
890 933 937 1002 qui
951 933 993 988 sni
1006 933 1081 988 here·
1131 935 1167 988 ad
1184 949 1216 988 ea
1233 933 1401 1004 praestanda,
1420 949 1490 1004 quae
1506 935 1581 988 riuus
1592 935 1662 988 filiius
1680 951 1713 988 ex
1730 935 1820 988 oiiioio
1839 935 1944 1004 pietatis

275 999 321 1052 des
340 999 550 1066 adgnascantur:
575 1005 690 1054 ceterum
713 1001 735 1054 si
758 1001 829 1054 forte
845 1015 900 1054 non
917 999 1015 1054 sintin
1031 1015 1080 1068 po·
1131 1015 1197 1056 suae
1214 1001 1297 1066 dabit,
1314 1003 1410 1056 inritos
1421 1003 1479 1068 cogi
1495 1003 1753 1070 nonoportere,nIsi
1771 1003 1799 1054 in
1817 1017 1945 1056 summam

274 1069 396 1120 testatem
413 1065 540 1130 recasuri,
552 1067 639 1120 verius
655 1071 695 1120 est
708 1073 817 1120 senatus
833 1067 955 1120 consulta
967 1081 1080 1122 cessare.
1134 1071 1164 1120 18
1199 1073 1342 1138 egestatem
1367 1075 1446 1138 pater
1470 1067 1599 1122 deductus
1625 1073 1674 1124 est.
1726 1069 1820 1124 Solent
1844 1069 1944 1122 indices

308 1129 465 1188 4Paunus
492 1133 560 1188 libro
591 1135 707 1188 secundo
736 1133 927 1188 sententiarum
977 1133 1083 1190 Necare
1133 1151 1292 1204 cognoscere
1309 1141 1336 1190 et
1352 1135 1422 1190 inter
1438 1141 1566 1204 patronos
1584 1141 1611 1190 ιι
1626 1135 1753 1200 libertos,
1772 1135 1826 1190 ιι12
1843 1135 1945 1190 alendis

273 1199 377 1278 ridetur
393 1215 447 1278 non
464 1205 570 1252 tantum
587 1201 609 1254 is
627 1201 672 1270 qui
683 1207 793 1282 partum
804 1199 971 1270 praefocati,
990 1201 1083 1256 sedet
1132 1203 1173 1256 bis
1190 1207 1299 1272 agatur:
1325 1201 1415 1272 itaque
1440 1201 1464 1258 si
1487 1207 1583 1272 negent
1607 1219 1638 1258 se
1658 1219 1716 1258 esse
1740 1203 1864 1268 libertos,
1883 1219 1944 1270 cog·

274 1267 361 1346 iiim
378 1267 460 1346 abroit
478 1273 505 1348 et
523 1267 567 1336 qui
584 1269 709 1324 alimonia
734 1269 847 1336 denegat
869 1273 897 1348 et
919 1267 1081 1336 isquijtpu-
1133 1285 1242 1324 noscere
1258 1285 1305 1324 eos
1328 1271 1474 1390 oportebit:
1508 1271 1579 1338 quod
1604 1271 1627 1324 si
1654 1271 1763 1324 libertos
1789 1269 1944 1336 constiterit,

273 1333 351 1388 blrcrs
376 1333 441 1388 locis
460 1335 655 1390 misericordiae
673 1351 755 1390 causa
781 1339 903 1402 expomt,
928 1351 1006 1404 quam
1023 1335 1083 1406 ipse
1133 1341 1197 1390 tunc
1214 1337 1319 1392 demum
1356 1351 1488 1402 coemere,
1505 1343 1536 1390 ut
1553 1339 1645 1392 amnt:
1663 1353 1713 1392 nec
1728 1343 1820 1390 tamen
1836 1339 1944 1390 allmen-

274 1417 329 1456 ιιι
346 1403 435 1456 babet.
1132 1409 1221 1458 torum
1238 1405 1373 1460 decretum
1389 1405 1467 1458 tollet
1482 1404 1578 1460 liberto
1598 1403 1762 1468 facultatem,
1787 1421 1840 1474 quo
1857 1405 1945 1458 minus

309 1465 327 1524 5
352 1467 496 1522 Ucrrnnus
510 1465 577 1522 libro
594 1471 711 1526 secundo
734 1469 768 1522 cle
785 1469 879 1548 officio
903 1469 1020 1524 consulis
1054 1469 1083 1522 Si
1132 1471 1292 1540 praeiudicio
1328 1477 1430 1526 certare
1463 1471 1566 1540 possit,
1600 1471 1623 1526 si
1655 1471 1779 1526 libertum
1805 1487 1834 1526 se
1859 1477 1944 1542 neget

274 1537 333 1604 quis
352 1549 369 1588 a
385 1537 474 1588 liberis
492 1535 528 1588 ali
545 1535 676 1590 desideret
692 1537 733 1592 vel
749 1535 773 1588 si
789 1537 873 1600 liberi,
891 1543 922 1590 ιι
940 1551 957 1588 a
964 1541 1083 1658 (parente
1136 1541 1164 1592 Iti
1199 1537 1332 1592 Alimenta
1357 1543 1445 1600 autem
1471 1555 1520 1606 pro
1545 1539 1625 1592 modo
1649 1537 1819 1592 facultatium
1837 1539 1946 1592 erunt¹³

278 1609 288 1654 l
326 1603 508 1668 exhibeantur,
527 1603 606 1658 index
623 1603 656 1658 de
668 1621 699 1660 ea
710 1619 740 1658 re
752 1609 901 1672 cognoscet.
929 1603 963 1658 Se
993 1607 1083 1658 uturm
1131 1605 1292 1672 praebenda,
1310 1605 1447 1674 egentibus
1466 1607 1568 1660 scilicet
1584 1605 1717 1674 patronis:
1736 1609 1856 1660 ceterum
1871 1605 1894 1660 si
1911 1605 1945 1660 sit

275 1685 321 1726 ιιι
338 1675 442 1724 tantum
459 1669 555 1726 liberos
574 1673 693 1740 quisunt
710 1671 738 1722 in
748 1675 882 1738 potestate
894 1679 1005 1740 cogatur
1022 1669 1081 1738 qun
1133 1677 1164 1726 20
1198 1671 1269 1726 unde
1277 1687 1306 1726 se
1316 1673 1466 1736 exhibeant,
1477 1673 1619 1726 cessabunt
1627 1675 1717 1740 partes
1725 1669 1831 1726 iudicis.
1849 1671 1944 1728 Utrum

275 1737 408 1804 exhibere,
423 1753 458 1792 an
472 1755 534 1794 vero
551 1741 630 1794 etiam
645 1737 825 1808 emancipatos
839 1739 881 1792 rel
896 1739 1082 1792 exoliacansa
1133 1745 1221 1794 autem
1238 1745 1342 1794 tantum
1358 1741 1466 1808 patroni
1486 1739 1573 1794 alendi
1590 1739 1644 1794 sint
1661 1753 1695 1792 an
1721 1741 1801 1794 etiam
1817 1745 1943 1810 patrono·

275 1805 317 1860 sui
338 1805 402 1862 iuris
425 1807 597 1872 constitutos,
621 1807 761 1860 uidendum
779 1811 827 1862 est.
863 1813 890 1860 et
906 1807 989 1876 magis
1006 1811 1081 1876 puto,
1132 1823 1191 1860 rum
1207 1807 1292 1872 liberi,
1309 1809 1422 1862 tractari
1439 1813 1536 1876 potest.
1555 1813 1581 1862 et
1598 1813 1663 1876 puto
1682 1823 1764 1862 causa
1782 1807 1887 1876 cognita
1903 1807 1944 1862 iu·

275 1873 378 1928 etiamsi
394 1891 448 1928 non
462 1881 525 1930 sunt
540 1873 616 1930 liberi
632 1873 660 1926 in
673 1879 814 1942 potestate,
830 1873 940 1928 alendos
954 1889 971 1928 a
983 1889 1080 1996 fiaren-
1132 1875 1204 1944 dices
1223 1879 1249 1930 et
1265 1875 1362 1930 liberos
1392 1891 1499 1942 quoque
1521 1879 1695 1942 patronorum
1716 1873 1827 1930 alendos
1853 1875 1944 1930 decer·

275 1945 290 1994 2
324 1941 396 1996 tibus
413 1947 440 1996 et
456 1945 513 1996 uice
530 1947 621 1996 mutua
633 1941 705 1994 alere
715 1947 840 2008 parentes
854 1941 958 1996 debere.
1010 1947 1081 1996 trum
1132 1957 1203 2008 nere,
1221 1957 1276 1996 non
1293 1941 1398 2010 quidem
1428 1946 1483 1996 tam
1508 1941 1587 1996 facilc
1612 1947 1644 1996 ut
1660 1945 1795 2010 patronos,
1814 1941 1860 1996 sed
1877 1957 1944 1996 non·

275 2013 363 2062 antem
380 2015 483 2064 tantum
500 2017 602 2080 patrem
626 2023 735 2062 avumre
759 2015 900 2090 paternum
922 2023 1082 2080 proavumue
1132 2023 1275 2078 numquam
1293 2015 1320 2064 et
1344 2009 1430 2078 ipsos:
1457 2025 1520 2064 nam
1545 2015 1572 2064 et
1597 2009 1755 2078 obsequium
1781 2025 1836 2064 non
1859 2011 1945 2064 solum

275 2077 379 2146 paterni
396 2077 438 2134 ιιι
454 2083 557 2146 patrem
575 2081 729 2146 ceterosque
751 2077 831 2134 urilis
854 2095 934 2134 sexus
957 2083 1080 2146 parentes
1131 2077 1260 2146 patronis,
1277 2093 1367 2132 versum
1385 2077 1464 2132 etiam
1481 2077 1571 2132 liberis
1588 2077 1785 2132 eorumdebere
1801 2077 1942 2146 praestari.

275 2147 347 2200 alere
372 2161 511 2216 cogamur,
538 2161 572 2200 an
596 2161 663 2216 vero
687 2145 765 2200 etIam
789 2151 900 2200 matrem
928 2151 1082 2214 ceterosque
1132 2151 1161 2200 21
1182 2149 1214 2198 ii
1250 2145 1302 2200 Sed
1327 2149 1356 2198 et
1379 2143 1491 2200 libertus
1517 2149 1653 2200 maternus
1678 2145 1749 2200 alere
1768 2143 1881 2212 cogitur.
1916 2143 1945 2200 Si

274 2219 399 2282 parentes
423 2221 450 2266 ιι
471 2229 519 2282 per
543 2213 616 2266 illurn
640 2227 731 2266 sexum
756 2215 938 2282 contingentes
956 2227 1083 2282 cogamur
1132 2213 1191 2284 quis
1208 2227 1226 2266 a
1242 2211 1330 2268 liberti
1346 2211 1440 2266 liberto
1460 2213 1496 2268 ali
1513 2227 1542 2268 sa
1551 2211 1682 2266 desideret
1697 2213 1738 2266 vel
1755 2213 1789 2266 ab
1805 2227 1847 2276 eo,
1866 2227 1944 2280 quem

275 2281 354 2346 alere,
371 2281 521 2336 udendum.
540 2287 566 2334 et
584 2281 665 2348 magis
683 2285 732 2344 est,
750 2285 781 2334 ut
797 2281 940 2358 utrubique
957 2295 986 2334 se
1002 2279 1083 2334 iudex
1132 2297 1164 2336 ex
1190 2295 1273 2336 causa
1298 2279 1494 2334 fideicommissi
1517 2279 1669 2332 manumisit
1700 2295 1778 2350 quem
1797 2281 1862 2332 ue¹⁴
1889 2279 1944 2332 suis

274 2349 434 2418 interponat,
454 2347 831 2416 quorundamnecessitatibus
848 2347 954 2402 facilius
971 2363 1081 2402 succur·
1131 2347 1244 2402 nummIs
1260 2347 1384 2412 redemit,
1403 2363 1457 2400 non
1482 2347 1560 2400 debet
1586 2347 1688 2410 audiri,
1705 2353 1737 2400 nt
1754 2351 1781 2400 et
1828 2347 1945 2402 arcellus

275 2431 362 2480 rmus,
380 2413 546 2484 quorundam
563 2413 751 2482 aegritudiuiir
776 2421 804 2468 et
821 2429 882 2468 cum
899 2429 932 2468 en
949 2415 1083 2482 aeqrritate
1131 2415 1232 2480 scribit,
1250 2419 1432 2484 exaequatque
1449 2429 1524 2480 eum,
1541 2415 1587 2482 qui
1603 2413 1736 2470 mercedes
1755 2413 1882 2482 exigendo
1900 2413 1942 2468 ius

274 2483 342 2536 haec
358 2497 400 2536 res
419 2481 562 2536 descendat
578 2481 740 2548 caritateque
758 2481 900 2550 sanguiuis,
920 2481 1082 2550 singulorum
1132 2489 1164 2536 23
1197 2481 1353 2554 libertorum
1377 2483 1473 2538 amisit.
1517 2481 1570 2536 Sed
1595 2489 1622 2538 et
1647 2481 1754 2552 patroni
1778 2481 1869 2548 filium,
1898 2481 1944 2550 qui

275 2555 290 2604 3
326 2547 455 2604 desideria
477 2549 641 2618 perpendere
663 2549 776 2602 iudicem
798 2555 912 2618 oportet.
955 2549 1028 2602 Idem
1053 2549 1082 2602 in
1133 2551 1227 2620 capitis
1245 2551 1380 2606 accusavit
1396 2550 1521 2606 libertum
1537 2555 1692 2620 paternum,
1718 2555 1797 2620 negat
1815 2551 1942 2604 exhiben-

274 2617 364 2670 liberis
382 2631 486 2686 qucque
496 2615 650 2670 exhibendis
668 2631 684 2670 a
700 2617 855 2686 parentibus
874 2617 1014 2670 dicendum
1032 2621 1080 2672 est.
1132 2623 1164 2672 24
1199 2617 1269 2672 dum.
1313 2617 1366 2672 Sed
1393 2625 1419 2674 et
1443 2617 1539 2672 liberta
1565 2619 1667 2686 cogitur
1692 2625 1836 2686 patronum
1861 2619 1941 2672 alere.

274 2689 291 2738 4
325 2683 397 2752 Ergo
416 2689 441 2738 et
453 2685 584 2738 matrem*
598 2699 720 2752 cogemus
732 2685 888 2752 praesertim
905 2683 981 2752 rrrlgo
1000 2699 1081 2806 afflas-
1132 2689 1163 2738 25
1198 2685 1241 2740 De
1257 2685 1386 2740 allmentis
1404 2685 1511 2754 patroni
1529 2685 1627 2740 arbiter
1651 2687 1718 2740 solet
1744 2685 1803 2740 dari
1829 2685 1942 2740 arbitra·

275 2755 290 2806 5
326 2751 390 2806 sitos
408 2751 505 2806 liberos
524 2751 594 2806 alere
610 2767 659 2806 nec
676 2767 730 2806 non
746 2753 819 2820 ipsos
834 2767 899 2806 eam.
926 2751 992 2806 Item
1025 2751 1081 2806 ’vus
1131 2759 1216 2818 turus,
1235 2759 1362 2822 quantum
1379 2753 1414 2806 sit
1430 2753 1458 2806 in
1475 2751 1656 2818 facultatibus,
1673 2757 1705 2808 ut
1721 2753 1830 2822 perinde
1841 2755 1861 2786 ¹⁵
1878 2769 1941 2822 pos-

274 2819 339 2874 Piua
362 2819 507 2888 significat,
548 2821 607 2874 nasi
637 2835 701 2872 avus
724 2835 830 2888 quoque
852 2823 988 2872 maternus
1011 2821 1083 2874 alere
1131 2821 1185 2874 sint
1202 2821 1326 2874 admenta
1342 2819 1482 2884 moderari,
1508 2833 1576 2888 quae
1599 2821 1702 2874 tamdiu
1745 2821 1943 2884 raestabnntur,

275 2891 291 2940 6
326 2887 507 2956 compellatur.
530 2835 606 2942 ‘idem
620 2887 763 2956 rescripsit,
776 2887 898 2942 utfiliam
914 2901 988 2942 suam
1005 2893 1083 2956 pater
1132 2893 1164 2942 26
1199 2887 1431 2956 quandiuliberto
1447 2887 1571 2956 supersit,
1585 2893 1699 2956 patrono
1732 2887 1819 2944 esit¹⁰.
1835 2887 1942 2942 Patrem

275 2953 407 3018 exhibeat,
425 2955 448 3008 si
466 2955 614 3010 constiterit
630 2953 702 3022 apud
717 2953 861 3010 ιιιιιιιιιι4
875 2955 1081 3022 iusteeampro·
1133 2961 1159 3010 et
1176 2959 1287 3010 matrem
1303 2957 1416 3022 patroni,
1436 2971 1496 3010 cum
1511 2959 1641 3022 patronus
1659 2961 1685 3010 et
1701 2955 1748 3010 filii
1766 2955 1823 3010 eius
1838 2955 1943 3010 minime

276 3025 289 3072 'l
326 3025 450 3076 creatam,
486 3021 539 3076 Sed
560 3023 584 3076 si
608 3021 678 3076 filius
703 3023 788 3092 possit
805 3037 834 3076 se
851 3023 983 3088 exhibere,
1001 3021 1081 3076 aesti·
1132 3023 1274 3090 supersint,
1300 3023 1371 3076 alere
1397 3027 1521 3094 egentes,
1546 3021 1598 3090 ipsi
1623 3025 1647 3076 si
1662 3023 1751 3076 idonei
1767 3023 1941 3078 facultatibus

275 3105 348 3142 mare
362 3089 462 3144 iudicer
480 3089 585 3154 debent,
603 3105 637 3144 ne
654 3105 708 3142 non
722 3091 836 3144 debeant
852 3091 877 3144 ei
893 3091 1019 3144 alimenta
1036 3089 1081 3142 de·
1132 3095 1203 3154 sunt,
1222 3095 1359 3160 coguntur.

276 3171 390 3212 cernere.
425 3157 537 3226 demque
558 3157 629 3212 idern
645 3157 709 3212 Pius
725 3157 765 3212 ita
788 3157 939 3226 rescripsit:
966 3157 1083 3210 ‘Aditia
1166 3155 1392 3214 6Mcnusr1nus
1407 3157 1476 3212 libro
1492 3157 1629 3228 stupratori
1644 3157 1677 3212 dc
1688 3157 1941 3214 manumissionibus

275 3229 311 3280 ‘te
329 3229 507 3292 competentes
525 3225 625 3280 indices
649 3225 685 3280 ali
709 3231 735 3280 te
760 3231 872 3294 apatre
888 3229 935 3280 tuo
952 3223 1082 3278 iubebunt
1132 3225 1265 3280 AIImenta
1289 3225 1383 3280 liberto
1410 3229 1517 3294 petente
1541 3241 1596 3280 non
1622 3225 1783 3294 praestando
1810 3231 1942 3294 patronas

276 3295 333 3360 ‘pro
351 3293 429 3346 modo
454 3293 621 3346 facultatium
640 3293 720 3358 eiust,
732 3293 761 3348 ‘si
777 3293 864 3358 modo,
884 3309 944 3346 cnm
960 3291 1082 3360 opificem
1133 3293 1273 3348 amusione
1289 3293 1418 3348 libertatis
1436 3307 1518 3348 causa
1535 3293 1718 3364 imposItorum
1743 3299 1771 3348 et
1787 3293 1942 3348 hereditatis

276 3363 312 3412 ‘te
329 3373 387 3414 esse
405 3359 485 3424 dicas
504 3361 532 3412 in
549 3375 581 3412 ea
597 3361 745 3414 valetudine
762 3377 798 3424 es,
814 3367 874 3414 uto
895 3361 945 3414 eris
959 3359 1083 3414 sufficere
1132 3359 1220 3415 liberti
1243 3361 1380 3430 punietur:
1408 3377 1462 3414 non
1488 3365 1577 3416 autem
1601 3375 1709 3418 necesse
1733 3361 1842 3416 habebit
1865 3375 1940 3430 prae·

276 3431 291 3480 8
327 3431 389 3480 ‘nou
406 3427 510 3496 possis’.
545 3427 574 3482 Si
599 3429 640 3482 ιιι
663 3445 759 3496 parens
776 3433 855 3498 neget
871 3377 954 3482 ἕιιιιι
969 3427 1082 3482 idcirco·
1135 3433 1146 3480 i
1183 3433 1261 3494 stare,
1281 3427 1382 3482 etiamsi
1418 3433 1494 3482 otest.
1535 3427 1704 3498 Imperatoris
1723 3429 1860 3484 Commodi
1878 3445 1941 3484 con-

276 3509 327 3562 que
344 3493 414 3548 alere
431 3511 461 3550 se
478 3511 532 3550 non
549 3495 645 3550 debere
663 3495 819 3562 contendat,
844 3497 885 3550 vel
910 3495 980 3550 filius
1005 3499 1083 3562 neget
1132 3495 1236 3550 stitutio
1261 3497 1321 3550 talis
1348 3445 1494 3566 proibrtur:
1522 3495 1596 3552 ‘Cum
1622 3497 1764 3566 probatum
1789 3497 1825 3550 sit
1847 3503 1940 3552 contu·

275 3565 420 3630 parentem,
430 3563 579 3617 summatim
596 3562 696 3616 iudices
705 3567 810 3630 oportet
827 3577 907 3630 super
924 3577 957 3616 ea
972 3577 1003 3616 re
1020 3577 1082 3628 cog·
1133 3563 1224 3618 ‘meliis
1250 3569 1377 3634 patronos
1404 3579 1420 3616 a
1450 3563 1551 3618 libertis
1578 3579 1637 3618 esse
1662 3563 1773 3618 violatos
1800 3565 1842 3618 rel
1866 3565 1941 3618 illata

275 3643 386 3682 noscere
393 3631 412 3682 ⁶.
431 3629 454 3682 si
471 3631 618 3684 constitnit
635 3631 717 3682 filium
730 3631 771 3684 vel
787 3635 925 3698 parentem
935 3643 999 3694 esse,
1017 3633 1083 3682 tunc
1133 3635 1222 3684 ‘manu
1233 3633 1252 3664 ¹⁷
1277 3631 1362 3686 atroci
1387 3647 1445 3686 esse
1470 3631 1590 3700 pulsatos
1615 3637 1663 3686 aut
1687 3631 1767 3686 etiarn
1783 3637 1943 3700 paupertate

276 3695 312 3748 ali
327 3695 470 3748 iubebunt:
498 3703 615 3750 ceterum
635 3697 657 3750 si
674 3713 727 3750 non
745 3697 904 3762 constiterit,
923 3711 972 3750 nec
991 3697 1082 3750 decer·
1133 3697 1182 3750 ‘rel
1200 3699 1318 3766 corporIs
1343 3697 1494 3752 valemdine
1519 3697 1670 3754 laborantes
1694 3699 1810 3764 relictos,
1828 3699 1941 3766 primum

276 3767 291 3816 9
326 3767 399 3842 nent·
415 3763 553 3842 nimenta·
596 3763 747 3818 Meminisse
773 3769 861 3820 autem
887 3769 1006 3832 oportet,
1032 3763 1083 3818 etsi
1133 3769 1187 3820 ‘eos
1211 3781 1254 3832 ιι
1264 3769 1398 3836 potestate
1421 3771 1595 3846 patronorum
1619 3765 1702 3834 redigi
1726 3773 1752 3820 et
1769 3767 1941 3820 ministerium

275 3831 719 3954 tittttttttttttitti
736 3837 1082 3968 tittttttttttt:
1133 3833 1941 3970 itttttrtdtttta{insatiabilitatitt

275 3967 358 4022 tiatur
373 3967 456 4020 filium
473 3981 540 4030 esse,
557 3967 603 4020 sed
621 3967 656 4020 ali
673 3967 782 4022 debere:
810 3973 837 4022 ιι
860 3967 900 4022 ιιι
917 3967 990 4022 divus
1007 3967 1082 4020 Mar·
1133 3967 1253 4040 ‘pretium
1269 3967 1389 4038 patronis
1406 3969 1552 4024 tribuetur'.

278 4039 309 4088 ιι
344 4049 391 4088 ιιι
416 4033 558 4102 rescripsit.
602 4033 631 4086 Si
657 4035 714 4102 quis
741 4051 774 4090 ex
799 4035 840 4090 his
858 4037 929 4090 alere
946 4035 1082 4100 detrectet,
1166 4033 1284 4092 linum
1304 4037 1371 4092 libro
1398 4039 1491 4106 quinio
1517 4051 1706 4118 responsorum
1739 4035 1769 4090 Si
1794 4041 1872 4106 neget
1896 4035 1941 4106 qui

276 4117 325 4170 pro
348 4101 426 4156 modo
443 4101 610 4156 facultatium
637 4103 759 4156 admenta
777 4105 983 4158 constItuentur:
1010 4103 1083 4172 quod
1131 4105 1244 4158 maritus
1259 4105 1343 4158 luisse
1367 4103 1464 4158 dicitur
1486 4105 1681 4160 matrimonium
1698 4117 1756 4158 esse
1773 4109 1939 4158 contractum

276 4171 300 4224 si
323 4185 378 4224 non
402 4175 582 4238 praestentur,
608 4169 761 4238 pignoribus
787 4171 872 4240 captis
897 4177 924 4226 et
948 4171 1082 4224 distractis
1132 4187 1173 4236 eo,
1191 4171 1263 4240 quod
1286 4187 1344 4228 eam
1367 4187 1436 4240 quae
1458 4187 1487 4228 se
1502 4187 1612 4226 uxorem
1634 4171 1717 4226 tuisse
1734 4171 1799 4226 dicit
1817 4171 1939 4224 ancillam

278 4243 306 4290 ll
342 4243 449 4358 cogetur
464 4237 609 4292 sententiae
627 4237 788 4292 satisfacere.
815 4237 889 4292 Idem
905 4237 985 4292 iudex
998 4237 1081 4292 ιιιιι-
1132 4253 1191 4294 esse
1216 4239 1330 4306 probare
1355 4243 1466 4306 paratus
1492 4239 1542 4304 sit,
1569 4239 1694 4294 allmenta
1719 4237 1824 4308 quddam
1849 4237 1938 4292 liberis

276 4319 350 4360 mare
385 4303 453 4372 ebet,
470 4321 534 4360 num
549 4303 649 4358 habeat
666 4303 765 4372 abquid
779 4321 878 4372 parens
895 4307 937 4360 vel
953 4321 988 4360 an
1004 4311 1083 4374 pater
1130 4311 1268 4376 praestare
1284 4307 1389 4360 interim
1406 4307 1624 4374 compellendum,
1643 4305 1683 4360 sin
1701 4311 1790 4360 ιιιιιι
1813 4307 1937 4360 constite-

277 4373 348 4442 qnod
371 4373 464 4426 merito
489 4373 557 4426 filios
575 4387 638 4426 suos
656 4371 720 4426 nolit
737 4371 839 4426 alere⁸r
866 4373 990 4428 Trebatio
1009 4370 1081 4427 deni-
1130 4375 1167 4428 rit
1183 4389 1242 4426 eam
1256 4387 1359 4428 servam
1373 4373 1466 4438 luisse,
1484 4373 1548 4426 nihil
1566 4375 1597 4438 ei,
1607 4373 1653 4442 qui
1669 4373 1818 4444 pascendos
1828 4375 1937 4438 curarit,

277 4457 328 4510 que
344 4439 449 4494 Marino
473 4441 630 4510 rescriptum
648 4445 688 4494 est
705 4441 796 4492 merito
814 4445 917 4510 patrem
934 4457 994 4494 eum
1010 4441 1082 4496 nolle
1132 4459 1165 4498 ex
1181 4441 1233 4496 hoc
1250 4441 1440 4510 praeiudicium
1456 4457 1584 4510 generare
1592 4441 1613 4474 ¹⁹
1630 4457 1671 4496 res
1692 4441 1763 4496 endi.

279 4513 309 4562 12
344 4507 422 4574 alere,
437 4507 509 4576 quod
523 4525 582 4564 eum
597 4507 732 4562 detrrlerat.
759 4507 822 4562 Non
836 4509 1081 4576 tantumabmenta,
1166 4505 1184 4566 8
1208 4507 1386 4564 Mercurius
1410 4509 1477 4564 libro
1498 4511 1590 4580 primo
1616 4509 1653 4564 ud
1672 4459 1762 4580 {egem
1787 4507 1886 4564 Iulium
1912 4513 1937 4562 ιι

275 4575 463 4630 verumetiam
481 4581 569 4630 cetera
587 4591 692 4644 quoque
717 4591 798 4630 onera
820 4575 962 4630 liberorum
978 4581 1081 4646 patrem
1132 4575 1248 4648 Pupium
1281 4575 1343 4630 Non
1360 4575 1580 4644 quemadmodum
1596 4577 1774 4630 masculorum
1796 4577 1936 4630 liberorum

278 4649 308 4696 13
344 4643 378 4696 ab
395 4643 482 4698 iudice
500 4645 557 4712 cogi
574 4645 701 4712 praebere
716 4643 851 4712 rescriptis
870 4645 1026 4698 continetur.
1054 4643 1081 4696 Si
1131 4649 1283 4698 nostrornm
1306 4645 1381 4698 liberi
1407 4643 1442 4696 ad
1467 4659 1534 4698 onus
1560 4647 1680 4698 nostrum
1697 4645 1837 4712 pertinent,
1855 4643 1893 4696 ita
1911 4647 1936 4696 et

275 4711 396 4780 impubes
414 4711 450 4766 sit
466 4711 536 4766 filius
553 4711 742 4780 emancipatus,
767 4715 871 4780 patrem
888 4711 993 4790 inopem
1010 4711 1081 4766 alere
1130 4713 1158 4766 in
1183 4711 1287 4766 feminis
1312 4717 1367 4764 est:
1394 4727 1455 4764 narn
1481 4711 1650 4766 manifestum
1675 4711 1767 4764 estid
1790 4711 1860 4780 quod
1883 4711 1935 4764 filia

277 4783 398 4848 cogetur:
423 4779 613 4848 iniquissImum
632 4779 700 4832 enim
717 4779 775 4846 qrris
792 4777 885 4832 merito
913 4777 1007 4832 dmerit
1022 4793 1080 4846 pa·
1130 4779 1201 4846 parit
1218 4795 1271 4832 non
1289 4793 1346 4844 ιιο,
1372 4779 1420 4832 sed
1444 4779 1515 4846 patri
1539 4795 1587 4832 suo
1613 4793 1671 4832 esse
1688 4777 1775 4842 oneri,
1793 4779 1844 4832 nisi
1859 4783 1936 4846 pater

278 4851 309 4900 14
344 4851 411 4900 mem
436 4861 525 4916 egere,
551 4863 611 4900 cum
636 4845 706 4900 filius
732 4847 768 4900 sit
790 4845 820 4900 in
836 4843 1017 4900 facultatibus.
1053 4845 1082 4900 Si
1131 4851 1248 4902 autnon
1265 4845 1300 4900 sit
1316 4851 1451 4914 superstes
1469 4851 1518 4900 ant
1534 4861 1611 4914 egens
1630 4849 1677 4900 est.

275 4919 361 4968 mater
377 4915 509 4980 admenta
527 4931 594 4984 quae
611 4913 675 4968 iecit
692 4915 719 4966 in
735 4913 827 4980 lilium,
845 4929 861 4966 a
878 4919 955 4982 patre
967 4917 1080 4984 repetat,
1166 4903 1320 4972 9Pnurns
1343 4915 1411 4968 libro
1427 4915 1563 4984 singulari
1585 4915 1618 4968 dc
1636 4915 1694 4968 iure
1707 4917 1871 4984 patronatus
1904 4915 1934 4966 In

278 4999 338 5038 cunr
352 4983 429 5038 modo
447 4999 504 5036 eam
523 4981 687 5038 audiendam.
705 4981 743 5036 ita
760 4981 834 5036 divus
842 4981 951 5036 Marcus
968 4981 1080 5050 rescrip-
1131 4981 1207 5036 bonis
1226 4981 1395 5050 superstitum
1411 4981 1565 5036 libertorum
1583 4981 1684 5034 nullum
1702 4981 1808 5034 omnino
1829 4981 1870 5034 ius
1887 4997 1932 5048 pu·

277 5053 311 5104 sit
328 5051 459 5104 Antoniae
473 5049 618 5104 Montanae
635 5049 663 5102 In
679 5051 745 5104 haec
761 5051 855 5104 verba:
875 5047 936 5104 ‘Sed
953 5055 979 5104 et
997 5063 1080 5116 quan·
1130 5049 1202 5104 troni
1217 5049 1323 5104 liberive
1340 5053 1512 5118 patronorum
1529 5049 1636 5112 habent,
1661 5047 1712 5102 nisi
1737 5049 1761 5102 si
1776 5053 1831 5102 tam
1848 5063 1905 5102 esse
1912 5049 1935 5080 ro

272 5123 344 5170 ttum
372 5119 421 5170 tibi
452 5117 634 5172 alimentorum
659 5119 778 5182 nomIne,
805 5115 900 5186 quibus
932 5117 1080 5172 necessario
1130 5115 1248 5170 infirmos
1265 5121 1370 5184 tamque
1386 5131 1516 5184 pauperes
1530 5115 1695 5184 praesIdibus
1712 5115 1887 5184 probaverint
1905 5118 1934 5170 ut

273 5185 366 5240 u‘liliam
383 5191 457 5238 tuam
474 5185 623 5248 exhibuisti,
642 5199 658 5236 a
674 5191 751 5254 patre
776 5185 831 5238 eius
853 5185 984 5252 praestari
1001 5199 1080 5252 opor·
1130 5185 1223 5238 merito
1248 5185 1389 5238 menstruis
1415 5183 1544 5236 abnuentis
1570 5199 1587 5236 a
1611 5183 1710 5236 libertis
1736 5183 1791 5238 ruia
1818 5181 1934 5236 adiuuari

276 5257 349 5316 “teat,
374 5251 473 5306 iudices
500 5253 684 5314 aestimabunt,
710 5267 759 5306 nec
782 5251 925 5320 impetrare
942 5251 1021 5306 debes
1040 5265 1080 5318 ea,
1131 5251 1251 5304 debeant.
1278 5251 1356 5320 idque
1372 5251 1414 5304 ins
1430 5251 1469 5302 ita
1485 5251 1604 5320 plurimis
1629 5251 1779 5320 principum
1806 5251 1932 5306 constitu-

276 5321 355 5386 “qnae
371 5319 489 5388 exigente
506 5325 624 5374 materno
642 5319 740 5374 affectu
756 5319 784 5374 in
800 5319 882 5374 filiam
898 5323 971 5374 tuam
989 5333 1080 5386 eroga·
1130 5319 1246 5374 tionibus
1262 5317 1456 5374 manifestatur.

278 5557 308 5618 (ι)
319 5551 409 5604 scribit
417 5555 458 5604 F²
493 5559 525 5620 (2)
535 5557 571 5608 sic
579 5557 607 5618 S,
617 5557 762 5620 perfucatF
799 5559 831 5620 (ι)
840 5561 940 5622 aegrius
948 5575 995 5610 scr.
1038 5559 1080 5620 (ι’)
1130 5557 1236 5608 returF
1298 5557 1338 5618 (ιι)
1356 5555 1719 5618 sursumsuntexistimutffl
1786 5559 1830 5624 (ιι)
1847 5557 1931 5608 deins.

277 5623 398 5674 matretF
418 5623 567 5684 (diiudicem
575 5623 615 5674 F²
634 5625 748 5690 (tlinsF
762 5627 947 5690 (uictimaedd.
965 5629 1080 5692 (lioper-
1131 5625 1186 5676 add.
1256 5627 1297 5688 (it)
1316 5625 1421 5674 erantF
1476 5625 1518 5688 (14)
1538 5639 1695 5688 quamrescr.
1757 5627 1800 5692 (15)
1818 5625 1929 5692 perinde]

278 5691 363 5742 tereF
416 5691 447 5754 (8)
467 5705 527 5740 num
536 5689 627 5740 habeat
635 5691 731 5758 aliquid
740 5707 831 5758 parens
839 5693 879 5744 vel
887 5701 967 5758 pater,
975 5695 1080 5758 propter
1130 5693 1243 5744 indescr·
1321 5695 1365 5758 (lt)
1385 5691 1495 5742 desiitF
1567 5695 1610 5756 ιιι)
1628 5695 1708 5746 viius.
1787 5697 1831 5760 (ιι)
1850 5709 1929 5746 acon·

278 5757 645 5824 quodmeritcnolitalsrescr.
714 5761 746 5824 (a)
766 5763 864 5812 essetF
929 5765 971 5824 (ιι)
990 5761 1078 5812 educe·
1130 5761 1240 5816 suleina
1306 5763 1350 5828 (lu)
1367 5761 1485 5826 generari
1493 5761 1548 5812 edd.
1619 5763 1665 5824 (ιο)
1683 5763 1767 5818 seins.
