4366 6258
1050 349 1111 432 289
1721 349 1818 412 XXII
1841 355 1869 410 2.
1895 357 1912 414 3

258 373 302 418 DE
323 367 470 418 adunco
491 367 647 414 FAENORE

257 541 308 590 tum
343 531 420 598 Quod
437 529 465 580 in
480 529 585 584 tructus
602 531 756 598 redigendos
773 529 921 598 impensum
938 535 986 594 est,
1004 545 1059 584 non
1109 543 1164 582 nun
1180 529 1259 580 etiam
1276 529 1310 582 ad
1328 531 1464 586 creditoris
1481 531 1607 598 pertinet:
1632 527 1753 584 sedtum
1770 525 1916 580 traiecticic

257 599 394 664 ambigitur
410 595 482 664 ipsus
500 595 603 652 fructus
621 597 771 650 deminuere
788 595 891 650 debere.
1109 595 1221 664 pecunia
1238 595 1277 648 ita
1295 595 1386 660 dator,
1403 603 1434 648 ut
1450 613 1503 658 non
1520 599 1586 652 alias
1604 595 1696 666 petitio
1715 593 1771 646 eius
1790 593 1914 646 creditori

287 663 325 722 47
350 663 501 718 Soarrom
524 665 591 718 libro
614 679 685 716 nono
709 663 872 734 clipeatorum
911 663 1059 734 Respondit
1109 667 1257 730 competat,
1282 677 1361 730 qnam
1384 661 1407 716 si
1430 665 1503 716 salva
1530 665 1604 718 navis
1631 663 1703 718 intra
1726 663 1827 714 statuta
1849 663 1915 736 tem-

256 737 377 808 paratum
394 729 520 784 indicium
537 733 674 800 accipere,
698 731 720 782 si
743 731 777 784 ab
800 729 949 786 adversario
968 745 1057 786 cessa·
1108 743 1176 798 pora
1202 729 1365 796 pervenerit,
1391 727 1400 780 i
1419 729 1475 782 sius
1499 731 1590 784 crediti
1613 729 1737 798 obligatio
1761 743 1815 806 nen
1833 741 1915 780 exars-

255 811 308 856 tum
327 805 374 860 est,
392 813 494 850 moram
510 799 600 852 iacere
617 813 671 850 non
687 797 776 850 videri.
1109 799 1182 850 tante
1199 795 1354 850 eonfflcione
1372 793 1389 848 d
1417 797 1500 850 scisse
1515 797 1632 862 ridetur,
1657 803 1683 850 et
1700 795 1759 850 iden
1777 809 1916 862 prgnorum

288 861 325 922 48
349 865 430 916 Iners
443 865 510 918 libro
528 865 650 918 uioesr'nro
667 865 783 916 seeundo
801 865 964 934 digestorum
998 865 1058 916 Ma-
1109 877 1213 932 quoque
1230 863 1378 928 persecutio
1400 869 1538 930 perempta
1562 869 1601 916 est
1623 865 1702 918 etiam
1726 877 1916 930 eorumquae

254 937 318 994 ritus
335 931 413 984 uxori
431 947 494 984 suae
512 947 588 986 usum
604 931 721 986 fructum
737 931 832 986 tertiae
848 931 932 1000 partis
947 935 981 994 et,
998 947 1059 984 curn
1109 945 1164 982 non
1181 929 1384 982 abstersisset
1409 929 1431 982 si
1449 929 1521 982 navis
1535 931 1605 982 intra
1619 931 1791 1000 praestitutos
1801 931 1855 984 dies
1869 943 1915 996 pe·

254 1003 348 1060 liberos
366 997 517 1062 habuisset,
536 999 723 1066 proprietatem
740 999 849 1066 legarit:
874 1013 933 1052 earu
949 1013 1059 1052 uxorem
1109 997 1194 1060 risset,
1214 1003 1241 1048 et
1258 995 1439 1050 condicionem
1458 995 1634 1062 stipulationis
1652 997 1798 1052 ιιιιιιιιιι7
1823 997 1914 1060 rideri,

254 1067 360 1126 heredes
378 1065 439 1120 falsi
456 1065 607 1120 testamenti
624 1069 651 1118 et
668 1065 780 1118 aliorum
795 1065 933 1120 criminum
947 1081 1058 1120 accusa·
1108 1063 1167 1118 ideo
1187 1079 1221 1116 ue
1244 1063 1301 1116 sine
1323 1077 1405 1116 causa
1427 1063 1461 1116 de
1483 1063 1622 1130 pignorum
1638 1067 1830 1132 perseeutione,
1848 1079 1917 1134 quae

254 1137 353 1196 rerunt,
371 1147 423 1200 qua
437 1133 605 1202 reimpedita
619 1137 659 1186 est
673 1133 819 1200 legatorum
832 1131 939 1200 petitio:
957 1133 1059 1186 interea
1108 1131 1137 1182 in
1190 1131 1220 1184 “s
1252 1131 1363 1184 naribus
1388 1129 1510 1194 inerunt,
1537 1131 1637 1198 quaeri.
1661 1133 1766 1198 quando
1793 1149 1854 1202 ergo
1881 1131 1917 1186 ad

255 1209 279 1258 et
301 1199 370 1252 filius
395 1201 417 1252 ei
440 1201 543 1254 mulieri
563 1205 641 1252 natus
665 1205 706 1252 est
729 1215 813 1270 eoque
835 1199 955 1254 condida
979 1199 1059 1268 legati
1109 1197 1212 1252 illerum
1230 1199 1368 1266 pignorum
1385 1197 1596 1266 persecutionem
1614 1199 1729 1254 creditor
1746 1201 1914 1268 admittipo·

255 1267 359 1324 exstitit.
387 1269 535 1334 quaesitum
554 1273 600 1330 ast,
616 1283 675 1320 cum
690 1271 876 1320 testamentum
892 1267 990 1320 falsum
1004 1283 1059 1320 non

254 1351 309 1394 esse
331 1335 498 1402 apparuerit,
523 1333 683 1390 anfractus
707 1335 786 1388 etiam
802 1333 905 1388 ιιιιιιιιιι
927 1333 1059 1402 praestari

254 1405 372 1460 debeant.
397 1403 534 1470 respondit
550 1401 730 1470 praestandos.

285 1465 324 1526 49
341 1469 378 1522 la
384 1483 510 1522 rennues
516 1471 583 1522 libro
593 1471 670 1522 tertio
680 1485 718 1522 em
720 1469 919 1540 posterioribus
926 1467 1059 1524 Labeonis

256 1537 369 1592 Fructus
386 1537 426 1592 rei
443 1543 483 1590 est
498 1537 540 1590 rel
557 1537 659 1606 pignori
678 1537 741 1590 dara
757 1537 844 1590 licere.

628 1743 682 1802 11².

458 1841 502 1888 nn
521 1841 668 1892 maurice
686 1841 854 1894 sennenn.

285 1935 299 1992 1
319 1935 509 1994 Monusrrnrs
518 1939 586 1996 libro
598 1939 700 1996 decimo
707 1939 904 2010 pandectarum
929 1941 1056 1996 Traiecti-

252 2007 291 2060 ιιι
316 2019 351 2084 aa
368 2007 482 2074 pecunia
507 2013 547 2062 est
573 2023 640 2076 quae
660 2013 735 2062 uans
756 2023 829 2062 mare
847 2009 963 2062 vehitur:
988 2013 1057 2062 cete·

251 2089 307 2138 rum
331 2089 354 2128 ιι
377 2075 468 2128 eodem
490 2075 543 2128 loci
560 2081 746 2140 consumatur,
763 2091 818 2130 non
836 2077 885 2128 erit
902 2077 1056 2130 traiecticia.

252 2139 296 2194 sad
314 2141 463 2208 nuendum,
482 2159 517 2196 an
534 2159 633 2198 merces
653 2159 685 2196 ex
702 2159 734 2196 ea
751 2143 865 2212 pecunia
889 2149 1058 2212 comparatae

251 2209 277 2262 in
294 2223 326 2262 ea
341 2225 424 2264 causa
437 2211 587 2266 habentur?
611 2217 636 2266 et
652 2211 771 2276 interest,
785 2215 874 2264 uuum
888 2213 966 2266 etiam
983 2213 1058 2280 ipsae

251 2275 366 2356 periculo
380 2279 530 2398 ficreditoris
556 2281 690 2348 navigent:
726 2283 791 2332 tunc
816 2281 885 2332 enim
911 2279 1059 2334 traiecticia

251 2359 362 2414 pecuma
399 2351 418 2398 ι.

283 2407 301 2464 2
319 2411 489 2468 Ponrcnrus
504 2413 571 2468 libro
589 2417 666 2468 tertio
684 2431 721 2468 ere
735 2413 844 2468 Plautio
867 2413 958 2468 Labeo
974 2413 1019 2476 ait,
1035 2413 1058 2466 si

251 2493 323 2556 nemo
338 2479 381 2544 sit,
398 2481 443 2548 qui
458 2497 473 2534 a
486 2487 564 2548 parte
577 2481 749 2552 promissoris
760 2481 924 2548 interpellari
940 2481 1056 2534 traiecti·

251 2561 305 2600 erae
327 2551 457 2614 pecuniae
479 2549 572 2616 possit,
594 2549 622 2602 id
643 2551 730 2618 ipsum
752 2551 895 2602 testatione
919 2549 1058 2620 complecti

251 2613 353 2678 debere,
371 2623 402 2668 ut
418 2631 467 2684 pro
484 2617 611 2684 petitione
627 2617 655 2670 id
673 2617 786 2670 cederet.

283 2677 300 2740 3
319 2683 510 2736 Monrsrmus
524 2683 591 2738 libro
610 2693 708 2752 quarto
724 2683 882 2754 repuleram
907 2683 1057 2738 Innantica

250 2751 361 2818 pecnnia
380 2767 413 2804 ex
431 2751 540 2830 eotdie
556 2753 703 2830 periculum
719 2757 825 2820 spectat
840 2751 1005 2816 creditorem,
1024 2767 1057 2806 ex

250 2833 299 2886 qno
317 2833 412 2872 narem
428 2833 552 2886 naugare
571 2825 711 2874 conremat

282 2883 301 2942 4
319 2885 504 2940 Parrnrancs
516 2887 583 2942 libro
593 2887 671 2940 tertio
686 2903 877 2956 responsorum
894 2885 967 2940 Nihil
975 2887 1056 2940 inter-

251 2959 300 3016 est,
325 2953 472 3008 traiecticia
495 2955 609 3022 pecunia
629 2955 686 3008 sine
708 2955 826 3022 periculo
851 2953 988 3008 creditoris
1011 2971 1056 3008 ac-

251 3027 327 3088 cepta
345 3021 379 3074 sit
397 3037 431 3074 an
449 3029 510 3088 post
528 3023 596 3074 diem
612 3023 801 3092 praestitutum
825 3027 851 3074 et
874 3021 1058 3076 condicionem

249 3089 382 3156 impletam
396 3091 542 3154 periculum
558 3103 616 3142 esse
632 3089 768 3144 creditoris
783 3089 896 3142 desierit.
914 3089 1058 3156 utrubique

250 3155 326 3224 igitur
344 3155 428 3208 maius
446 3157 562 3224 legitima
578 3171 658 3208 usura
672 3157 766 3208 faenus
782 3171 836 3208 non
849 3157 996 3220 debebitur,
1010 3155 1058 3208 sed

248 3223 381 3292 inpriore
402 3223 507 3292 quidem
525 3223 612 3292 specie
631 3239 748 3292 semper,
772 3223 798 3274 in
818 3223 901 3276 altera
922 3239 984 3278 vero
1003 3221 1056 3276 dis-

250 3307 324 3346 cusso
349 3291 480 3358 perimdor
512 3307 561 3346 nec
593 3291 705 3360 pignora
727 3289 768 3344 rel
790 3291 957 3358 hypothecae
980 3289 1056 3344 titulo

252 3365 261 3410 1
293 3359 402 3412 maioris
411 3373 508 3412 usurae
517 3361 686 3412 tenebuntur.
704 3359 757 3412 Pro
768 3359 855 3426 operis
864 3359 933 3412 serri
941 3357 1056 3412 traiecti-

249 3427 303 3480 aiae
327 3427 457 3496 pecuniae
481 3427 567 3494 gratia
592 3427 677 3480 secuti
704 3427 774 3546 quod
795 3427 830 3478 in
858 3425 975 3492 singulos
1001 3423 1057 3478 dies

248 3495 446 3562 instipulatnm
464 3493 673 3558 deductnmest,
692 3509 708 3546 a
740 3493 820 3546 finem
836 3493 995 3546 centesimae
1003 3509 1057 3546 non

248 3563 315 3616 ultra
335 3563 444 3630 duplum
461 3561 579 3616 debetur.
598 3563 644 3614 in³
667 3561 839 3630 stipulatione
860 3559 978 3616 faenoris
995 3565 1058 3628 post

248 3631 314 3684 diem
332 3629 444 3700 periculi
461 3629 603 3698 separatim
620 3629 778 3698 interposita
795 3627 867 3696 quod
887 3629 916 3682 in
940 3643 971 3682 en
993 3629 1056 3696 legi-

248 3699 326 3752 timae
344 3713 440 3752 usnrae
458 3697 555 3762 deerit,
578 3713 625 3766 per
648 3697 759 3750 alteram
777 3697 975 3766 stipulationem
992 3711 1056 3764 cpe-

247 3781 336 3820 rarnm
353 3765 527 3832 supplebitur.

280 3833 469 3890 terrarum
495 3833 564 3886 libro
596 3835 674 3886 sento
700 3847 891 3904 responsorum
941 3831 1057 3886 Periculi

248 3901 360 3970 pretium
377 3907 418 3954 est
435 3905 462 3952 et
479 3901 502 3952 si
520 3899 675 3954 condicione
692 3901 810 3966 quamvis
824 3899 930 3970 poenali
943 3915 998 3954 non
1010 3913 1056 3952 ex·

248 3971 356 4024 sistente
373 3973 530 4036 recepturus
545 3967 581 4022 sis
614 3967 667 4020 uod
683 3967 786 4022 dederis
800 3973 828 4020 et
841 3967 993 4036 insuperali
1011 3967 1057 4022 uid

247 4043 352 4106 praeter
366 4035 515 4104 pecuniam,
531 4037 553 4088 si
561 4051 603 4088 mo
624 4033 761 4090 oinaIeae
776 3985 1056 4102 speeiennonoadst:

247 4105 327 4158 vrtuti
353 4117 399 4168 ea,
424 4119 457 4156 ex
482 4105 584 4172 quibus
602 4101 802 4156 enudationem
820 4103 895 4156 nasci
912 4105 1007 4168 solent,
1025 4109 1056 4156 ut

249 4173 279 4226 ‘si
301 4171 375 4226 ιιοιι5
397 4171 586 4234 manumittas,
611 4171 642 4222 ‘si
664 4185 719 4222 non
741 4171 807 4222 illud
829 4171 929 4234 facias,
953 4171 986 4224 ‘si
1002 4187 1057 4224 non

248 4239 414 4294 conraimro'
443 4245 471 4292 et
496 4243 593 4292 cetera.
626 4253 676 4290 neo
708 4237 855 4304 dubitabis,
881 4237 905 4292 si
929 4237 1056 4306 piscatori

249 4313 386 4374 erogatum
404 4307 432 4360 in
450 4311 607 4374 apparatum
623 4305 767 4372 plurimum
783 4305 914 4374 pecuniae
932 4305 1056 4372 dederim,

248 4381 284 4438 ut,
300 4375 322 4426 si
338 4373 460 4440 cepisset,
475 4375 604 4438 redderet,
621 4377 648 4426 ιι
662 4375 787 4438 athletae,
803 4375 875 4428 unde
883 4389 912 4428 se
921 4375 1057 4428 exhiberet

250 4447 260 4492 i
297 4447 492 4510 exerceremus,
501 4447 540 4506 ut,
555 4441 578 4494 si
592 4441 708 4506 vicisset,
722 4441 853 4496 redderet.
871 4441 903 4496 m
917 4441 1057 4496 bisantem

248 4511 369 4562 omnibus
395 4513 420 4562 et
443 4513 552 4576 pactum
575 4509 631 4564 sine
655 4509 828 4576 stipulatione
850 4509 885 4564 ad
908 4509 1056 4578 aagendam

249 4577 432 4644 obligationem
450 4577 567 4642 prodest.

281 4639 297 4700 6
317 4643 510 4698 Paucuslebro
520 4645 743 4724 vicesimoquinto
753 4645 938 4712 quaestionum
953 4643 1056 4698 Faene-

248 4717 318 4766 rator
333 4711 474 4780 pecuniam
488 4713 576 4766 usuris
590 4711 728 4766 maritimis
742 4717 861 4766 mutiam
875 4711 963 4766 dando
977 4727 1056 4780 quas·

249 4777 306 4834 dam
329 4795 430 4834 merces
453 4779 482 4832 in
505 4795 573 4834 nare
595 4781 699 4848 pignori
725 4779 841 4846 accepit,
866 4795 899 4834 ex
921 4781 1057 4848 quibussi

248 4861 299 4900 uon
322 4849 454 4916 potuisset
476 4853 563 4902 totum
587 4849 703 4900 debitum
721 4847 834 4912 exsolvi,
858 4847 971 4900 aliarum
987 4863 1056 4902 mer-

249 4915 316 4968 cium
341 4915 399 4968 aliis
425 4915 536 4968 navibus
559 4915 743 4984 imperitarum
771 4915 939 4984 propriisque
965 4915 1056 4968 faene-

248 4981 379 5036 ratoribus
403 4983 578 5050 obligatarum
601 4985 624 5036 si
647 4985 711 5052 qnid
739 4981 928 5050 superfuisset,
954 4983 1058 5050 pignori

249 5049 358 5116 accepit.
389 5051 540 5120 quaesitum
562 5055 603 5106 est
625 5067 692 5104 nare
734 5051 825 5120 ropria
848 5057 1000 5118 perempta,
1024 5065 1057 5104 ex

249 5129 299 5182 qua
316 5123 402 5170 totum
420 5119 486 5172 solvi
503 5119 597 5186 potnit,
617 5135 651 5172 an
665 5119 693 5172 id
709 5069 834 5172 damnum
848 5117 883 5172 ad
901 5119 1057 5172 creditorem

248 5185 385 5250 pertineat,
402 5185 474 5240 intra
489 5187 663 5254 praestitutos
681 5187 738 5242 dies
761 5187 858 5240 amisse
876 5201 951 5250 nare,
969 5201 1005 5240 an
1022 5185 1058 5238 ad

249 5257 394 5326 ceterarum
407 5255 513 5308 nerium
524 5253 684 5320 superfluum
694 5255 798 5308 admitti
806 5253 898 5322 possit.
916 5253 1056 5322 respondi:

250 5317 312 5372 airas
330 5323 436 5388 quidem
454 5321 570 5390 pignoris
581 5323 721 5376 deminutio
736 5323 771 5376 ad
785 5323 911 5376 damnum
920 5321 1056 5386 debitoris,

248 5491 275 5552 ιι)
292 5491 340 5542 Ed.
358 5505 417 5546 ιιι
432 5507 452 5546 ι.
469 5505 504 5554 ις
527 5491 592 5556 Pop.
608 5503 676 5554 aar
702 5495 770 5558 App.
785 5503 806 5544 a.
823 5521 859 5530 -
872 5491 931 5542 Bos.
943 5495 1056 5554 tma-

248 5557 286 5620 Os.
302 5557 360 5610 Cod.
370 5563 394 5622 4,
404 5573 430 5614 ss
517 5563 549 5622 (ι)
568 5559 649 5608 eaF¹
726 5561 758 5622 (3)
777 5561 804 5608 in
815 5561 861 5610 del.
947 5563 978 5622 (ι)
998 5575 1056 5608 con-

248 5623 393 5680 dicionesF
471 5631 504 5692 (t)
523 5643 573 5678 nou
587 5627 696 5680 Causea.
709 5629 743 5692 B,
761 5647 807 5682 om.
819 5627 846 5678 F
923 5629 957 5692 (c)
976 5627 1057 5692 ipsius

247 5695 655 5748 crediti...nonsuntamissadet
729 5693 891 5758 (ildefisseF
968 5695 1057 5758 (s)qui

246 5763 423 5828 eam]quamF
488 5767 521 5830 (ι)
538 5763 678 5830 poanaan

1108 1265 1206 1318 tuerit?
1229 1267 1330 1318 scilicet
1352 1269 1417 1320 tune
1440 1281 1501 1318 cum
1523 1263 1643 1318 condicio
1669 1267 1799 1322 exstiterit
1816 1267 1915 1336 obliga·

1109 1333 1188 1386 tionis
1205 1337 1232 1384 et
1249 1333 1301 1388 aliu
1319 1349 1385 1386 casu
1407 1333 1502 1404 pignus
1524 1333 1651 1386 amissum
1672 1331 1754 1388 fuerit
1775 1337 1816 1390 rel
1838 1337 1916 1390 rilint

1110 1399 1265 1454 distractum
1291 1400 1332 1456 rel
1355 1401 1377 1454 si
1400 1401 1473 1456 navis
1496 1407 1590 1468 postea
1612 1399 1731 1468 perierit,
1756 1419 1836 1470 quam
1862 1403 1916 1457 dies

1108 1467 1263 1538 praefinitus
1281 1469 1399 1538 periculo
1418 1475 1527 1524 exactus
1543 1469 1632 1522 fuerit.

1143 1533 1161 1592 7
1185 1535 1267 1588 lara
1291 1537 1358 1592 libro
1383 1539 1461 1592 tertio
1483 1537 1521 1590 cd
1542 1537 1657 1590 edietum
1699 1535 1731 1588 In
1757 1537 1916 1606 quibusdam

1110 1605 1290 1658 contractibus
1313 1603 1392 1660 etiarn
1420 1621 1517 1658 usurae
1539 1603 1669 1658 debentur
1697 1603 1917 1670 quemadmodum

1109 1687 1158 1738 per
1174 1671 1378 1738 stipulationem.
1402 1687 1465 1726 nam
1487 1671 1509 1724 si
1533 1670 1629 1726 dedero
1653 1669 1743 1722 decem
1760 1671 1916 1738 ιιιιιιιιιιι,

1109 1745 1140 1792 ut
1162 1739 1234 1792 salva
1263 1755 1329 1794 aare
1358 1745 1456 1792 sortem
1478 1753 1537 1792 curn
1567 1737 1644 1792 certis
1672 1737 1759 1792 usuris
1777 1739 1915 1806 recipiam,

1109 1807 1250 1860 dicendum
1267 1813 1308 1860 est
1324 1821 1404 1876 posse
1420 1821 1463 1860 me
1479 1811 1578 1860 sortem
1595 1821 1656 1858 cnm
1677 1805 1765 1858 nands
1789 1807 1919 1874 recipere,

1144 1869 1163 1930 8
1186 1873 1330 1930 [lueremus
1345 1873 1412 1930 libro
1430 1875 1626 1944 septuagesimo
1649 1873 1761 1942 septimo
1787 1871 1824 1924 ool
1846 1873 1915 1926 edio-

1109 1945 1165 1996 tam
1199 1941 1305 1996 Servius
1331 1941 1368 1994 ait
1391 1941 1520 2010 pecuniae
1541 1939 1703 1996 traiecticiae
1724 1955 1838 2008 poenam
1862 1939 1917 2008 peti

1109 2025 1164 2064 non
1180 2023 1266 2078 posse,
1285 2009 1308 2074 si
1324 2023 1374 2076 per
1391 2007 1546 2062 creditorem
1562 2009 1685 2074 stetisset,
1701 2023 1753 2076 qun
1763 2007 1849 2062 minus
1859 2021 1917 2060 earn

1109 2077 1180 2130 intra
1198 2081 1300 2130 certum
1316 2081 1420 2144 tempus
1437 2075 1623 2144 praestitutum
1641 2077 1763 2144 accipiat.

1145 2141 1162 2202 9
1180 2143 1279 2198 Laeuo
1296 2143 1363 2198 libro
1381 2143 1473 2212 quinto
1486 2143 1623 2212 pertenue
1640 2161 1657 2198 u
1672 2143 1762 2198 Paulo
1784 2143 1917 2212 epitomu-

1110 2217 1196 2266 torum
1247 2211 1275 2266 Si
1306 2211 1468 2266 traiecdciae
1493 2213 1622 2278 pecuniae
1651 2227 1739 2280 poena
1766 2209 1815 2274 (uti
1839 2209 1916 2274 solet)

1109 2279 1239 2350 promissa
1257 2283 1305 2344 est,
1323 2279 1440 2346 quamvis
1460 2293 1490 2332 eo
1509 2279 1566 2344 die,
1590 2281 1635 2350 qui
1649 2279 1752 2360 primus
1775 2277 1917 2332 solvendae

1129 2347 1238 2402 ιιιιιιιιι
1260 2345 1355 2410 inerit,
1379 2361 1456 2400 nemo
1478 2345 1586 2412 vixerit,
1611 2365 1657 2416 qur
1679 2347 1755 2400 ιιιιι8
1776 2345 1917 2416 pecuniam

1109 2365 1225 2478 Sabaea,
1243 2419 1333 2468 tamen
1346 2413 1455 2482 perinde
1469 2415 1597 2470 committi
1613 2415 1717 2484 poena⁹
1734 2419 1831 2482 potest,
1847 2429 1879 2466 ac
1895 2411 1917 2466 si

1109 2483 1203 2536 fnisset
1220 2483 1296 2536 heres
1315 2481 1448 2536 debitoris.

1466 2689 1518 2750 ΠΙ.
1531 2689 1553 2722 ιο

1131 2787 1178 2836 DE
1196 2785 1464 2836 PROBA'HONIBUS
1481 2789 1526 2838 ΕΤ
1543 2787 1892 2840 PRAESUMPTIONIBUS.

1145 2883 1160 2942 1
1180 2885 1363 2940 Pammenes
1377 2885 1445 2940 libro
1468 2887 1545 2940 rento
1570 2889 1756 2956 quaestionum
1790 2885 1917 2956 Quotiens

1109 2959 1292 3022 quaereretur,
1310 2969 1392 3024 genus
1417 2953 1460 3008 rel
1475 2959 1580 3022 gentem
1597 2955 1655 3024 quis
1672 2955 1785 3010 haberet
1808 2969 1857 3008 nec
1875 2969 1917 3020 ne,

1109 3037 1169 3076 eum
1186 3023 1301 3088 probare
1317 3025 1431 3088 oportet.

1143 3085 1162 3142 2
1180 3089 1299 3142 Paucos
1314 3089 1382 3142 libro
1399 3103 1468 3142 secu
1487 3089 1569 3142 estnec
1586 3105 1657 3142 nono
1681 3087 1719 3142 ud
1734 3087 1849 3142 edietum
1883 3087 1919 3142 Ei

1108 3155 1237 3208 incumbit
1254 3155 1376 3224 probatio
1394 3155 1440 3222 qui
1457 3103 1529 3218 (gest,
1547 3171 1601 3208 non
1619 3157 1664 3224 qui
1680 3161 1768 3222 negat.

1143 3217 1161 3280 3
1180 3221 1437 3276 Parianae-nstrum
1445 3237 1516 3276 nono
1525 3237 1714 3292 responsorum
1733 3221 1919 3276 Oumtaeitum

1108 3289 1339 3344 fideicommissum
1356 3290 1391 3343 ab
1409 3303 1440 3342 eo
1458 3289 1544 3354 datur,
1563 3289 1676 3358 quitum
1690 3289 1718 3342 in
1735 3289 1820 3358 primo
1838 3305 1919 3358 quarn

1108 3357 1269 3412 insecundo
1293 3361 1451 3410 testamento
1477 3373 1524 3424 pro
1550 3355 1643 3410 eadem
1664 3361 1742 3426 parte
1767 3357 1808 3410 vel
1824 3363 1919 3426 postea

1108 3441 1157 3494 pro
1175 3427 1274 3478 maiore
1291 3427 1368 3480 ireres
1385 3425 1518 3490 scribitur,
1535 3425 1659 3494 probatio
1681 3429 1800 3478 mutatae
1825 3427 1917 3478 volun-

1108 3491 1172 3546 tatis
1189 3493 1214 3546 ei
1231 3493 1311 3546 debet
1326 3493 1479 3546 incumbere
1496 3493 1541 3560 qui
1561 3493 1724 3556 convenitur,
1745 3507 1805 3546 cnm
1823 3493 1916 3546 secret·

1109 3561 1226 3630 suscepti
1248 3559 1317 3614 ratio
1340 3559 1494 3628 plerumque
1512 3559 1623 3614 dominis
1646 3577 1734 3616 rerum
1757 3561 1919 3630 persuadeat

1109 3643 1154 3684 ecs
1170 3627 1209 3682 ita
1225 3627 1335 3682 heredes
1353 3627 1476 3694 seribere,
1495 3643 1605 3696 qnorum
1623 3625 1702 3682 fidem
1719 3627 1893 3698 elegerunt¹¹.

1142 3693 1299 3752 4Paucus
1326 3695 1395 3750 libro
1422 3701 1500 3750 serato
1528 3711 1718 3766 responsorum
1768 3697 1918 3766 Respondit

1109 3769 1253 3832 emptorem
1270 3763 1384 3832 probare
1403 3763 1506 3828 debere,
1524 3779 1585 3816 eum
1598 3779 1702 3818 servum
1719 3763 1752 3818 de
1768 3781 1820 3834 quo
1837 3781 1917 3834 quae·

1108 3831 1176 3886 ritur
1193 3835 1335 3900 antequam
1354 3837 1451 3886 emeret
1466 3831 1573 3898 fugisse.

1142 3897 1260 3954 binum
1281 3899 1348 3952 libro
1374 3915 1446 3954 nono
1472 3915 1663 3970 responsorum
1705 3901 1748 3952 Ab
1775 3915 1806 3954 ea
1831 3905 1917 3968 parte,

1109 3981 1177 4036 qnae
1194 3967 1259 4020 dicit
1276 3967 1456 4020 adversarium
1473 3981 1550 4020 suum
1568 3967 1601 4020 ab
1619 3967 1707 4036 aliquo
1724 3967 1783 4022 inre
1800 3967 1918 4036 prohibi-

1108 4039 1164 4088 tum
1182 4049 1239 4088 esse
1256 4035 1406 4102 specialiter
1423 4035 1479 4102 lege
1495 4035 1536 4088 rel
1554 4035 1752 4102 ιιιιιιιιιιιιιιιι,
1769 4035 1797 4088 id
1810 4035 1919 4104 probari

1111 4107 1122 4154 i
1159 4107 1290 4168 oportere.
1331 4101 1404 4156 Idem
1427 4101 1578 4172 respondit,
1601 4103 1706 4172 siquis
1731 4107 1810 4170 negat
1828 4117 1917 4156 eman-

1109 4169 1269 4290 qiqationem
1282 4175 1355 4224 recte
1367 4171 1477 4236 iactam,
1486 4171 1671 4238 probationem
1684 4171 1773 4240 ipsum
1781 4175 1919 4240 praestare

1128 4251 1212 4290 eere.

1142 4301 1161 4362 6
1179 4303 1331 4360 Sennrona
1346 4305 1413 4360 labro
1427 4305 1543 4360 seeundo
1558 4321 1749 4376 responsorum
1771 4305 1919 4358 Patronem

1108 4373 1248 4426 manifeste
1272 4373 1368 4426 docere
1392 4373 1488 4428 debere
1511 4375 1635 4428 libertum
1657 4375 1686 4432 in
1702 4371 1826 4426 fraudem
1843 4385 1918 4424 snam

1109 4441 1207 4510 aliquid
1219 4441 1331 4506 dedisse,
1345 4447 1376 4494 ut
1389 4447 1493 4510 partem
1508 4441 1563 4496 eius
1573 4441 1644 4510 quod
1656 4439 1817 4492 intrandam
1826 4437 1918 4492 datum

1109 4513 1179 4564 esset
1195 4515 1286 4576 posset
1303 4525 1423 4564 avocare.

1142 4573 1160 4632 7
1178 4577 1297 4630 Pactus
1312 4579 1380 4632 libro
1397 4575 1513 4630 seeundo
1530 4575 1721 4628 sententiarum
1730 4573 1753 4606 ¹²
1770 4569 1836 4626 Cum
1872 4587 1916 4624 ro-

1107 4645 1181 4698 batio
1190 4645 1286 4712 prioris
1295 4645 1374 4712 fugae
1383 4643 1479 4708 deficit,
1490 4643 1558 4696 servi
1569 4639 1718 4710 quaestioni
1726 4639 1748 4674 ¹³
1757 4587 1919 4694 credendam

1109 4717 1163 4766 est:
1186 4713 1212 4764 in
1232 4729 1260 4766 se
1278 4711 1346 4766 enim
1363 4711 1533 4780 interrogari,
1551 4725 1605 4764 non
1628 4723 1677 4778 pro
1700 4707 1807 4762 domirm
1826 4713 1874 4762 aut
1890 4709 1918 4762 in

1109 4779 1243 4834 dominum
1259 4779 1369 4834 ridetur.

1142 4843 1161 4906 8
1179 4847 1258 4900 Inna
1273 4849 1340 4900 libro
1358 4849 1450 4900 octauo
1469 4847 1569 4900 decimo
1586 4843 1623 4898 nd
1638 4843 1776 4898 Plautium
1802 4843 1830 4898 si
1847 4843 1918 4900 filius

1107 4915 1134 4968 in
1142 4919 1276 4994 potestate
1289 4915 1373 4984 patris
1388 4929 1446 4966 esse
1455 4915 1569 4980 ¹ineget,
1583 4915 1689 4980 praetor
1699 4913 1836 4980 cognoscit
1845 4915 1876 4980 ¹⁵,
1886 4921 1917 4968 ut

1109 4999 1181 5050 pnor
1197 4983 1293 5038 doceat
1308 4981 1393 5046 filins,
1417 4981 1479 5050 qnia
1502 4987 1530 5034 et
1551 4997 1600 5048 pro
1623 4981 1722 5048 pietate
1745 4997 1825 5050 quarn
1847 4983 1918 5052 patri

1111 5051 1188 5104 debet
1205 5055 1341 5122 praestare
1363 5049 1416 5104 hoc
1438 5049 1609 5104 statuendum
1627 5054 1668 5104 est
1685 5055 1711 5104 et
1727 5051 1790 5120 quia
1807 5065 1836 5106 se
1852 5051 1917 5106 libe·

1110 5135 1168 5172 rum
1186 5133 1243 5174 esse
1261 5117 1455 5188 quodammodo
1474 5117 1623 5172 contendit:
1646 5117 1706 5172 ideo
1730 5119 1800 5172 enirn
1823 5125 1850 5174 et
1873 5119 1919 5190 qui

1109 5187 1145 5240 ad
1160 5185 1310 5242 libertatern
1346 5185 1483 5250 reclamat,
1500 5185 1574 5254 prior
1591 5185 1686 5242 docere
1703 5187 1818 5242 iubetur.

1142 5251 1161 5310 9
1182 5255 1290 5308 Census
1304 5201 1371 5308 uiro
1385 5253 1477 5332 primo
1494 5253 1658 5324 digestorum
1688 5255 1718 5310 Si
1733 5261 1843 5324 pactum
1859 5255 1917 5310 iac-

1107 5327 1165 5374 tnrn
1182 5323 1224 5386 sit,
1241 5323 1270 5374 in
1287 5335 1339 5390 qno
1363 5321 1468 5374 heredrs
1491 5323 1589 5376 mentio
1611 5341 1665 5378 non
1686 5323 1749 5392 irat,
1774 5323 1917 5394 quaeritur,

1142 5495 1185 5554 (ιι)
1205 5491 1269 5556 Pop.
1283 5501 1371 5542 uam.
1383 5501 1419 5542 aa.
1430 5503 1479 5562 aar¹
1489 5493 1537 5542 Ed.
1554 5505 1576 5546 a.
1592 5505 1667 5548 aar.
1680 5507 1720 5554 aar
1738 5497 1800 5546 Sat.
1820 5503 1917 5560 re...rc;

1108 5559 1167 5626 App
1185 5569 1278 5610 rnna
1290 5585 1326 5596 -
1336 5557 1451 5624 Baeti,
1462 5571 1479 5622 ι,
1489 5569 1570 5614 r—aa.
1579 5589 1613 5600 -
1625 5563 1662 5628 Os.
1676 5563 1733 5614 Cori.
1744 5563 1769 5624 4,
1779 5573 1803 5614 ιι
1875 5561 1916 5624 (ιι)

1109 5641 1150 5676 eos
1159 5629 1249 5676 iterum
1260 5625 1363 5676 heredes
1372 5625 1486 5692 scribere,
1497 5643 1603 5692 quorum
1610 5629 1683 5680 fidem
1698 5629 1775 5680 semel
1789 5629 1918 5692 elegerunt

1108 5713 1155 5746 rec.
1165 5695 1248 5744 Beer.
1306 5695 1623 5764 (12)=Pentus2,1t‚1s.
1697 5697 1740 5760 (ιι)
1759 5695 1917 5760 responsioni

1109 5761 1203 5812 Pontus
1288 5761 1331 5824 (lt)
1350 5777 1377 5812 se
1394 5765 1440 5814 ina.
1456 5767 1512 5816 dett
1583 5767 1626 5830 (ιι)
1643 5765 1735 5816 itains.
