4366 6258
285 367 471 432 XXXXHII
495 373 512 430 7
1008 411 1009 414 =
1079 361 1140 436 tlt
1189 349 1192 356 ’
1589 385 1633 432 nn
1655 381 1935 436 onmelmomnus

319 553 357 612 ‘20
372 553 507 610 Arruntis
521 553 588 608 libra
603 555 718 610 remaclo
730 555 892 628 clipeatorum
920 553 1016 610 Servus
1031 571 1085 608 non
1135 551 1205 608 actio
1226 559 1278 618 est,
1301 551 1423 622 quotiens
1445 553 1504 622 quis
1526 553 1568 606 sui
1589 553 1755 606 lucricausa
1773 567 1834 606 cum
1850 551 1935 622 aliquo

284 625 312 676 in
335 623 455 676 omnibus
476 623 555 676 rebus
580 621 636 676 sine
657 639 744 690 poena
765 621 870 676 domino
887 621 956 676 dicto
974 621 1084 676 audiens
1136 621 1281 688 contrahit,
1307 619 1389 676 velati
1410 621 1520 676 emendo
1542 621 1679 676 tendendo
1702 619 1817 676 locando
1840 621 1935 674 condu-

285 705 343 744 esse
365 691 446 756 solet,
469 689 548 744 sicuti
571 689 594 742 si
617 689 736 744 dominus
754 691 885 744 hominem
903 691 1022 746 occidere
1039 697 1086 744 aut
1136 689 1218 742 cende
1237 695 1263 742 et
1281 691 1375 744 ceteris
1393 689 1531 744 similibus.
1564 703 1598 742 ex
1615 689 1686 744 facto
1706 691 1775 742 actio
1798 693 1851 754 est,
1874 705 1936 756 quo-

284 759 384 812 lurtum
406 757 484 810 alicui
505 757 593 810 iacere
611 773 714 814 servum
730 757 860 814 iussisset.
895 775 976 826 quare
994 773 1084 826 quam-
1134 757 1203 810 tiens
1226 771 1259 812 ex
1281 773 1312 812 eo
1334 757 1420 810 teneri
1442 757 1501 826 quis
1521 757 1629 826 incipit,
1653 757 1724 836 quod
1745 757 1754 808 i
1775 771 1803 810 se
1827 755 1936 822 admisit,

284 826 323 878 vis
345 823 443 878 domini
461 825 536 878 iussu
553 839 643 880 servus
661 825 801 894 piraticam
817 823 936 888 fecisset,
958 825 1102 880 iudicium¹
1135 821 1217 878 veluti
1233 823 1334 878 furtum
1352 825 1393 880 vel
1409 825 1530 878 iniuriam
1549 825 1679 878 commis1t
1693 823 1735 878 rel
1787 841 1876 876 mnum
1895 823 1936 878 de·

284 893 312 946 in
330 907 389 946 eum
425 897 467 946 ost
482 891 633 946 libertatem
652 893 726 946 reddi
745 895 857 958 oportet.
892 897 918 946 et
942 891 1085 958 quodcum·
1136 891 1181 944 dit.
1208 893 1236 946 in
1253 891 1354 946 lactum
1368 891 1438 946 actio
1453 891 1557 958 dicitur,
1576 893 1661 958 qualis
1675 897 1716 946 est
1728 891 1841 960 exempli
1854 891 1938 958 gratia

285 973 335 1026 que
353 957 378 1012 vi
407 959 508 1024 edisset,
527 973 594 1028 quae
611 961 649 1014 vis
667 975 684 1012 a
701 957 829 1012 maleficio
842 973 906 1038 ’uon'
917 959 1030 1036 abesset,
1048 961 1086 1012 ita
1136 959 1218 1024 actio,
1243 975 1311 1028 quae
1328 959 1407 1038 datur
1424 965 1546 1040 patrono.
1556 959 1683 1038 adversus
1700 959 1836 1024 libertum,
1853 973 1871 1012 a
1888 974 1936 1025 quo

284 1025 1086 1170 llll?d⁰t¹tlblb¹t¹tt³llil⁶ta{ibit{tibitibi}
1136 1025 1937 1170 istttt.tttttdttttttt.‘btttttttttt

285 1157 414 1212 retinendi
435 1173 516 1212 causa
539 1159 611 1214 iacta
633 1165 703 1214 esset
725 1165 752 1212 et
773 1157 807 1212 ab
825 1159 866 1212 lus
883 1159 963 1212 rebus
980 1159 1086 1212 facinus
1136 1173 1232 1214 ramae.
1734 1201 1735 1204 ι

284 1225 401 1288 abesset,
423 1231 480 1280 tum
500 1241 553 1282 non
577 1225 699 1282 convenit
720 1229 882 1294 praetorem,
906 1223 977 1294 quod
993 1241 1085 1278 servus
1169 1221 1209 1282 26
1232 1225 1311 1280 lanu
1331 1227 1398 1282 labro
1422 1227 1515 1294 quinto
1540 1225 1573 1278 de
1597 1225 1718 1280 censibus
1756 1227 1852 1282 Omnes
1877 1243 1937 1294 pce-

284 1293 358 1412 ipssu
381 1291 480 1346 domini
501 1293 621 1360 fecisset,
645 1293 676 1348 de
694 1309 726 1346 ea
742 1307 772 1346 re
788 1291 817 1346 in
833 1291 945 1346 libemm
961 1291 1086 1346 iudicium
1136 1293 1209 1414 proles
1232 1293 1350 1348 actiones
1370 1299 1434 1364 post
1454 1293 1527 1348 litem
1547 1291 1701 1348 inchoatam
1724 1299 1751 1348 et
1774 1293 1809 1348 ad
1832 1295 1937 1350 heredes

302 1375 357 1414 are.
1077 1403 1079 1406 .
1162 1367 1283 1414 anseuut.

318 1421 355 1480 21
374 1425 518 1480 lucianus
536 1427 603 1480 libro
621 1427 698 1480 tertio
716 1441 753 1480 cx
770 1423 881 1480 Minicio
917 1425 1087 1482 contraxisse
1169 1423 1209 1482 27
1229 1425 1412 1480 Pleromatis
1433 1425 1500 1480 libro
1518 1427 1660 1480 vicensimo
1676 1429 1788 1504 septimo
1810 1431 1938 1496 quaestio-

284 1493 464 1562 unusquisque
485 1495 513 1548 in
534 1509 565 1548 eo
583 1493 642 1548 loco
659 1491 832 1560 intellegitur,
854 1491 884 1544 in
906 1509 957 1560 quo
982 1499 1012 1546 ut
1033 1495 1086 1546 sol·
1136 1509 1200 1546 aaut
1235 1493 1429 1562 obligationes,
1454 1507 1521 1562 quae
1542 1509 1597 1546 non
1618 1495 1732 1562 propriis
1756 1495 1854 1548 viribus
1878 1509 1938 1548 con-

286 1565 357 1612 veret
373 1573 401 1614 se
419 1561 550 1628 obligavit.
1136 1561 1241 1624 sistunt,
1261 1575 1347 1630 neque
1364 1561 1452 1614 officio
1471 1561 1563 1614 iudicis
1581 1575 1667 1628 neque
1683 1561 1815 1630 praetoris
1832 1561 1938 1630 imperio

319 1623 358 1682 22
376 1627 543 1680 Assinaros
558 1627 624 1680 libro
641 1627 717 1678 tertio
731 1627 917 1692 quaestionum
949 1627 1014 1680 (lum
1028 1627 1086 1692 quis
1136 1645 1169 1682 ne
1189 1645 1223 1682 ue
1239 1627 1305 1696 legis
1321 1633 1454 1696 potestate
1472 1627 1670 1682 confirmantur.
1711 1675 1712 1678 ,

284 1693 313 1746 iu
329 1693 398 1746 diem
414 1709 527 1748 mercem
544 1693 684 1762 stipulatus
703 1691 886 1748 fideiussorem
902 1693 1011 1772 accepit,
1031 1693 1086 1746 eius
1170 1645 1210 1750 38
1228 1693 1308 1748 Inna
1328 1695 1396 1750 libro
1408 1697 1501 1764 priato
1519 1695 1701 1764 definitionum
1735 1695 1813 1750 Aetio
1835 1695 1862 1748 in
1882 1713 1938 1764 per-

285 1757 411 1840 temporis
431 1759 577 1814 aestimatio
602 1759 747 1828 spectanda
770 1765 824 1826 est,
848 1777 901 1828 quo
923 1765 987 1816 satis
1010 1775 1085 1814 acce·
1136 1777 1230 1816 sonam
1252 1761 1377 1816 infertur:
1406 1763 1500 1830 petitio
1523 1763 1551 1816 in
1572 1777 1641 1816 rem:
1664 1763 1813 1830 persecutio
1836 1763 1863 1816 iu
1886 1779 1939 1818 rem

285 1831 361 1896 perit.
1137 1831 1179 1882 rel
1196 1831 1224 1884 in
1241 1843 1383 1896 personam
1399 1831 1439 1884 rei
1456 1829 1653 1898 persequendae
1670 1831 1764 1898 gratia

318 1891 357 1950 23
375 1891 455 1948 loru
475 1893 541 1948 libro
559 1895 670 1962 septbuo
689 1897 873 1962 quaestionum
914 1895 1086 1948 Traiecticiae
1156 1893 1212 1954 '29
1231 1897 1349 1950 Plutus
1364 1897 1431 1950 libre
1447 1903 1544 1966 quarto
1556 1911 1746 1976 responsorum
1777 1897 1860 1952 Lucio
1871 1897 1939 1954 'litio

284 1961 412 2032 pecuniae
428 1961 540 2028 nomine,
558 1961 581 2014 si
598 1959 633 2014 ad
651 1959 720 2014 diem
737 1961 824 2016 soluta
838 1977 893 2016 non
905 1967 982 2026 esset,
1001 1977 1086 2032 poena
1137 1980 1197 2018 cum
1220 1979 1252 2016 ex
1273 1979 1356 2018 causa
1376 1963 1488 2016 iudicati
1509 1979 1623 2032 pecunia
1640 1963 1780 2018 deberetur
1797 1969 1824 2018 et
1841 1963 1940 2018 eidemi

285 2029 332 2094 (uti
354 2029 467 2096 adsolet)
489 2029 523 2084 ob
546 2041 641 2098 operas
663 2029 720 2082 eius
745 2029 789 2098 qui
807 2045 866 2084 eam
882 2029 1022 2098 pecuniam
1039 2045 1086 2098 pe·
1137 2031 1250 2086 debitori
1268 2031 1347 2086 aliam
1363 2031 1506 2098 pecuniam
1523 2031 1655 2096 crederet,
1677 2033 1705 2084 in
1723 2031 1845 2086 cautione
1861 2047 1939 2102 pecu-

284 2103 352 2152 teret
367 2097 396 2152 in
413 2097 609 2166 stipulationem
626 2101 683 2152 erat
697 2097 828 2170 deducta:
850 2097 875 2152 is
898 2097 945 2166 qui
965 2113 1023 2152 eam
1040 2113 1086 2166 pe·
1137 2099 1197 2152 niae
1214 2099 1330 2152 creditae
1346 2115 1401 2152 uon
1415 2099 1511 2152 adiecit
1524 2099 1575 2152 sibi
1589 2105 1695 2168 praeter
1711 2101 1788 2154 ειιιιιΒ
1804 2101 1941 2168 pecuniam

284 2167 388 2218 cuniam
405 2167 513 2232 petebat
530 2169 606 2234 parte
623 2171 717 2220 exacta
734 2171 826 2234 petere
843 2165 969 2230 desierat,
994 2165 1087 2218 deinde
1137 2167 1253 2222 debitam
1269 2167 1320 2222 sibi
1337 2179 1371 2218 ex
1389 2181 1470 2220 causa
1487 2166 1611 2222 iudicati:
1635 2183 1746 2236 quaero,
1769 2181 1804 2220 an
1825 2167 1941 2236 integrae

283 2233 439 2302 interposito
461 2239 579 2300 tempore
599 2233 768 2302 interpellare
784 2233 946 2288 instituerat.
981 2233 1086 2288 consul·
1136 2233 1191 2288 sint
1207 2239 1335 2302 utraeque
1350 2233 1434 2288 Lucio
1449 2233 1521 2288 Titio
1538 2233 1687 2302 petitiones.
1715 2233 1815 2304 Paulus
1833 2251 1940 2302 respou-

284 2309 327 2356 tus
344 2299 480 2368 respondit
496 2301 552 2354 eius
566 2315 671 2380 quoque
683 2301 819 2368 temporis,
838 2317 890 2378 qno
903 2301 1087 2370 interpellatus
1139 2303 1178 2356 dit
1194 2301 1260 2356 nihil
1276 2301 1398 2372 proponi,
1418 2317 1466 2356 cur
1481 2317 1535 2356 non
1553 2303 1607 2356 sint
1623 2303 1749 2368 integrae.

284 2383 337 2422 noa
354 2375 436 2434 esset,
458 2383 570 2436 poenam
587 2373 642 2434 petr
658 2383 751 2434 posse:
777 2367 889 2434 amphus
911 2369 1014 2422 etiamsi
1031 2385 1086 2422 om·
1171 2365 1211 2428 30
1234 2367 1385 2424 Scrutare
1413 2371 1481 2424 libro
1505 2371 1597 2440 primo
1619 2385 1808 2440 responsorum
1847 2367 1941 2426 Servus

284 2437 345 2490 nino
362 2435 543 2504 interpellatus
562 2449 616 2488 non
632 2441 716 2490 esset:
735 2451 784 2490 nee
802 2435 880 2488 aliter
893 2451 948 2490 non
960 2437 1087 2490 committi
1139 2437 1248 2492 effeetus
1265 2453 1320 2494 non
1337 2437 1452 2506 idcirco,
1471 2437 1541 2506 quod
1557 2443 1652 2506 postea
1668 2437 1830 2506 indulgentia
1847 2437 1940 2506 princi·

284 2503 492 2572 stipulationem,
516 2517 594 2572 quam
617 2503 640 2556 si
663 2519 710 2572 per
728 2503 873 2560 debitorem
890 2517 945 2558 non
962 2503 1086 2570 stetisset,
1137 2505 1191 2576 pali
1208 2505 1357 2560 libertatem
1371 2511 1530 2560 consecutus
1546 2513 1594 2572 est,
1611 2507 1713 2562 redisse
1726 2505 1822 2560 dicitur
1835 2505 1862 2560 in
1877 2507 1941 2560 obli-

285 2589 336 2638 quo
354 2571 438 2626 minus
456 2572 582 2626 solveret:
608 2571 725 2640 alioquin
743 2571 882 2626 &cendum
899 2577 926 2626 et
943 2571 967 2626 si
983 2571 1020 2638 is,
1044 2573 1088 2638 qui
1136 2573 1268 2642 gationem
1286 2573 1455 2628 creditorum.
1515 2621 1516 2624 ,
1563 2629 1565 2632 ,
1919 2621 1920 2624 ,

283 2639 453 2710 interpellare
482 2639 625 2708 coepisset,
657 2639 810 2694 valetudine
836 2639 977 2718 impeditus
1005 2641 1086 2694 inter-
1172 2637 1208 2698 31
1238 2639 1413 2696 Marcianus
1439 2641 1507 2698 libro
1536 2641 1653 2696 semuncia
1676 2641 1941 2722 fideicommissorum

284 2709 383 2778 pellere
400 2707 654 2778 desisset,poenam
671 2725 725 2764 non
743 2707 877 2764 committi.
910 2707 943 2764 de
960 2707 1005 2762 tllo
1023 2723 1088 2764 sane
1137 2709 1198 2764 Non
1229 2709 1314 2764 solum
1337 2709 1521 2778 stipulationes
1546 2709 1704 2778 impossibili
1726 2707 1876 2780 condicioni
1897 2709 1940 2764 ad-

284 2783 372 2848 petest
388 2775 518 2840 dubitari,
536 2775 559 2830 si
575 2777 759 2846 interpellatus
777 2777 787 2830 i
806 2781 852 2830 se1
869 2791 970 2830 moram
987 2775 1086 2842 iecerit,
1137 2779 1252 2848 plicatae
1268 2777 1366 2832 nullius
1383 2779 1509 2834 momenti
1526 2785 1601 2842 sunt,
1620 2779 1667 2832 sed
1683 2779 1763 2834 etiam
1781 2777 1861 2832 ceteri
1878 2795 1941 2848 quo-

284 2861 329 2912 an,
351 2845 469 2914 quamvis
492 2845 631 2914 pecuniam
653 2851 747 2914 postea
769 2795 876 2914 03erat,
901 2845 982 2900 nihilo
1001 2845 1086 2898 minus
1138 2863 1190 2916 que
1207 2851 1368 2912 connectas,
1386 2845 1469 2902 veluti
1486 2845 1632 2914 emptiones
1649 2845 1803 2914 locationes,
1820 2847 1941 2916 impossi-

284 2929 371 2982 poena
389 2913 582 2968 committatur:
601 2919 627 2968 et
643 2913 696 2968 boc
712 2915 810 2968 rectius
828 2913 933 2968 dicitur.
965 2917 1044 2966 2ιιιιιιι
1062 2917 1088 2966 ει
1138 2915 1185 2968 bili
1216 2913 1371 2968 condicione
1398 2913 1555 2984 interposita
1584 2929 1669 2984 aeque
1692 2915 1791 2970 nullius
1821 2915 1941 2970 momenti

284 2983 307 3034 si
324 2981 423 3036 arbiter
440 2997 474 3036 ex
491 2981 678 3050 compromisso
696 2981 838 3062 pecuniam
855 2989 928 3036 certo
947 2981 988 3036 die
1007 2983 1088 3036 dare3
1138 2989 1209 3048 sunt,
1227 2983 1290 3052 quia
1306 2983 1381 3036 inea
1397 2997 1436 3048 re,
1455 2997 1522 3052 quae
1541 2997 1572 3034 ex
1592 2983 1704 3036 duorum
1718 2983 1865 3052 pluriumve
1883 2999 1942 3038 con-

283 3049 389 3104 iusserit
406 3065 492 3118 neque
508 3065 557 3118 per
573 3065 641 3116 eum,
660 3067 705 3118 qur
723 3049 788 3104 dare
805 3049 893 3104 iussus
911 3049 953 3114 sit,
977 3049 1087 3116 steterit,
1137 3065 1218 3106 sensu
1240 3049 1341 3118 agitur,
1371 3051 1488 3104 omnium
1510 3049 1633 3104 voluntas
1658 3055 1805 3118 spectetur,
1834 3067 1943 3118 quorum

284 3135 336 3172 non
359 3117 486 3172 committi
509 3133 622 3184 poenam
644 3117 794 3186 respondit:
827 3117 894 3172 adeo
911 3123 951 3172 ut
974 3121 1000 3172 et
1022 3117 1088 3170 illud
1136 3117 1233 3190 procul
1256 3119 1335 3174 dubio
1359 3119 1387 3172 in
1410 3117 1560 3174 huiusmodi
1583 3123 1646 3172 actu
1669 3117 1730 3172 talis
1755 3119 1878 3186 cogitatio
1895 3125 1941 3184 est,

284 3187 389 3242 Seruius
405 3185 552 3240 rectissime
569 3185 765 3252 existimaverit,
788 3187 810 3240 si
829 3185 934 3256 quando
951 3187 1015 3252 dies,
1034 3201 1088 3256 qua
1137 3195 1167 3242 ut
1184 3187 1250 3240 nihil
1267 3187 1309 3256 agi
1326 3187 1478 3240 existiment
1495 3187 1618 3256 adposita
1634 3203 1667 3242 ea
1684 3187 1846 3256 condicione,
1865 3201 1941 3256 quam

283 3253 396 3324 pecunia
419 3253 539 3322 daretur,
563 3253 694 3310 sententia
715 3253 808 3310 arbitri
830 3255 1012 3324 conprehensa
1034 3271 1089 3310 non
1138 3255 1224 3310 sciant
1241 3271 1299 3310 esse
1316 3255 1515 3324 impossibilem.

284 3327 366 3388 esset,
394 3325 528 3376 modicum
556 3323 670 3392 spatium
699 3323 791 3376 datum
817 3323 907 3376 rideri.
945 3325 996 3378 hoc
1018 3323 1089 3376 idem
1172 3319 1212 3382 32
1230 3323 1488 3378 librarioslibraries
1507 3323 1575 3378 libro
1593 3325 1710 3378 secando
1728 3325 1797 3378 iaris
1818 3325 1938 3394 epitoma

284 3391 423 3446 dicendum
446 3397 473 3444 et
489 3407 549 3444 cum
566 3391 628 3460 quid
647 3405 678 3444 ea
695 3391 752 3460 lege
770 3391 893 3456 venierit,
915 3397 957 3458 ut,
978 3391 1030 3446 nisi
1054 3391 1088 3444 ad
1136 3409 1197 3446 rom
1224 3391 1290 3446 (ium
1307 3407 1341 3446 ex
1358 3407 1412 3446 uno
1430 3391 1526 3446 delicto
1543 3391 1635 3460 plures
1652 3397 1801 3446 nascuntur
1819 3391 1942 3454 actiones,

284 3457 350 3512 diem
367 3457 482 3526 pretium
499 3459 615 3514 solutum
633 3457 720 3526 fuerit,
738 3457 856 3526 inempta
872 3475 915 3514 res
932 3457 988 3514 fiat.
1138 3459 1208 3514 sicut
1230 3459 1329 3524 evenit,
1361 3475 1422 3514 cum
1445 3461 1554 3514 arbores
1583 3459 1674 3514 furtim
1697 3473 1792 3514 caesae
1815 3457 1943 3524 dicuntur,

317 3521 375 3580 24⁴
396 3525 567 3580 Pomponius
585 3527 653 3580 libro
674 3525 810 3594 scapolaro·
830 3527 987 3598 reputarunt
1021 3525 1089 3580 Sia
1138 3529 1260 3582 omnibus
1286 3527 1401 3598 experiri
1430 3527 1548 3598 permitti
1578 3535 1640 3596 post
1669 3541 1779 3596 magnas
1804 3527 1943 3584 varietates

283 3593 397 3658 furioso,
422 3609 482 3646 cum
505 3609 564 3646 eum
588 3599 735 3662 compotem
758 3593 853 3648 mentis
876 3609 935 3648 esse
956 3597 1087 3662 putarem,
1138 3595 1262 3664 optinuit.

283 3661 422 3728 pecuniam
448 3661 525 3730 quasi
551 3667 669 3716 mutuam
696 3661 844 3728 acceperim
870 3675 954 3730 eaque
977 3661 1006 3716 in
1032 3677 1089 3716 rem
1172 3659 1211 3720 33
1231 3661 1349 3718 Pactus
1364 3663 1433 3718 libro
1451 3663 1529 3718 tertio
1546 3663 1713 3718 decretorum
1745 3661 1944 3718 constitutioni-

284 3745 367 3784 meam
383 3745 461 3784 versa
477 3729 564 3796 tuerit,
584 3729 715 3784 condictio
731 3727 831 3782 furioso
847 3727 1008 3798 adquiritur:
1025 3745 1088 3784 nam
1138 3729 1201 3794 bus,
1227 3729 1323 3800 quibus
1350 3729 1500 3786 ostenditur
1520 3729 1632 3784 heredes
1655 3745 1743 3800 poena
1772 3745 1827 3784 non
1853 3729 1944 3792 teneri⁷

284 3797 429 3866 exquibus
448 3797 534 3852 causis
551 3797 736 3866 ignorantibus
759 3795 837 3850 nobis
858 3797 977 3864 actiones
995 3797 1086 3864 adqui·
1138 3797 1248 3864 placuit,
1266 3797 1289 3852 si
1305 3799 1379 3852 virus
1394 3805 1540 3852 conventus
1557 3799 1654 3860 fuerat,
1672 3799 1752 3852 etiam
1769 3811 1871 3866 poenae
1885 3813 1944 3866 per·

283 3871 390 3932 rantur,
418 3879 452 3920 ex
476 3865 560 3920 isdem
584 3865 663 3920 etiam
685 3865 780 3918 furiosi
803 3863 908 3918 nomine
929 3865 1023 3932 incipit
1046 3865 1089 3934 agi
1139 3865 1302 3922 secutionem
1318 3867 1502 3920 transmissam
1519 3865 1615 3930 videri,
1641 3867 1717 3934 quasi
1732 3865 1779 3922 lite
1797 3871 1945 3920 contestata

282 3949 375 4000 posse:
398 3933 480 3986 veluti
502 3949 563 3988 cum
586 3949 676 3988 servus
695 3931 752 3986 eius
770 3931 925 4012 stipulatur,
950 3947 1010 3984 cum
1030 3931 1088 3986 fur·
1139 3933 1215 3986 cum9
1232 3939 1345 3988 mortuo.
1825 3985 1826 3988 ,
1871 3927 1879 3944 “

282 4005 339 4054 tum
355 4001 378 4054 ei
396 3999 438 4066 fit,
456 4005 503 4054 aut
521 4001 645 4054 damnum
662 4001 686 4054 ei
704 3999 792 4054 dando
810 4015 838 4052 m
855 3999 939 4066 legem
956 3997 1088 4066 Aquiliam
1172 3995 1213 4056 34
1231 4001 1310 4054 Inna
1324 3999 1392 4054 libro
1406 4001 1542 4070 siapclari
1553 3999 1617 4054 de¹⁰
1631 4001 1851 4056 concortantibus·
1864 4001 1945 4056 octio-

283 4067 465 4132 committitur,
484 4075 531 4120 aut
548 4069 570 4122 si
588 4069 667 4136 forte,
687 4083 747 4120 cum
766 4065 880 4120 creditor
896 4067 996 4132 fuerat,
1013 4065 1088 4120 irau-
1137 4067 1217 4122 oribus
1250 4067 1302 4136 Qui
1327 4081 1432 4122 servum
1457 4069 1572 4122 alienum
1596 4067 1722 4122 iniuriose
1746 4069 1883 4132 verberat,
1913 4083 1944 4120 ex

283 4135 363 4190 dandi
379 4135 435 4188 eius
454 4151 534 4192 causa
551 4135 656 4190 debitor
668 4135 750 4190 alicui
763 4149 819 4188 rem
831 4135 977 4188 tradiderit.
1004 4135 1087 4188 idem·
1138 4151 1192 4190 uno
1209 4135 1281 4192 iacto
1304 4135 1397 4188 incidit
1420 4139 1448 4190 et
1469 4135 1497 4188 in
1514 4135 1647 4204 Aquiliam
1667 4141 1695 4190 et
1711 4135 1739 4190 in
1757 4135 1888 4190 actionem
1904 4135 1944 4190 in·

283 4217 333 4270 que
350 4202 411 4266 erit,
434 4203 457 4258 si
477 4205 579 4270 legetur
602 4203 626 4258 ei
642 4203 701 4258 rel5
717 4201 949 4256 fideicommissum
966 4203 991 4258 ei
1007 4203 1087 4258 relin-
1137 4203 1279 4258 iuriarum:
1308 4203 1406 4258 iniuria
1429 4203 1498 4258 enim
1521 4219 1554 4258 ex
1578 4203 1676 4258 affectu
1697 4201 1740 4270 fit,
1768 4201 1944 4258 damnumst

285 4275 294 4322 t
333 4275 439 4338 quatur.
473 4271 540 4324 Item
557 4271 581 4324 si
597 4271 633 4338 is,
657 4271 703 4340 qui
726 4285 802 4326 servo
824 4271 911 4324 alieno
930 4271 1086 4334 crediderat,
1138 4273 1217 4340 culpa
1234 4277 1261 4324 et
1277 4273 1337 4326 ideo
1355 4277 1470 4340 possunt
1485 4277 1615 4340 utraeque
1632 4273 1789 4340 competere.
1826 4271 1871 4326 sed
1889 4271 1944 4340 qui·

281 4337 371 4392 furere
389 4339 512 4406 coeperit,
531 4339 624 4392 deinde
642 4355 732 4394 servus
751 4339 778 4392 in
795 4353 851 4392 rem
864 4337 963 4392 domini
974 4339 1002 4392 id
1033 4337 1088 4392 uod
1138 4339 1200 4394 dam
1223 4339 1308 4394 altera
1331 4339 1417 4394 electa
1439 4339 1550 4408 alteram
1573 4339 1701 4394 consumi.
1740 4339 1786 4402 alii
1811 4353 1860 4408 per
1882 4339 1906 4392 le
1925 4339 1945 4390 's

283 4411 403 4460 mutuum
424 4411 565 4474 acceperat
581 4407 700 4472 verterit,
724 4405 826 4462 furiose
844 4405 976 4462 condictio
994 4355 1086 4474 alqui·
1137 4405 1261 4476 Aquiliae
1278 4407 1410 4462 actionem
1427 4407 1582 4462 iniuriarum
1601 4407 1731 4472 consumi,
1759 4407 1883 4474 quoniam
1901 4357 1944 4484 ἧς

284 4479 298 4528 2
333 4475 409 4528 nitur.
443 4473 509 4528 Item
530 4473 552 4526 si
575 4473 688 4528 alienam
705 4473 846 4542 pecuniam
864 4473 989 4528 credendi
1005 4487 1089 4528 causa
1138 4475 1182 4528 siit
1209 4477 1308 4528 bonum
1332 4479 1359 4528 ει
1386 4489 1501 4542 aequum
1524 4491 1584 4528 esse
1607 4475 1777 4530 condemnari
1799 4489 1874 4540 eum,
1901 4489 1945 4542 qut

245 4559 247 4562 ·
284 4541 341 4610 quis
365 4541 478 4604 dederit,
507 4539 601 4594 deinde
629 4557 736 4610 compos
764 4541 859 4596 mentis
887 4555 946 4596 esse
972 4541 1087 4608 desierit,
1138 4543 1346 4598 aestimationem
1354 4543 1500 4608 praestitit:
1520 4543 1567 4598 sed
1580 4541 1604 4594 si
1618 4549 1680 4596 ante
1692 4541 1848 4596 iniuriarum
1857 4549 1946 4596 actum

283 4613 376 4676 postea
399 4613 554 4676 cousumpta
577 4623 609 4660 ea
632 4609 733 4662 furioso
758 4609 909 4664 εοιιιιιιιιίο6
931 4607 1087 4678 adquiritur.
1139 4615 1218 4674 esset,
1235 4609 1321 4664 teneri
1337 4623 1398 4664 eum
1417 4625 1449 4662 ex
1466 4609 1523 4678 lege
1539 4609 1656 4678 Aquilia.
1691 4609 1738 4664 sed
1756 4615 1782 4662 et
1797 4609 1869 4676 ¹baec
1886 4625 1944 4664 sen-

284 4681 298 4730 3
332 4675 371 4730 Et
387 4677 433 4744 qui
449 4675 554 4744 negotia
572 4675 665 4732 furiosi
682 4677 801 4746 gesserit,
818 4675 984 4744 negotiorum
1001 4681 1087 4746 gesto·
1137 4677 1222 4732 tentia
1238 4693 1287 4746 per
1302 4681 1454 4746 praetorem
1469 4675 1614 4732 inhibenda
1632 4681 1685 4742 est,
1703 4675 1755 4732 nisi
1771 4677 1800 4730 iu
1815 4675 1857 4744 id,
1875 4675 1946 4746 quod

282 4761 341 4800 rum
358 4747 382 4798 ei
399 4745 537 4812 obligatur.
946 4761 951 4768 ·
1137 4747 1251 4814 amplius
1269 4759 1302 4800 ex
1323 4747 1381 4814 lege
1397 4745 1504 4814 Aquilia
1528 4745 1668 4814 competit,
1691 4753 1792 4816 agatur.
1828 4747 1944 4800 rationa-

317 4809 355 4870 25
386 4813 528 4868 Uestinos
551 4811 620 4864 b'bro
641 4813 779 4882 stupratori
799 4811 954 4882 reputor-um
995 4813 1086 4868 Aetio·
1136 4813 1217 4870 bilius
1234 4813 1324 4881 itaque
1342 4819 1383 4868 εει
1401 4829 1459 4868 εειιι
1477 4813 1581 4868 admitti
1598 4813 1764 4880 sententiam,
1781 4819 1813 4868 ut
1828 4813 1908 4868 liceat
1922 4813 1947 4866 ei

282 4899 345 4936 num
359 4897 456 4950 genera
473 4885 535 4936 sunt
552 4879 618 4946 duo,
635 4879 664 4932 in
680 4895 748 4946 rem,
786 4895 836 4932 uae
854 4879 951 4934 dicitur
968 4879 1087 4936 vindica·
1138 4897 1217 4950 quam
1234 4881 1346 4936 uoluerit
1364 4881 1496 4936 actionem
1516 4881 1591 4950 prius
1610 4897 1745 4946 exercere,
1769 4879 1839 4948 quod
1856 4891 1945 4936 autem

282 4951 332 5016 tio,
353 4951 428 5002 etin
449 4961 601 5016 personam,
625 4963 693 5014 quae
718 4963 770 5002 con
789 4947 850 5002 'ctio
868 4947 1026 5018 appellatur.
1060 4949 1088 5002 in
1139 4955 1149 5002 t
1187 4949 1302 5018 amplius
1317 4951 1346 5004 iu
1364 4949 1449 5002 altera
1466 4955 1518 5014 est,
1541 4949 1620 5002 etiam
1636 4949 1717 5004 boc²¹
1736 4947 1884 5018 exsequiffl.
1919 4947 1945 5002 Si

281 5035 337 5070 rem
354 5017 423 5072 aetio
443 5023 492 5080 est,
515 5029 563 5086 per
580 5029 659 5082 quam
675 5031 731 5068 rem
749 5019 878 5080 noemam,
896 5031 965 5086 quae
982 5017 1016 5068 ab
1034 5017 1086 5070 alio
1136 5017 1167 5082 is,
1187 5017 1231 5072 eui
1247 5031 1304 5072 rem
1321 5017 1531 5084 commodarem,
1549 5031 1608 5070 eam
1625 5017 1795 5086 subripuerit,
1812 5017 1946 5070 tenebitur

282 5083 438 5154 possidetur,
457 5083 583 5152 petimus:
602 5089 630 5136 et
647 5097 750 5154 semper
767 5083 894 5140 adsersus
912 5099 972 5138 eum
986 5089 1027 5138 est
1042 5085 1087 5152 qui
1137 5083 1243 5152 quidem
1272 5089 1299 5140 et
1321 5083 1482 5140 commodati
1503 5083 1609 5140 actione
1638 5089 1665 5140 et
1692 5083 1872 5152 condictione,
1899 5083 1945 5140 sed

282 5169 336 5208 rem
354 5153 478 5220 possidet.
514 5153 542 5208 in
562 5167 702 5222 personam
725 5153 795 5206 actio
817 5157 871 5220 est,
896 5167 948 5220 qua
971 5167 1032 5206 cum
1055 5167 1087 5206 eo
1137 5155 1223 5206 altera
1244 5153 1315 5206 actio
1339 5153 1451 5208 alteram
1493 5151 1587 5208 eremit
1607 5157 1656 5206 eut
1676 5151 1737 5224 ipso
1754 5153 1813 5206 iure
1834 5157 1881 5206 aut
1898 5167 1945 5222 per

283 5221 390 5290 agimus,
408 5221 453 5290 qui
470 5221 602 5290 obligatus
620 5225 661 5274 est
677 5221 756 5276 nobis
773 5219 809 5274 ad
822 5219 974 5276 iaciendum
987 5221 1087 5290 aliquid
1138 5225 1152 5272 2
1187 5221 1383 5290 exceptionem,
1409 5171 1491 5290 quodp
1503 5227 1543 5276 est
1568 5221 1662 5276 tutius.
1700 5221 1770 5276 Hine
1794 5221 1827 5276 de
1850 5221 1945 5276 colono

282 5289 322 5342 vei
335 5289 463 5344 dandum:
479 5293 505 5344 et
518 5303 622 5358 semper
635 5287 760 5344 adversus
773 5287 885 5344 eundem
896 5288 985 5344 locum
996 5289 1085 5342 babet.
1136 5303 1293 5356 responsum
1308 5295 1356 5354 ert,
1374 5287 1398 5344 si
1412 5287 1512 5358 aliquid
1526 5305 1559 5344 ex
1572 5287 1657 5344 fundo
1670 5289 1841 5356 subtraxerit,
1862 5287 1945 5344 teneri

285 5361 295 5408 t
331 5357 472 5410 Actionem
490 5363 578 5410 autem
595 5355 724 5424 quaedam
740 5371 773 5410 ex
790 5361 939 5422 conuentu,
956 5357 1087 5426 quaedam
1136 5371 1198 5410 eum
1220 5355 1389 5412 condictione
1406 5361 1434 5412 et
1455 5357 1535 5422 furti,
1557 5355 1622 5424 quin
1639 5357 1719 5410 etiam
1736 5371 1770 5412 ex
1790 5357 1890 5412 locato:
1920 5363 1945 5410 et

281 5441 315 5476 ex
336 5423 422 5488 iacto,
451 5425 581 5494 quaedam
608 5425 636 5476 in
661 5423 763 5480 factum
785 5431 856 5482 sunt.
893 5441 926 5480 ex
946 5431 1087 5480 contractu
1136 5439 1224 5494 poena
1249 5425 1356 5494 quidem
1380 5425 1446 5482 furti
1471 5441 1526 5478 uon
1551 5425 1737 5492 confunditur,
1769 5425 1831 5482 illae
1855 5431 1944 5482 autem

282 5597 312 5658 (t)
329 5593 501 5660 interpellatus
509 5597 561 5662 ipse
571 5597 616 5648 del.
686 5599 717 5660 (a)
737 5599 961 5650 eccidcroottcliu:
977 5599 1086 5650 ceterum
1136 5597 1239 5650 demi*
1313 5599 1348 5662 (s)
1365 5613 1417 5650 nen
1430 5595 1522 5650 adiecit
1532 5599 1661 5666 praeterea
1673 5617 1720 5652 aer.
1798 5601 1833 5666 (o)
1850 5615 1908 5652 cum
1916 5599 1944 5662 S,

280 5679 358 5728 poena
371 5679 422 5714 non
434 5665 606 5730 committitur,
619 5665 697 5728 siper
709 5663 846 5716 debitorem
858 5679 910 5716 non
918 5665 1022 5726 steterit,
1036 5681 1086 5730 quo
1136 5683 1168 5716 eu
1182 5667 1232 5734 F‘,
1247 5673 1279 5720 eo
1288 5665 1328 5720 1⁴⁸⁶
1407 5669 1454 5730 (ιο)
1471 5665 1502 5718 de
1516 5665 1600 5718 om.l⁴'
1668 5667 1711 5734 (tt)
1728 5667 1785 5736 hcc}
1797 5671 1882 5736 postea
1896 5689 1943 5722 scr.

281 5731 362 5780 minus
371 5745 400 5782 ea
408 5731 448 5782 tie
456 5731 562 5782 solveret
611 5733 645 5798 (3)
662 5731 717 5782 dari
725 5731 767 5782 F²
818 5733 852 5798 it)
869 5733 1086 5802 adpr.cs.D.12‚
1136 5735 1180 5800 (m)
1199 5735 1316 5800 comequi
1325 5733 1366 5784 ΡΞ

282 5811 299 5862 1,
308 5809 332 5850 ra
409 5799 441 5862 ts)
459 5799 533 5852 sitos.
545 5799 583 5852 1¹⁷²
659 5799 696 5866 (c)
712 5799 897 5854 mndictioioF
969 5801 1086 5866 (tt-eius·
