4366 6258
269 353 396 422 XXXX
418 361 438 424 5

270 543 398 598 auxilium
416 541 634 598 constitutionum
650 543 750 598 habeat
770 541 933 612 perindeque
948 543 1082 598 habeatur

269 619 351 680 atque
374 611 397 664 si
420 613 454 666 ab
476 627 507 666 eo
529 613 707 666 manumissus
731 613 840 676 fuisset,
863 613 989 680 quoniam
1005 611 1080 666 fidei-

272 679 417 736 commissis
431 679 600 734 libertatibus
615 679 690 736 favor
707 681 846 736 exhibetur
860 695 909 734 nec
923 679 1081 736 intercidere

271 747 339 802 solet
361 745 492 802 destinata
515 747 719 804 fideicommissa
736 749 857 802 libertas:
889 749 935 816 qui
958 751 1027 802 enim
1048 763 1082 802 ea

272 817 386 870 donatus
404 819 458 882 θεῖ,
482 817 520 876 in¹
533 817 728 884 possessionem
745 815 876 870 libertatis
899 817 1004 870 interim
1022 831 1081 870 θεεθ

275 887 283 934 l
322 883 432 936 videtur.
461 883 583 952 Apparet
599 883 680 952 igitur
698 887 854 940 subventum
871 883 1080 938 fideicommissis

271 951 452 1016 libertatibus,
477 957 507 1002 ut
528 951 603 1004 inre
620 967 694 1006 mora
718 953 790 1006 facta
815 967 873 1006 esse
896 951 938 1004 his
960 951 1081 1006 videatur

272 1021 314 1072 et¹
338 1033 371 1072 ex
393 1019 437 1072 die
460 1017 576 1084 quidem,
604 1035 655 1086 quo
673 1021 781 1072 libertas
804 1019 859 1088 peti
876 1021 978 1086 potuit,
1001 1019 1082 1072 matri

272 1087 457 1138 traderentur²
480 1087 682 1140 manumittendi
700 1101 793 1150 eausa,
817 1101 851 1138 ex
868 1087 911 1138 die
927 1103 1002 1150 uero,
1027 1103 1079 1155 quo

272 1155 354 1222 petita
376 1159 428 1218 est,
452 1153 559 1220 ingenui
582 1161 736 1208 nascantur.
770 1153 925 1224 plerumque
943 1155 1011 1208 enim
1032 1169 1082 1222 per

272 1221 401 1290 ignaviam
424 1221 465 1274 uel
488 1237 536 1288 per
558 1221 725 1276 timiditatem
746 1237 852 1286 eorum,
881 1221 978 1290 quibus
1000 1223 1080 1276 relin-

272 1291 361 1358 quitur
378 1290 486 1342 libertas
509 1289 725 1354 fideicommissa,
748 1291 791 1342 vel
815 1289 1080 1356 ignorantiamiuris

271 1359 313 1410 sui
330 1357 371 1410 vel
389 1373 438 1424 per
455 1357 640 1412 auctoritatem
659 1365 685 1412 et
700 1357 852 1424 dignitatem
870 1371 969 1422 eorum,
988 1371 1005 1408 a
1022 1357 1080 1426 qui-

273 1429 321 1480 bus
344 1423 438 1478 relicta
457 1431 509 1490 est,
536 1427 576 1480 vel
595 1429 679 1480 serius
701 1425 801 1494 petitur
818 1425 858 1478 vel
876 1423 905 1476 in
922 1429 1008 1480 totum
1025 1441 1081 1478 non

271 1493 371 1560 petitur
386 1491 590 1548 fideicommissa
607 1495 729 1548 libertas:
748 1507 816 1560 quae
833 1507 875 1546 res
890 1493 984 1546 obesse
1001 1491 1080 1547 liber-

271 1561 320 1612 tati
343 1575 397 1612 non
420 1561 505 1614 debet.
542 1561 612 1630 quod
638 1561 718 1630 igitur
735 1559 913 1624 defendimur,
937 1559 1080 1614 itadeter-

272 1627 424 1682 minandum
442 1635 495 1696 θεῖ,
519 1635 550 1684 ut
566 1631 674 1696 ingenui
692 1629 795 1696 quidem
813 1627 908 1682 exinde
925 1633 1080 1692 nascautur,

271 1711 305 1750 ex
327 1699 380 1762 quo
402 1711 477 1750 mora
500 1697 617 1750 libertati
639 1697 713 1750 facta
736 1703 789 1760 est,
817 1695 969 1748 manumitti
991 1701 1082 1750 autem

236 1773 237 1776 ’
270 1769 378 1832 partum
406 1765 458 1818 diei
485 1765 594 1828 debeat,
622 1779 654 1816 ex
683 1779 735 1830 quo
764 1763 820 1832 peti
846 1763 957 1816 libertas
983 1763 1081 1832 potuit,

272 1831 387 1900 quamvis
406 1849 460 1886 non
479 1833 512 1886 sit
528 1833 621 1900 petita.
648 1837 720 1882 certe
737 1831 882 1884 minoribus
896 1829 987 1896 viginti
1004 1831 1081 1900 quin·

271 1915 323 1966 quc
345 1899 422 1954 aunis
446 1903 472 1954 et
497 1899 526 1952 in
548 1901 600 1952 boc
627 1897 797 1952 tribuendum
821 1903 862 1952 est
886 1897 1025 1962 auxilium,
1051 1903 1082 1950 ut

270 1969 390 2030 videatur
407 1969 435 2020 in
452 1983 481 2020 re
497 1981 572 2020 mora
584 1981 657 2020 esse:
675 1981 737 2020 nam
755 1981 807 2032 qua
824 1967 927 2020 ratione
945 1965 1081 2020 decretum

270 2041 297 2088 et
315 2051 332 2088 a
350 2035 408 2090 diuo
428 2035 522 2090 Severo
542 2035 716 2088 constitutum
738 2041 779 2086 est
799 2035 828 2086 in
851 2049 880 2088 re
904 2049 1006 2088 moram
1024 2049 1083 2088 esse

271 2105 342 2158 circa
351 2103 505 2172 pecuniaria
519 2101 731 2164 fideicommissa,
746 2119 813 2170 quae
827 2103 974 2158 minoribus
987 2101 1082 2156 relicta

270 2177 346 2236 sunt,
373 2173 457 2224 multo
479 2171 563 2238 magis
586 2167 666 2224 debet
689 2171 768 2224 etiam
790 2173 817 2226 in
839 2171 1007 2224 libertatibus
1029 2171 1082 2224 hoc

271 2249 285 2294 2
320 2239 390 2292 idem
414 2239 525 2292 admitti.
562 2239 627 2290 Cum
657 2239 763 2308 quidam
791 2239 922 2294 Caecilius
949 2239 1081 2304 ancillam,

270 2323 350 2376 quam
367 2307 471 2376 pignori
486 2307 655 2374 obligaverat,
675 2307 782 2362 dimisso
797 2307 928 2362 creditore
943 2323 991 2374 per
1006 2305 1081 2360 fidei-

271 2375 441 2438 commissum
464 2375 614 2428 manumitti
637 2375 765 2428 voluisset
786 2381 812 2428 θῖ
835 2375 978 2430 heredibus
997 2375 1080 2428 credi-

270 2451 356 2498 torem
378 2459 434 2496 non
456 2443 631 2496 liberantibus
661 2443 791 2506 infantes,
817 2443 863 2510 qui
890 2449 984 2512 postea
1005 2447 1083 2496 erant

270 2511 348 2576 editi,
371 2511 504 2564 venissent
527 2527 544 2562 a
566 2509 711 2574 creditore,
738 2509 883 2578 imperator
907 2515 1000 2566 noster
1021 2527 1082 2564 cum

271 2585 348 2646 patre
365 2577 503 2646 rescripsit
520 2577 666 2630 secundum
684 2593 723 2642 ea,
743 2593 810 2644 quae
828 2579 887 2632 divo
905 2577 954 2632 Pio
972 2579 1081 2646 placue-

272 2647 348 2710 rint-⁹³,
380 2659 413 2700 ne
437 2645 513 2714 pueri
534 2645 698 2712 ingenuitate
725 2645 857 2698 destinata
881 2645 1081 2710 fraudarentur,

272 2715 357 2782 pretio
381 2713 494 2782 emptori
515 2713 639 2766 restituto
662 2713 771 2782 perinde
794 2729 840 2768 eos
863 2715 992 2782 ingenuos
1015 2713 1081 2782 fore,

271 2797 303 2836 ac
325 2783 348 2836 si
370 2787 454 2836 mater
472 2797 562 2836 eorum
583 2797 632 2836 suo
654 2787 774 2850 tempore
794 2783 957 2836 manumissa
977 2779 1081 2836 fuisset.

272 2857 287 2902 3
321 2851 395 2904 Idem
418 2851 561 2918 imperator
584 2855 676 2904 noster
701 2867 762 2904 cum
784 2855 860 2920 patre
883 2851 1034 2920 rescripsit,
1058 2849 1082 2904 si

270 2925 332 2986 post
354 2917 559 2986 quinquennium
587 2919 679 2972 mortis
708 2917 844 2972 testatoris
865 2919 975 2974 tabulae
997 2923 1082 2974 testa-

271 2987 353 3040 menti
382 2991 490 3054 apertae
512 2991 601 3040 essent
623 2987 665 3040 vel
692 2987 806 3042 codicilli
830 2991 856 3040 et
875 2991 972 3066 partus
994 2987 1080 3040 medio

271 3061 390 3124 tempore
404 3055 491 3108 editus
506 3055 547 3120 sit,
565 3071 599 3110 ne
613 3055 725 3108 fortuita
737 3071 811 3108 mora
824 3061 978 3110 sermtutem
992 3055 1082 3124 partui

270 3121 440 3190 irrogaverit,
462 3123 542 3178 matri
562 3127 669 3190 partum
690 3123 861 3190 tradendum,
890 3127 921 3178 ut
944 3123 979 3178 ab
998 3139 1030 3194 ea
1046 3123 1082 3178 ad

272 3197 287 3244 4
321 3191 471 3246 libertatem
502 3191 673 3260 perducatur.
714 3193 756 3260 Ap
777 3197 835 3260 aret
861 3191 944 3260 igitur
971 3207 1005 3246 ex
1028 3191 1082 3246 hoc

271 3259 413 3328 rescripto,
437 3259 500 3312 item
517 3275 548 3314 eo
567 3259 637 3328 quod
656 3275 672 3314 a
689 3259 747 3314 divo
789 3259 815 3314 io
837 3259 996 3328 rescriptum
1014 3259 1081 3312 dixi-

272 3343 342 3392 mus,
362 3327 477 3380 noluisse
500 3343 545 3382 eos
567 3343 669 3382 moram
692 3329 808 3382 libertati
830 3327 969 3382 fortuitam
983 3343 1082 3384 nocere

271 3395 363 3450 editui
384 3409 417 3450 ex
440 3411 486 3464 ea,
512 3397 555 3450 cui
580 3397 784 3450 fideicommissa
806 3397 916 3450 libertas
945 3397 1008 3450 data
1031 3403 1080 3450 est.

271 3473 285 3520 5
323 3463 384 3536 Non
407 3469 496 3520 tamen
519 3465 543 3520 si
565 3481 581 3520 a
604 3465 748 3520 substituto
778 3465 923 3534 impuberis
946 3465 1081 3520 fideicom-

272 3533 354 3586 missa
370 3533 480 3586 libertas
497 3533 560 3586 data
578 3533 612 3586 sit
630 3535 743 3586 ancillae
767 3549 851 3600 eaque
867 3535 926 3588 rivo
943 3535 1081 3602 impubere

272 3607 378 3668 parturn
404 3601 526 3668 ediderit,
554 3599 596 3654 sel
623 3601 647 3656 si
668 3607 730 3670 post
750 3605 855 3670 tempus
878 3599 918 3654 vel
942 3603 993 3656 sub
1017 3617 1081 3654 eou-

275 3667 377 3724 dicione
398 3665 549 3724 libertatem
571 3671 705 3736 acceperit
726 3675 753 3724 ct
778 3673 839 3722 ante
863 3669 931 3722 diem
952 3669 993 3722 vel
1017 3685 1081 3724 con-

274 3737 404 3790 dicionem
420 3743 527 3804 partum
545 3737 669 3802 ediderit,
692 3737 729 3790 ad
744 3737 894 3790 libertatem
910 3741 1002 3804 partus
1020 3751 1081 3804 per-

274 3805 400 3868 ducetur,
427 3805 490 3872 quia
511 3805 607 3858 horum
632 3805 685 3858 alia
709 3803 829 3860 condicio
853 3811 907 3858 est:
933 3819 987 3858 non
1011 3805 1081 3858 enim

272 3889 375 3928 moram
395 3871 546 3940 fortuitam,
569 3873 616 3928 sed
639 3889 673 3928 ex
696 3873 833 3928 voluntate
860 3873 984 3928 testantis
1007 3873 1082 3942 passi

273 3945 288 3996 6
323 3947 393 3998 sunt.
421 3941 449 3996 Si
465 3959 513 4012 pro
532 3959 586 3998 non
604 3943 703 4012 scripto
718 3943 824 3996 habitus
843 3941 878 3996 sit
895 3957 987 3996 sersus
1000 3941 1082 3996 alicui

271 4009 389 4078 legatus,
417 4011 459 4064 cui
481 4027 556 4064 servo
580 4027 627 4078 per
650 4009 882 4066 fideicommissum
905 4009 1015 4064 libertas
1033 4009 1081 4064 ad·

273 4079 438 4148 scriptaad,
458 4079 619 4146 quaestionis
634 4085 683 4146 est,
701 4097 764 4132 num
782 4077 984 4134 fideicommissa
1000 4079 1081 4132 liber·

273 4153 317 4202 tas
333 4147 431 4200 debeat
447 4147 604 4200 intercidere
621 4149 664 4202 θῖ5
687 4161 735 4212 an,
758 4147 782 4202 si
799 4163 891 4202 servus
914 4151 989 4216 petat
1005 4147 1080 4202 fidei-

275 4215 441 4270 commissam
455 4215 604 4270 libertatem
617 4216 651 4269 ab
667 4231 705 4280 eo,
723 4231 804 4282 penes
821 4231 898 4284 quem
911 4213 1083 4270 remansisset

274 4299 395 4352 pronon
413 4285 511 4354 scripto
528 4283 620 4336 habito
638 4283 724 4350 legato
748 4283 819 4350 quod
837 4287 896 4336 erat
917 4283 1039 4336 relictum
1057 4283 1083 4336 ei

275 4351 321 4420 qui
344 4367 405 4406 eum
426 4357 534 4420 rogatus
562 4351 651 4406 fuerat
673 4351 870 4416 manumittere,
899 4351 959 4406 vele
979 4351 1002 4404 si
1023 4351 1083 4420 ipse

276 4435 377 4486 servus,
395 4423 523 4490 utsupra
540 4417 639 4474 dictum
657 4425 704 4486 est,
722 4417 774 4474 fuit
790 4419 901 4486 legatus,
920 4435 955 4474 an
971 4419 1081 4474 libertas

275 4505 330 4544 non
347 4489 444 4544 debeat
459 4487 624 4544 intercidere.
660 4493 687 4542 et
710 4493 801 4558 putem
824 4487 920 4542 debere
937 4489 989 4542 dici
1006 4485 1081 4542 fidei-

276 4557 444 4612 commissam
468 4559 617 4612 libertatem
645 4557 744 4612 salvam
773 4571 843 4624 esse,
874 4555 937 4610 licet
962 4555 996 4610 ad
1021 4573 1082 4610 eum

275 4625 342 4678 nihil
358 4627 516 4694 pervenerit,
542 4627 587 4692 qui
604 4641 664 4678 eum
680 4629 790 4692 rogatus
809 4627 865 4678 erat
881 4625 1080 4678 manumittere:

277 4699 386 4762 cogetur
406 4693 486 4762 igitur
503 4693 651 4748 fibertatem
668 4697 805 4762 praestare
827 4691 850 4746 is
874 4693 908 4746 ad
926 4707 1002 4762 quem
1020 4707 1081 4760 per-

276 4761 348 4816 venit
369 4763 498 4830 legatum,
526 4761 588 4830 quia
616 4761 725 4816 libertas
751 4757 956 4816 fideicommissa
978 4761 1082 4830 nubum

278 4835 291 4880 1
327 4831 541 4898 impedimentum
554 4831 610 4896 pati
626 4829 711 4882 debet.
739 4827 901 4884 Subventum
914 4829 1081 4884 libertatibus

278 4903 318 4952 est
341 4903 450 4954 senatus
475 4899 608 4962 consulto,
638 4897 708 4965 quod
731 4897 832 4950 factum
854 4903 897 4952 θεῖ
917 4897 1081 4966 temporibus

277 4965 330 5020 divi
350 4965 459 5020 Traiani
476 4965 577 5020 Rubrio
602 4965 678 5018 Gallo
701 4969 729 5018 et
746 4963 854 5018 anlio⁷
875 4965 994 5034 Hispone
1018 4981 1081 5020 oon·

276 5035 396 5088 estliberi
419 5033 447 5086 in
468 5035 534 5086 haec
557 5035 651 5088 verba:
678 5031 710 5086 ‘si
726 5031 767 5096 hi,
785 5047 801 5084 a
819 5031 916 5100 quibus
932 5035 1082 5086 libertatem

277 5101 417 5170 ‘praestari
434 5107 549 5170 oportet,
573 5097 675 5154 evocati
692 5113 710 5152 a
731 5103 854 5166 praetore
870 5101 965 5154 adesse
980 5099 1080 5154 noluis-

278 5173 359 5236 sent,
381 5167 405 5224 si
428 5185 509 5222 causa
530 5167 634 5236 cognita
656 5171 765 5234 praetor
786 5167 984 5236 pronuntiasset
999 5167 1080 5222 liber-

277 5239 368 5290 ‘tatem
384 5235 427 5290 bis
445 5235 546 5300 deberi,
570 5235 663 5290 eodem
681 5233 739 5288 iure
756 5239 855 5290 statum
872 5237 984 5302 servari,
1008 5251 1040 5288 ac
1058 5235 1083 5290 si

278 5307 292 5356 8
328 5301 436 5358 ‘directo
453 5303 607 5358 manumissi
629 5303 734 5356 esseut'.
769 5305 828 5356 Hoc
845 5309 954 5360 senatus
974 5305 1080 5356 consul-

276 5375 333 5422 tum
350 5369 386 5424 ad
402 5385 447 5426 eos
464 5371 590 5440 pertinet,
614 5371 710 5440 quibus
734 5385 864 5428 excausa
885 5371 1081 5428 fideicommissi

275 5437 386 5494 libertas
404 5437 538 5496 debeatur.
564 5439 675 5510 proinde
692 5439 716 5494 si
732 5439 840 5494 libertas
857 5457 912 5496 non
930 5439 1079 5506 deberetur,

276 5613 306 5678 (1)
324 5627 355 5664 ex
371 5609 464 5662 ancilla
481 5625 577 5674 qnoque
593 5611 630 5660 ita
647 5611 793 5662 manumissa
813 5611 857 5676 qui
873 5613 1011 5662 nascuntur
1034 5587 1079 5662 ins.

278 5685 309 5744 (1)
326 5679 468 5732 traderetur
482 5679 507 5728 F
589 5679 620 5742 (a)
637 5677 787 5744 placuerunt
798 5679 840 5728 F²
928 5681 960 5746 (1)
978 5679 1044 5730 edita
1057 5681 1084 5730 F

278 5749 309 5810 (ε)
327 5749 352 5800 et
362 5749 407 5800 del.
444 5749 476 5812 (a)
494 5745 600 5812 ipseics.
634 5749 667 5808 (1)
683 5745 805 5812 Caepione
813 5767 864 5814 scr,
895 5749 1098 5814 telp.0tr.1oa

277 5815 311 5880 (9)
329 5817 363 5866 sit
370 5819 415 5870 ins.
450 5817 495 5880 (11)
506 5813 721 5880 proponimusser.
757 5817 796 5882 (11)
808 5815 1081 5868 absentes...crcausa

1073 349 1137 426 su

1548 373 1595 424 DE
1616 363 1940 424 mnuiconnlasnnns

1133 545 1274 614 obreptum
1290 547 1382 598 tamen
1398 543 1517 614 praetori
1538 547 1581 598 est
1598 541 1632 598 de
1648 543 1771 600 libertate
1787 545 1940 616 pronuntia-

1132 619 1255 682 tumque‚
1278 627 1313 666 ex
1328 613 1383 666 hoc
1400 617 1508 666 senatus
1531 611 1653 668 consulto
1674 611 1784 668 libertas
1800 631 1856 668 nou
1871 629 1940 668 conr·

1131 681 1208 750 petit.
1243 679 1331 736 etita
1352 679 1500 748 imperator
1523 685 1616 736 noster
1642 695 1703 734 cum
1729 685 1807 748 patre
1829 695 1878 736 suo
1901 697 1940 736 re-

1133 755 1148 802 9
1184 749 1298 818 scripsit.
1334 747 1451 802 Evocari
1471 753 1602 802 autema
1643 753 1749 802 rectore
1765 755 1872 816 oportet
1889 763 1940 814 eos,

1133 817 1179 884 qui
1194 817 1427 884 fideicommissam
1448 817 1600 870 libertatem
1624 765 1734 872 debent:
1759 823 1877 870 ceterum
1893 817 1940 872 nisi

1132 885 1232 940 fuerint
1248 885 1359 952 evocati,
1379 889 1466 940 cessat
1474 885 1643 938 Rubrianum
1661 887 1770 940 senatus
1786 883 1941 944 consultum.

1132 951 1245 1020 proinde
1270 951 1516 1006 denuntiationibus
1544 957 1572 1006 ct
1595 953 1689 1006 edictis
1710 951 1858 1072 litterisque
1883 967 1939 1006 evo-

1134 1025 1164 1074 10
1200 1019 1279 1074 caudi
1296 1025 1368 1074 sunt.
1402 1021 1461 1074 Hoc
1484 1025 1594 1072 senatus
1619 1019 1770 1072 constrltmn
1796 1033 1812 1072 a
1854 1035 1940 1074 omnes

1132 1077 1248 1156 pertinet
1269 1087 1420 1154 latitantes,
1448 1103 1514 1156 quos
1541 1087 1772 1160 fideicommissum
1795 1087 1941 1140 libertatem

1132 1161 1272 1224 praestare
1289 1159 1404 1224 oportet.
1439 1155 1552 1222 proinde
1573 1153 1628 1208 sire
1645 1155 1723 1208 heres
1740 1155 1868 1222 rogatus⁹
1891 1155 1941 1210 siue

1133 1223 1293 1292 quisalius,
1319 1229 1428 1276 senatus
1451 1221 1574 1276 consulto
1598 1221 1674 1276 loeus
1692 1225 1744 1276 est:
1768 1237 1858 1276 omnes
1877 1223 1940 1276 enim

1132 1291 1248 1354 omnino,
1264 1291 1310 1358 qni
1325 1291 1452 1344 deberent
1459 1289 1691 1344 fideicommissam
1704 1289 1855 1342 libertatem
1866 1305 1940 1358 prae-

1133 1365 1220 1424 stare,
1244 1357 1271 1410 in
1295 1373 1327 1410 ea
1351 1363 1532 1422 causatum,
1558 1363 1588 1412 ut
1610 1357 1645 1410 ad
1667 1363 1776 1412 senatus
1795 1357 1940 1412 consultum

1134 1431 1161 1480 11
1200 1427 1359 1494 pertineant.
1395 1425 1485 1494 Quare
1502 1425 1525 1478 si
1541 1425 1620 1480 heres
1639 1423 1743 1492 quidem
1760 1425 1857 1490 latitet,
1874 1425 1940 1492 lega-

1132 1495 1218 1558 tarius
1241 1499 1330 1546 autem
1352 1495 1395 1546 vel
1417 1493 1691 1558 fideicommissarius,
1716 1493 1762 1560 qui
1784 1499 1893 1560 rogatus
1909 1495 1941 1548 sit

1131 1561 1281 1616 libertatem
1298 1567 1444 1630 praestare,
1460 1575 1589 1630 praesens
1607 1561 1777 1626 massuetus
1796 1561 1941 1616 consultum

1133 1629 1223 1684 delicit
1244 1635 1272 1684 et
1294 1629 1377 1684 nihilo
1406 1629 1493 1684 minus
1516 1629 1675 1696 impedietur
1697 1627 1820 1682 libertas:
1847 1645 1940 1698 propo-

1133 1713 1227 1750 namus
1238 1699 1258 1730 ¹⁰
1281 1697 1351 1750 enim
1373 1699 1530 1766 legatarium
1557 1697 1676 1752 nondum
1703 1695 1849 1752 dominium
1877 1699 1941 1752 serui

1132 1771 1242 1818 nactum
1259 1779 1326 1818 θεεθ.

1167 1827 1206 1886 27
1225 1829 1344 1884 Peuces
1366 1831 1434 1884 libro
1457 1831 1535 1882 tertio
1552 1831 1818 1900 fideicommissorum
1853 1831 1941 1898 Itaque

1133 1899 1184 1952 hoc
1203 1915 1269 1952 casu
1285 1897 1410 1978 princeps
1427 1897 1568 1954 adeundus
1585 1903 1641 1964 θεῖ,
1665 1903 1696 1952 ut
1717 1899 1788 1952 etin
1811 1897 1863 1952 lr'oc
1881 1915 1940 1954 casu

1132 1965 1250 2020 libertati
1266 1967 1455 2034 prospiciatur.

1168 2029 1208 2092 28
1235 2033 1382 2088 Uarianos
1403 2035 1470 2090 libro
1516 2035 1592 2088 uicto
1617 2035 1882 2104 fideicommissorum
1916 2033 1941 2090 Si

1133 2117 1193 2156 eum
1211 2115 1330 2168 servum,
1355 2101 1399 2156 cui
1417 2107 1475 2156 erat
1492 2051 1698 2158 fideicommissa
1715 2101 1824 2156 libertas
1843 2101 1939 2168 relicta,

1133 2169 1287 2224 distraxerit
1310 2169 1334 2224 is
1351 2171 1398 2238 qui
1416 2175 1473 2224 erat
1490 2175 1600 2238 rogatus
1618 2175 1647 2224 et
1664 2175 1766 2238 emptor
1783 2169 1889 2238 quidem
1905 2169 1940 2224 la·

1132 2239 1203 2306 titet,
1229 2239 1254 2292 is
1282 2245 1374 2292 autem
1395 2239 1441 2308 qui
1463 2245 1574 2306 rogatus
1601 2243 1660 2292 erat
1684 2251 1812 2360 praesens
1835 2239 1884 2304 sit,
1910 2253 1941 2292 an

1132 2305 1271 2364 Rubriano
1288 2311 1397 2362 senatus
1417 2307 1539 2362 consulto
1556 2309 1632 2360 locus
1643 2305 1678 2362 sit
1714 2311 1741 2360 et
1753 2305 1792 2360 ait
1799 2303 1940 2372 Marcellus

1132 2375 1299 2430 Rubrianum
1322 2377 1410 2428 locum
1437 2375 1549 2442 habere,
1572 2373 1636 2442 quia
1653 2375 1730 2430 abest
1751 2389 1830 2444 quem
1851 2389 1940 2428 manu-

1135 2449 1146 2498 1
1183 2443 1288 2496 mittere
1312 2447 1425 2512 oportet.
1460 2443 1536 2496 Haec
1559 2447 1649 2496 autem
1671 2443 1752 2496 rerba
1777 2441 1879 2498 ‘adesse
1897 2459 1940 2496 no-

1133 2511 1261 2566 ‘luissent'
1283 2527 1338 2566 non
1360 2511 1452 2580 utique
1474 2509 1584 2580 exigunt
1607 2509 1741 2564 ut‘latitet
1761 2509 1848 2582 isqui
1864 2511 1939 2566 liber·

1133 2585 1215 2632 tatem
1232 2583 1371 2646 praestare
1388 2579 1506 2632 debebit:
1531 2593 1593 2632 nam
1611 2583 1638 2632 et
1655 2579 1679 2634 si
1694 2593 1749 2632 non
1766 2579 1861 2644 latitet,
1881 2595 1940 2632 oon-

1131 2651 1233 2700 temnat
1241 2653 1330 2700 autem
1338 2647 1435 2710 uenire,
1449 2651 1559 2700 senatus
1568 2647 1719 2712 consultum
1728 2647 1817 2700 locum
1826 2647 1939 2702 habebit.

1133 2719 1148 2768 1
1182 2715 1256 2768 Idem
1268 2715 1427 2770 observatur
1439 2713 1527 2782 etiam,
1544 2715 1667 2782 siplures
1681 2713 1793 2770 heredes
1808 2715 1941 2770 constituti

1132 2781 1362 2838 fideicommissam
1378 2783 1529 2836 libertatem
1546 2789 1686 2850 praestare
1702 2797 1733 2836 ro
1751 2783 1789 2836 ati
1805 2799 1860 2836 non
1873 2783 1941 2836 iusta

1133 2857 1147 2904 3
1183 2865 1216 2904 ex
1234 2865 1317 2904 causa
1334 2851 1459 2904 absentes
1477 2865 1578 2904 moram
1596 2851 1715 2906 libertati
1731 2799 1841 2904 iaciant.
1873 2851 1940 2920 Quo·

1132 2935 1192 2972 rum
1207 2917 1230 2974 si
1244 2917 1374 2988 quosdam
1387 2917 1458 2972 iusta
1468 2935 1501 2972 ex
1511 2935 1593 2972 causa
1602 2923 1623 2952 ¹²
1636 2919 1731 2974 abesae
1742 2919 1941 2988 pronuntiatum

1131 2987 1339 3054 fuerit‘eorum,
1358 2987 1403 3056 qui
1421 3001 1454 3040 ex
1470 2987 1543 3040 iusta
1553 3001 1635 3040 eausa
1652 2988 1785 3052 abessent,
1804 2993 1940 3052 eteorum,

1150 3055 1179 3108 ui
1195 3061 1349 3124 praesentes
1367 3055 1587 3108 fideicommissae
1605 3055 1723 3108 libertati
1733 3055 1754 3088 ²²
1771 3071 1872 3110 moram
1890 3065 1941 3110 nou

1132 3073 1245 3190 doment,
1268 3123 1380 3192 perinde
1397 3123 1508 3178 libertus
1532 3123 1583 3178 erit
1601 3127 1681 3192 atque
1698 3123 1789 3178 sisoii
1806 3123 1892 3190 rogati
1909 3123 1941 3178 ad

1133 3195 1149 3244 4
1183 3193 1281 3246 iustam
1303 3191 1452 3246 libertatem
1476 3191 1671 3260 perduxissent.
1708 3191 1736 3244 Si
1759 3191 1818 3260 quis
1841 3205 1940 3246 servum

1131 3277 1186 3314 nou
1203 3259 1509 3328 hereditariumrogatua
1527 3259 1713 3314 manumittere
1729 3259 1824 3322 latitet,
1843 3259 1941 3314 factum

1132 3333 1173 3382 est
1192 3333 1300 3382 senatus
1319 3327 1471 3382 consultum
1483 3327 1596 3382 Aemilio
1613 3327 1698 3382 Iunco
1715 3333 1743 3382 et
1759 3327 1827 3380 Iulio
1847 3327 1940 3382 Severo

1132 3395 1286 3452 consulibus
1295 3397 1315 3430 ¹³
1331 3397 1360 3450 in
1374 3397 1440 3450 haec
1454 3397 1549 3452 verber
1568 3397 1691 3466 placere,
1712 3397 1761 3450 14εἰ
1774 3395 1833 3466 quis
1846 3411 1879 3450 ex
1893 3395 1940 3460 bis,

1132 3467 1186 3532 ‘qui
1203 3463 1433 3520 fideicommissum
1454 3463 1605 3520 libertatem
1623 3479 1656 3518 ex
1678 3481 1843 3532 quacumque
1861 3481 1941 3520 causa

1132 3535 1298 3588 ιιῖθῖθτθιιῖ15
1316 3549 1399 3598 serso,
1419 3535 1464 3602 qui
1481 3535 1573 3588 mortis
1590 3539 1710 3602 tempore
1727 3533 1785 3586 eius
1802 3535 1848 3602 qui
1865 3547 1940 3600 roga-

1132 3603 1178 3656 ‘vit
1201 3619 1255 3656 non
1284 3601 1380 3668 fuerit,
1406 3601 1512 3670 isquam
1538 3605 1632 3658 adesse
1657 3601 1809 3670 negabitur,
1835 3607 1940 3670 praetor

1133 3675 1284 3738 ‘cognoscat
1302 3675 1341 3736 et,
1367 3669 1434 3724 siin
1451 3685 1484 3724 ea
1506 3685 1590 3724 causa
1607 3685 1666 3724 θεεθ
1682 3669 1828 3736 videbitur,
1852 3675 1896 3734 ut,
1919 3669 1940 3724 si

1133 3743 1266 3806 ‘praesens
1283 3745 1362 3802 esset,
1380 3737 1566 3792 manumittere
1583 3739 1643 3806 cogi
1660 3737 1775 3806 deberet,
1793 3737 1821 3790 id
1838 3739 1939 3790 itaesse

1133 3807 1308 3874 ‘pronuntietr
1334 3821 1447 3876 cumque
1478 3807 1516 3860 ita
1542 3805 1755 3874 pronuntiasset,
1781 3805 1853 3860 idem
1877 3805 1939 3860 iuria

1133 3873 1204 3942 ‘erit,
1223 3875 1294 3944 quod
1312 3878 1393 3942 esset,
1418 3875 1440 3928 si
1456 3873 1507 3940 ita,
1531 3881 1561 3928 ut
1578 3891 1612 3928 ex
1628 3873 1830 3928 fideicommissa
1849 3889 1939 3928 manu·

1133 3949 1146 3994 t
1182 3943 1260 3996 ‘mitti
1282 3943 1431 4008 debuisset,
1457 3943 1635 3998 manumissus
1652 3943 1740 3998 esset’.
1778 3943 1849 3996 ”Ex
1871 3943 1939 3996 iusta

1132 4027 1213 4066 causa
1242 4011 1337 4066 abesae
1365 4027 1411 4066 eos
1439 4009 1544 4066 demum
1569 4009 1709 4066 dicendum
1732 4015 1787 4076 est,
1817 4009 1863 4078 qui
1888 4027 1939 4064 non

1131 4079 1231 4134 habent
1256 4079 1385 4132 iniustam
1410 4093 1517 4132 causam
1544 4077 1694 4144 absentiae,
1727 4095 1788 4148 cum
1817 4077 1938 4144 sufficiat,

1132 4147 1203 4216 quud
1226 4163 1281 4200 non
1301 4147 1331 4200 in
1353 4147 1474 4202 fraudem
1495 4147 1627 4202 libertatis
1653 4147 1755 4214 absint,
1781 4163 1836 4216 quo
1857 4147 1938 4214 magis

1131 4215 1270 4270 rideantur
1294 4231 1327 4270 er
1347 4217 1420 4270 iusta
1441 4231 1523 4270 causa
1547 4217 1654 4270 abesse:
1682 4221 1800 4270 ceterum
1823 4231 1878 4270 non
1901 4219 1939 4268 est

1131 4299 1254 4348 necesse,
1281 4289 1312 4336 ut
1334 4285 1375 4338 rei
1397 4283 1521 4354 publicae
1543 4299 1626 4338 causa
1649 4283 1746 4338 absint.
1781 4283 1895 4352 proinde
1917 4279 1939 4336 si

1132 4351 1196 4406 alibi
1212 4351 1374 4406 domicilium
1391 4351 1449 4420 quis
1467 4351 1578 4416 habeat,
1602 4351 1665 4406 alibi
1682 4355 1791 4420 petatur
1807 4349 1938 4406 fideicom-

1132 4421 1284 4474 missaria²⁸
1307 4419 1431 4484 libertas,
1449 4419 1590 4474 dicendum
1613 4425 1654 4474 est
1676 4435 1731 4474 non
1751 4435 1811 4474 θεεθ
1833 4431 1938 4474 necesse

1132 4489 1236 4542 evocari
1255 4501 1326 4554 eum,
1352 4489 1398 4558 qui
1419 4487 1650 4544 fideicommissam
1671 4487 1832 4556 libertatem¹
1846 4487 1938 4540 debere

1132 4557 1236 4624 dicitur,
1256 4559 1318 4626 quia
1341 4559 1421 4612 etiam
1443 4559 1554 4612 absente
1576 4573 1619 4624 eo,
1643 4557 1666 4612 si
1689 4555 1839 4626 constiterit
1860 4555 1938 4610 liber·

1133 4629 1216 4678 tatem
1233 4625 1334 4690 deberi,
1353 4625 1519 4694 pronuntiari
1536 4629 1626 4692 potest
1642 4625 1714 4678 iusta
1730 4623 1763 4686 de
1781 4639 1863 4694 causa
1880 4639 1938 4678 eum

1133 4693 1238 4760 abesse,
1260 4709 1311 4748 nec
1327 4693 1452 4746 libertum
1468 4693 1568 4762 perdit:
1592 4703 1707 4762 namque
1724 4707 1784 4758 eos,
1806 4691 1852 4762 qui
1868 4689 1937 4770 apud

1131 4759 1207 4816 sedes
1226 4765 1333 4816 suaset
1355 4761 1515 4816 domicilium
1536 4777 1613 4816 suum
1638 4765 1712 4828 suut,
1734 4775 1811 4816 nemo
1835 4759 1936 4814 dubita-

1130 4829 1170 4884 bit
1188 4845 1221 4882 ex
1237 4831 1308 4884 iusta
1325 4843 1407 4882 causa
1425 4831 1527 4884 abesse.

1166 4891 1206 4954 29
1225 4897 1344 4952 Paucos
1359 4897 1426 4952 libro
1445 4897 1521 4952 tertio
1538 4897 1803 4966 fideicommissorum
1829 4897 1856 4948 Si
1871 4895 1935 4962 quis,

1131 4969 1305 5032 posteaquam
1328 4965 1356 5018 in
1378 4981 1410 5018 ea
1433 4979 1515 5018 causa
1538 4979 1596 5020 csse
1619 4963 1748 5032 coeperit,
1766 4969 1798 5020 ut
1814 4979 1848 5018 ex
1864 4963 1936 5016 fidei-

1132 5031 1272 5086 commisso
1293 5033 1443 5086 manumitti
1465 5031 1585 5098 deberet,
1612 5033 1742 5086 alienatus
1767 5031 1815 5096 sit,
1838 5031 1862 5084 is
1880 5029 1935 5098 qui-

1132 5101 1200 5164 dem,
1217 5101 1293 5154 cuius
1310 5101 1416 5152 interim
1433 5115 1524 5152 servus
1542 5099 1600 5164 erit,
1617 5099 1802 5152 manumittere
1816 5105 1935 5164 cogetur:

1131 5167 1178 5222 sed
1200 5167 1320 5222 hicnon
1343 5167 1525 5236 distinguitur,
1548 5167 1620 5220 iusta
1640 5183 1675 5220 an
1691 5183 1745 5220 non
1767 5167 1839 5220 iusta
1856 5179 1936 5220 causa

1131 5235 1212 5290 absit:
1231 5235 1382 5290 omnimodo
1399 5237 1469 5290 enim
1485 5233 1596 5288 libertus
1606 5235 1627 5266 ¹⁹
1645 5233 1668 5290 ei
1685 5239 1812 5290 seruatur.

1166 5299 1205 5360 30
1228 5303 1373 5358 Uarianos
1388 5305 1455 5358 libro
1474 5303 1567 5374 quinto
1581 5301 1845 5372 fideicommissorum
1871 5301 1935 5356 Cum

1131 5371 1206 5440 quasi
1223 5371 1335 5426 absente
1351 5371 1466 5442 quodam
1484 5369 1620 5426 decretum
1640 5371 1736 5428 fuisset
1751 5371 1935 5440 interpositum

1130 5455 1164 5494 ex
1184 5441 1256 5494 iusta
1276 5455 1359 5494 causa
1380 5455 1440 5494 eum
1462 5439 1568 5504 abesse,
1591 5439 1615 5494 is
1637 5443 1725 5494 autem
1745 5445 1866 5494 mortuus
1884 5439 1934 5494 iam

1130 5611 1334 5678 dm..F{suppleoi
1343 5611 1413 5662 odB
1460 5613 1502 5676 (11)
1520 5611 1644 5674 libertatis
1652 5613 1692 5664 F²
1739 5615 1782 5680 (rat
1796 5633 1824 5680 p.
1835 5615 1890 5666 Otr.
1897 5623 1932 5666 111

1131 5681 1174 5744 (14)
1193 5683 1221 5730 ut
1236 5683 1280 5742 ias.
1295 5679 1358 5730 Hal.
1451 5681 1494 5744 (15)
1514 5679 1613 5732 deberet
1626 5683 1652 5730 F
1661 5699 1662 5702 ’
1739 5683 1785 5746 (re)
1802 5683 1872 5746 isque
1888 5681 1932 5734 del.

1130 5749 1194 5800 Har.
1256 5751 1299 5808 (11)
1318 5747 1935 5812 dicdeficp'ontvcrbaseaclcsconsaltiDusemicaz'

1131 5817 1176 5882 (18)
1194 5815 1449 5866 fideicommissarieF
1513 5817 1559 5884 (19)
1577 5821 1703 5872 εἱθεθθ.Β
1725 5819 1860 5872 libertasF
