4366 6258
255 371 297 416 DE
321 369 492 416 DIVORTHS
512 371 555 414 ΕΤ
575 369 729 418 RaPUDns

209 591 210 594 Ἰ
254 531 300 584 Vir
317 531 419 584 mulieri
443 529 554 584 divortio
576 531 649 584 iacto
674 529 805 598 quaedam
826 531 927 586 idcirco
945 531 1062 594 dederat,

254 605 283 652 ut
299 597 335 650 ad
359 613 387 650 se
408 603 596 650 reverteretur:
626 599 720 650 mulier
743 613 850 650 reversa
874 605 944 662 erat,
969 597 1063 652 deinde

254 663 392 718 divortium
407 663 516 716 iecerat.
533 663 630 716 Laeuo
640 667 662 716 ¹:
677 665 817 718 Trebatius
831 665 901 718 iuter
911 665 1063 718 Terentiam

254 737 280 784 et
287 731 469 782 Maecenatem
480 735 497 760 ¹·
514 729 651 798 respondit
668 731 692 782 si
704 745 796 782 verum
805 731 945 784 divordum
959 733 1062 792 fnisset,

254 811 339 850 ratam
362 811 420 848 esse
444 795 630 860 donationem,
651 797 675 850 si
697 797 863 858 simulatum,
888 803 989 850 contra.
1016 795 1064 850 sed

254 879 343 916 verum
361 867 408 926 cst,
426 861 498 930 quod
515 863 645 916 Proculus
665 867 692 916 ει
710 861 840 916 Caecilius
863 867 973 928 putant,
999 869 1063 914 tunc

254 947 342 984 verum
367 943 423 982 esse
448 929 587 982 divortium
611 935 638 982 et
658 931 747 982 valere
771 929 941 982 donatiouem
959 929 1063 982 divortii

254 1013 336 1052 causa
352 997 478 1060 iactam²‚
503 997 526 1050 si
548 997 616 1050 aliae
638 997 747 1064 nuptiae
770 997 906 1048 insecutae
932 1001 994 1048 sunt
1016 1001 1064 1048 aut

254 1071 308 1118 tam
332 1063 411 1130 longo
437 1069 557 1130 ternpore
581 1063 660 1116 vidua
686 1063 794 1126 fuisset,
821 1069 852 1114 ut
878 1061 986 1114 dubium
1009 1079 1063 1114 uon

255 1131 322 1186 ioret
335 1131 448 1184 alterum
462 1145 521 1184 esse
533 1129 742 1184 matrimoniumz
761 1129 827 1182 alias
837 1143 886 1182 nec
895 1129 1063 1182 decadonem

255 1197 332 1252 ullius
350 1213 408 1250 esse
425 1197 552 1250 momenti
568 1197 694 1250 futuram.

288 1263 346 1320 65³
362 1263 462 1316 Laeuo
487 1263 555 1318 libro
580 1265 687 1318 seato³¹
699 1265 883 1332 posteriorum
900 1279 918 1314 o
935 1261 1062 1316 Iauoleno

255 1333 457 1402 epitomatorem
492 1331 570 1398 Quod
586 1333 626 1384 vir
644 1331 676 1394 ei,
694 1345 763 1398 quae
779 1331 897 1384 nondum
920 1331 1063 1396 viripotens

257 1417 290 1452 uu
310 1399 381 1462 serit,
400 1397 546 1462 donaverit,
563 1403 652 1450 ratum
669 1397 788 1452 futurum
806 1399 935 1450 existimo.

289 1415 328 1522 86
338 1463 489 1518 Scaevoia
500 1465 647 1520 librouoao
657 1465 821 1534 clipeatorum
839 1463 900 1516 Seia
909 1463 1063 1532 Sempronio

257 1549 315 1588 curn
332 1537 406 1584 certa
422 1531 465 1588 die
482 1537 599 1600 nuptura
617 1539 699 1596 esset,
723 1537 866 1600 antequam
889 1531 995 1586 domum
1019 1531 1064 1584 de-

257 1601 397 1654 duceretur
418 1599 579 1668 tabnlaeque
604 1599 673 1654 dotis
696 1601 876 1666 signarentur,
900 1599 1008 1654 donavit
1024 1603 1065 1654 tot

257 1681 363 1720 aureos:
389 1681 495 1734 quaero,
520 1683 555 1720 an
578 1681 610 1722 ea
634 1667 741 1720 donatio
764 1673 824 1720 rata
851 1669 894 1720 sit.
923 1683 977 1720 nou
1003 1667 1064 1720 atti·

257 1735 343 1788 ruisse
359 1735 489 1802 tempnsi,
515 1751 550 1786 an
576 1739 718 1800 antequam
749 1735 855 1788 domum
881 1735 1063 1800 deduceretur,

257 1801 361 1856 donatio
387 1801 461 1854 iacta
479 1807 563 1864 esset,
587 1803 650 1854 auti
668 1801 818 1854 tabularum
842 1803 1064 1870 consignaturum,

273 1883 323 1922 uae
348 1867 502 1936 plerumque
534 1873 561 1920 et
584 1873 647 1934 post
679 1873 844 1920 conuectum
869 1869 1065 1934 matrimonium

257 1885 362 1998 derant,
388 1935 416 1986 in
443 1933 592 2002 quaerendo
620 1935 742 2002 exprimi:
782 1935 890 2002 itaque⁵
920 1935 972 1988 nisi
1002 1941 1065 1990 ante

258 2003 451 2056 matrimonium
469 2007 643 2066 contractum,
662 2003 734 2070 quod
749 2017 882 2056 consensu
897 2003 1064 2070 intellegitur,

260 2077 271 2122 1
308 2069 414 2124 donatio
432 2067 507 2122 facta
524 2075 600 2134 esset,
618 2085 674 2122 nou
687 2071 782 2122 valere.
813 2069 915 2136 Virgini
931 2071 1065 2122 inhortos

258 2137 387 2190 deductae
405 2143 467 2190 ante
484 2137 554 2188 diem
570 2137 678 2188 tertium
695 2151 774 2204 qnam
787 2137 825 2190 ibi
839 2137 948 2204 nuptiae
962 2137 1064 2202 fierent,

260 2221 318 2258 oum
333 2203 362 2256 in
380 2209 504 2272 separata
521 2203 609 2258 diaeta
634 2203 667 2256 ab
692 2219 723 2258 eo
742 2209 825 2266 esset,
845 2205 888 2256 die
904 2205 1064 2272 nuptiarum,

259 2273 411 2338 priusquam
435 2271 471 2324 ad
497 2287 557 2326 eum
579 2271 705 2324 transiret
728 2275 755 2324 et
779 2271 934 2338 priusquam
951 2287 1021 2338 aqua
1037 2277 1066 2326 'et

260 2339 312 2406 igni
329 2341 502 2404 acciperetur,
526 2339 555 2392 id
578 2347 618 2392 est
641 2339 750 2406 nuptiae
773 2339 950 2404 celebrentur,
970 2341 1066 2406 optulit

260 2407 348 2458 decem
374 2421 468 2458 aureos
499 2407 583 2460 dono:
619 2407 766 2474 quaesitum
792 2411 845 2470 est,
872 2413 934 2474 post
959 2407 1065 2474 nuptias

261 2479 410 2526 contractas
434 2473 546 2526 divortio
569 2473 642 2528 iacto
665 2489 700 2526 an
730 2489 830 2526 summa
857 2473 956 2526 donata
981 2473 1065 2542 repeti

260 2539 350 2608 possit.
367 2541 505 2608 respondit
521 2541 557 2604 id,
575 2539 648 2608 quod
664 2545 726 2594 ante
743 2543 849 2608 nuptias
863 2541 989 2596 donatum
1001 2557 1064 2608 pro·

260 2613 407 2676 poneretur,
426 2623 479 2662 non
496 2623 575 2676 posse
593 2607 625 2660 de
643 2607 704 2662 dote
722 2609 825 2662 deduci.

294 2671 333 2730 67
352 2673 450 2728 tarro
467 2675 534 2730 libro
551 2677 668 2728 secundo
680 2675 817 2746 pilbauou
840 2693 858 2728 o
875 2673 963 2728 Paulo
981 2677 1065 2746 epito-

261 2749 390 2794 matorem
425 2741 453 2794 Si
470 2759 537 2794 uxor
554 2743 666 2794 nummis
685 2759 701 2794 a
718 2743 773 2796 viro
791 2749 839 2794 aut
864 2743 897 2794 ab
923 2759 952 2798 eo
977 2743 1066 2810 quiin

263 2809 315 2862 eins
333 2815 465 2878 potestate
477 2815 546 2862 esset
562 2809 612 2862 sibi
621 2809 725 2862 donatis
740 2825 843 2862 servum
854 2809 952 2874 emerit,
963 2809 1065 2874 deinde,

264 2891 320 2928 eum
338 2877 393 2930 eius
410 2875 498 2930 iactus
515 2875 603 2940 fuerit,
623 2877 786 2946 semipsum
809 2877 959 2930 donatoris
983 2893 1065 2932 causa

263 2945 314 2996 viro
333 2943 477 3008 tradiderit,
495 2951 555 2998 rata
573 2945 622 2998 erit
638 2945 761 3008 traditio,
785 2945 904 3010 quamvis
929 2959 961 2998 ea
977 2951 1065 2998 mente

261 3009 333 3064 iacta
349 3011 429 3064 fuerit
446 3025 499 3078 qua
517 3019 621 3064 ceterae
638 3011 803 3076 donatianae,
821 3025 906 3078 neque
923 3011 978 3064 ulla
995 3013 1065 3064 actio

262 3079 315 3130 eius
333 3079 437 3130 nomine
455 3079 513 3130 dari
530 3085 625 3146 potest.

638 3347 693 3406 11⁶.

425 3463 471 3510 Da
488 3463 659 3512 DIVORTIIS
680 3463 723 3510 ΕΤ
741 3463 908 3510 REPUDIIS.

299 3541 310 3598 1
346 3543 464 3598 Pronus
492 3541 559 3598 libro
592 3545 728 3612 triperimo
760 3545 852 3612 quinto
884 3541 921 3596 ad
953 3543 1066 3596 edictum

264 3611 400 3664 Dirimitur
416 3609 611 3664 matrimonium
629 3611 738 3664 divomio
755 3615 840 3664 morte
857 3609 1008 3676 captivitate
1025 3611 1067 3664 vel

264 3679 314 3730 alia
332 3677 514 3746 contingente⁷
533 3679 657 3732 servitute
674 3679 759 3732 utrius
778 3693 876 3730 eorum.

297 3743 315 3802 2
337 3745 426 3800 Gerus
447 3745 514 3800 libre
536 3745 675 3800 tredecimo
698 3745 735 3798 ad
758 3745 873 3800 edictum
898 3745 1066 3816 provinciale

265 3813 410 3868 Divortium
434 3819 522 3868 autem
544 3813 585 3866 vel
608 3829 624 3868 a
647 3813 797 3868 diversitate
818 3813 945 3866 mentium
967 3811 1067 3866 dietum

266 3889 304 3934 est
321 3881 361 3936 vel
380 3881 441 3946 quia
457 3881 484 3934 in
503 3881 619 3934 diversas
636 3887 726 3950 partes
750 3885 826 3946 eunt,
848 3881 894 3948 qui
917 3879 1067 3934 daemone

267 3955 278 4002 1
312 3949 513 4000 matrimonium.
547 3949 579 4000 Ιιι
595 3949 711 4016 repudiis
730 3955 825 4012 autem,
842 3947 871 4000 id
889 3949 947 4000 csts
968 3961 1065 4000 renun-

265 4015 372 4068 tiatione
390 4015 561 4084 comprobata
578 4021 641 4068 sunt
657 4017 723 4082 haec
741 4015 834 4068 verba:
860 4021 929 4068 ‘tuas
951 4029 994 4066 res
1017 4015 1067 4068 tibi

266 4087 280 4136 2
315 4083 443 4146 ‘habeto’,
469 4081 532 4134 item
557 4083 636 4136 haec:
670 4087 738 4136 ‘ruas
764 4097 806 4136 res
832 4081 881 4134 tibi
905 4081 993 4150 agito’.
1034 4083 1067 4134 In

267 4149 430 4218 sponsalibus
440 4165 544 4216 quoque
553 4147 723 4204 discutiendis
732 4149 833 4216 placuit
844 4147 1067 4202 renuntiationem

266 4217 417 4270 intervenire
425 4221 561 4286 oportere:
580 4217 1065 4286 inquarebaecverbaprobatasunt:

267 4289 280 4338 3
314 4285 477 4338 ‘condicione
494 4291 543 4336 tua
559 4299 613 4336 non
630 4285 708 4338 utor’.
743 4283 803 4336 Sive
812 4291 900 4338 autem
921 4285 972 4352 ipsi
988 4299 1065 4352 prae-

266 4351 332 4404 senti
344 4351 508 4404 renuntietur
522 4351 577 4406 sive
590 4351 695 4404 absenti
707 4367 756 4418 per
770 4367 837 4416 eum,
846 4351 926 4420 quiin
935 4355 1067 4420 potestate

268 4419 321 4472 eius
338 4419 372 4472 sit
386 4419 491 4472 cuiusve
508 4417 531 4472 is
546 4433 608 4472 eave
624 4417 652 4470 in
669 4423 801 4486 potestate
813 4419 855 4484 sit,
868 4417 933 4472 nibil
950 4417 1066 4472 interest.

300 4481 336 4540 3⁹
362 4485 479 4540 Paucas
509 4485 576 4540 libra
608 4487 744 4556 tripcsimo
770 4489 863 4554 quinto
889 4487 926 4540 od
953 4485 1066 4540 edictum

268 4553 412 4606 Divortium
427 4567 481 4606 nou
499 4559 540 4606 est
556 4553 606 4606 nisi
619 4569 717 4616 verum,
728 4555 799 4620 quod
813 4555 899 4606 animo
912 4559 1067 4622 perpetuam

269 4621 442 4672 consumendi
465 4619 653 4672 dissensionem
663 4621 684 4652 ¹⁰
706 4621 744 4672 fit.
779 4621 869 4688 itaque
891 4620 1017 4688 quidquid
1039 4621 1067 4672 in

269 4687 353 4740 calore
369 4685 522 4740 iracundiae
539 4687 580 4740 vel
595 4687 626 4738 fit
642 4687 683 4740 vel
701 4687 804 4750 dicitnr,
819 4703 873 4740 non
890 4687 962 4754 prius
980 4693 1068 4740 ratum

269 4759 313 4816 est,
332 4769 408 4822 quam
426 4753 448 4806 si
464 4753 660 4820 perseverantia
671 4755 691 4786 ¹¹
709 4753 833 4830 apparuit
848 4753 974 4808 iudicium
988 4753 1068 4808 animi

1061 349 1123 438 ero

1754 355 1882 416 XXIIII
1904 359 1923 414 2

1113 537 1222 598 propter
1246 531 1403 586 dementiam
1432 551 1518 604 neque
1548 541 1697 590 curatorem
1725 529 1794 592 eius,
1821 535 1923 596 patrem

1113 605 1202 650 tamen
1220 599 1275 650 eius
1292 599 1413 650 nuntium
1437 605 1540 654 mittere
1562 617 1650 670 posse.
1681 595 1752 666 quod
1775 611 1829 646 non
1852 601 1923 648 trac-

1113 669 1184 716 taret
1201 663 1234 716 de
1250 663 1368 730 repudio,
1381 665 1433 716 nisi
1445 675 1581 720 constaret
1595 667 1701 720 retinui
1712 663 1922 714 matrimonium:

1115 745 1182 796 quae
1200 729 1330 782 sententia
1338 731 1359 760 ¹²
1376 731 1440 784 mihi
1456 733 1560 784 videtur
1576 751 1647 786 vera.

1148 793 1166 850 5
1193 795 1274 846 luna
1297 795 1363 848 libro
1391 795 1526 862 triperimo
1553 807 1650 864 quarte
1676 799 1713 850 ud
1738 795 1853 850 edictum
1895 793 1924 844 Si

1113 861 1169 914 filia
1187 861 1353 928 emancipata
1368 859 1468 914 idcirco
1487 863 1641 928 diverterat,
1660 871 1691 916 ut
1707 863 1830 916 maritum
1847 859 1923 912 lucro

1115 929 1182 982 dotis
1201 929 1314 992 adiiciat,
1330 935 1433 996 patrem
1447 927 1560 994 fraudet,
1576 931 1621 998 qui
1635 931 1818 998 proiecticiam
1835 927 1923 982 dotem

1114 995 1202 1062 potuit
1218 1003 1315 1064 petere,
1334 997 1358 1048 si
1375 999 1515 1048 constante
1532 997 1698 1050 matrimonio
1726 997 1884 1052 decessisset
1893 993 1922 1058 ¹³,

1114 1063 1173 1114 ideo
1192 1063 1263 1130 patri
1280 1061 1486 1114 succurrendum
1504 1067 1557 1124 est,
1582 1077 1616 1114 nc
1634 1063 1721 1118 dotem
1738 1063 1845 1132 perdat:
1869 1077 1923 1116 non

1115 1129 1184 1182 enim
1201 1129 1287 1182 minus
1323 1129 1374 1180 atri
1391 1145 1470 1196 quam
1488 1129 1581 1182 manto
1601 1143 1757 1186 succurrere
1773 1137 1922 1198 praetorem

1115 1201 1227 1264 oportet
1255 1145 1343 1250 danda
1366 1195 1509 1264 igiturest
1532 1195 1557 1246 ei
1579 1195 1647 1248 dotis
1672 1199 1784 1264 exactio,
1802 1195 1923 1266 atquesi

1115 1267 1255 1316 constante
1272 1263 1437 1316 matrimonio
1456 1261 1614 1316 decessisset
1629 1261 1692 1316 filia.

1149 1327 1167 1386 6
1185 1329 1329 1384 [aurnuns
1343 1331 1410 1384 libro
1427 1331 1596 1400 serapesimo
1619 1331 1735 1384 secundo
1758 1331 1922 1402 clipeatorum

1116 1397 1218 1450 Uxores
1236 1411 1340 1462 eorum,
1364 1397 1409 1474 qui
1430 1397 1460 1450 in
1481 1397 1597 1450 hostium
1619 1399 1751 1462 potestate
1760 1399 1779 1432 ¹⁴
1796 1411 1922 1464 pervene-

1115 1471 1191 1528 runt,
1214 1471 1326 1532 possunt
1348 1465 1431 1516 vrderi
1453 1465 1625 1532 nuptarun1¹5
1648 1463 1736 1516 locum
1760 1465 1873 1516 retinere
1890 1477 1921 1516 eo

1115 1531 1180 1594 solo,
1199 1531 1271 1600 quod
1295 1531 1339 1584 alii
1362 1537 1460 1584 temere
1485 1531 1584 1584 nubere
1610 1545 1663 1582 nou
1680 1539 1800 1596 possunt.
1835 1539 1862 1586 et
1877 1547 1921 1600 ge·

1116 1599 1239 1652 nmabter
1257 1599 1431 1652 definiendum
1451 1603 1497 1662 εει,
1517 1597 1599 1650 donec
1618 1601 1719 1650 certum
1743 1603 1783 1650 est
1799 1599 1920 1654 maritum

1115 1665 1201 1720 vivam
1218 1667 1246 1718 in
1264 1667 1416 1734 captivitate
1435 1665 1616 1730 consitutum,
1625 1665 1725 1718 nuliam
1734 1665 1833 1718 habere
1841 1667 1921 1720 dcen-

1115 1735 1179 1786 tiam
1202 1749 1299 1788 uxores
1324 1749 1414 1788 eorum
1436 1733 1548 1800 migrare
1571 1731 1606 1786 ad
1630 1733 1702 1786 alud
1719 1733 1921 1796 matrimonium,

1115 1801 1167 1854 nisi
1182 1801 1291 1854 mallent
1307 1801 1380 1868 ipsae
1394 1801 1517 1854 muheres
1535 1813 1643 1852 causam
1659 1799 1763 1866 repudii
1778 1807 1922 1866 praestare.

1115 1869 1157 1922 sin
1174 1873 1263 1920 autem
1279 1869 1307 1918 in
1323 1869 1423 1920 incerto
1440 1873 1488 1930 est,
1506 1883 1542 1920 an
1555 1867 1629 1920 vivus
1643 1867 1715 1934 apud
1724 1867 1815 1918 hostes
1832 1871 1921 1918 tenea-

1115 1939 1160 1988 tur
1177 1935 1218 1988 vel
1235 1941 1319 1988 morte
1336 1941 1494 2004 praeventus
1505 1935 1532 1998 ¹⁰,
1550 1941 1623 2000 tunc,
1641 1935 1664 1988 si
1682 1933 1888 2002 quinquennium
1905 1949 1922 1986 a

1115 2009 1234 2070 tempore
1265 2003 1424 2070 captivitatis
1457 2002 1614 2068 excesserit,
1646 2001 1779 2054 licentiam
1812 2001 1893 2054 babet
1901 2003 1922 2032 ¹⁷

1115 2071 1209 2124 mulier
1226 2071 1261 2122 ad
1279 2071 1344 2122 alias
1360 2069 1473 2136 migrare
1490 2071 1605 2136 nuptias,
1628 2071 1666 2122 ita
1683 2073 1786 2134 tamen,
1804 2077 1835 2122 ut
1852 2069 1923 2122 bona

1115 2137 1201 2206 gratia
1219 2137 1374 2190 dissolutum
1391 2137 1512 2190 videatur
1528 2137 1668 2204 pristinum
1684 2137 1879 2190 matrimonium
1896 2139 1922 2188 ct

1116 2205 1296 2272 unusquisque
1321 2221 1398 2260 suum
1423 2203 1464 2256 ius
1490 2205 1587 2256 habeat
1611 2205 1791 2258 imminutum:
1830 2203 1922 2256 eodem

1115 2275 1173 2324 iure
1190 2275 1218 2324 et
1232 2271 1260 2324 iu
1278 2273 1371 2326 marito
1388 2271 1417 2324 in
1444 2271 1548 2326 civitate
1570 2271 1680 2338 degente
1702 2277 1729 2326 et
1751 2285 1835 2326 uxore
1859 2285 1921 2338 eap-

1115 2341 1170 2392 tiva
1187 2339 1359 2392 observando.

1151 2403 1168 2462 7
1187 2405 1371 2460 sarzanum
1385 2405 1454 2460 libro
1466 2407 1557 2476 primo
1577 2405 1609 2460 de
1628 2405 1767 2460 adulteriis
1808 2405 1836 2458 Si
1858 2419 1921 2470 pae-

1115 2473 1195 2526 nituit
1213 2489 1281 2538 eum,
1299 2475 1344 2542 qui
1360 2473 1476 2528 libellum
1499 2473 1658 2530 tradendum
1682 2473 1818 2528 ιιιιοιιίί18
1841 2471 1921 2536 dedit,

1115 2541 1190 2608 isque
1219 2557 1269 2610 per
1293 2539 1469 2608 ignorantiam
1493 2547 1611 2596 mutatae
1642 2541 1785 2596 voluntatis
1817 2539 1921 2594 oblatus

1116 2613 1168 2672 est,
1186 2607 1283 2662 durare
1299 2609 1493 2662 matrimonium
1511 2609 1664 2674 meandum,
1689 2611 1739 2662 nisi
1761 2607 1922 2678 paenitentia

1117 2677 1221 2742 cognita
1237 2677 1260 2728 is
1278 2677 1323 2744 qni
1340 2677 1444 2744 accepit
1466 2677 1523 2744 ipse
1544 2677 1628 2730 voluit
1650 2675 1844 2730 matrimonium
1868 2675 1920 2728 dis·

1116 2743 1231 2796 solverer
1263 2747 1328 2796 tuno
1354 2743 1422 2796 enim
1447 2761 1494 2812 per
1520 2761 1580 2798 eum
1605 2743 1651 2812 qui
1682 2743 1786 2812 accepit
1812 2743 1921 2798 solvitur

1115 2811 1317 2862 matrimonium.

1151 2871 1169 2932 8
1187 2877 1266 2930 Ionas
1280 2877 1347 2932 libro
1364 2877 1480 2932 secuudo
1499 2879 1533 2932 cle
1550 2877 1690 2932 adulteriis
1714 2875 1920 2932 DivusHadria-

1115 2959 1166 2998 nus
1184 2959 1251 3008 eum,
1270 2945 1315 3010 qui
1332 2943 1444 2998 aberam
1453 2961 1562 2998 uxorem
1580 2961 1613 2998 eu
1629 2945 1921 2998 itineredomumsuam

1117 3011 1234 3064 duxisset
1258 3019 1285 3064 ει
1306 3011 1367 3064 inde
1388 3013 1484 3064 marito
1509 3013 1563 3066 eius
1586 3013 1725 3080 repudium
1747 3013 1875 3076 misisset,
1892 3013 1920 3064 in

1116 3079 1257 3130 miennium
1274 3077 1398 3144 relegavit

1150 3139 1168 3200 9
1194 3143 1313 3196 Paucas
1337 3145 1403 3196 libro
1428 3145 1545 3196 secundo
1571 3145 1604 3196 cle
1629 3145 1769 3198 adulteriis
1810 3143 1919 3198 Nullum

1116 3211 1256 3264 tivantium
1281 3217 1368 3262 ratum
1400 3213 1440 3262 est
1465 3209 1517 3262 uisi
1541 3215 1642 3276 septem
1668 3211 1768 3264 civibus
1794 3211 1920 3264 Romanis

1116 3277 1260 3344 puberibus
1278 3275 1401 3328 adhibitis
1424 3283 1530 3344 praeter
1551 3277 1674 3330 libertum
1698 3277 1755 3332 eius
1772 3277 1818 3346 qui
1835 3277 1920 3332 divor·

1116 3347 1182 3396 tium
1204 3343 1293 3396 faciet.
1318 3343 1440 3396 libertum
1463 3343 1621 3412 accipiemus
1647 3347 1725 3398 etiam
1751 3359 1824 3410 eum,
1841 3345 1921 3414 quia

1116 3417 1191 3478 patre
1217 3425 1266 3464 avo
1292 3425 1389 3478 proavo
1414 3415 1440 3464 et
1466 3411 1560 3464 ceteris
1586 3427 1676 3464 susum
1700 3427 1806 3466 versum
1827 3427 1919 3466 manu·

1117 3479 1211 3532 missus
1229 3477 1272 3532 sit.

1153 3541 1189 3602 10
1208 3543 1394 3598 Monnsrruus
1415 3543 1482 3598 libro
1501 3543 1593 3614 primo
1614 3545 1770 3612 repuleram
1803 3543 1920 3600 Patrono

1117 3611 1196 3664 invito
1223 3613 1324 3676 liberta,
1352 3625 1431 3678 quam
1456 3609 1484 3664 in
1508 3611 1673 3664 matrimonio
1699 3611 1800 3676 babuit,
1828 3613 1862 3664 ab
1889 3625 1919 3664 eo

1118 3679 1253 3732 discedere
1279 3695 1332 3732 nou
1357 3683 1460 3746 potest,
1486 3679 1538 3732 nisi
1563 3693 1596 3732 ex
1621 3693 1703 3732 causa
1727 3679 1920 3732 fideicommissi

1117 3745 1277 3800 manumissa
1292 3747 1340 3800 sit:
1357 3751 1421 3800 tune
1430 3745 1500 3800 enim
1515 3751 1611 3814 potest,
1627 3745 1689 3800 licet
1703 3747 1758 3800 eius
1773 3745 1804 3798 fit
1817 3747 1920 3802 liberta.

1153 3813 1187 3872 11
1214 3813 1357 3868 Uarianos
1372 3815 1439 3868 libro
1458 3815 1535 3866 tertio
1553 3817 1590 3868 ool
1607 3815 1690 3882 leuem
1707 3813 1806 3868 Iuliam
1824 3821 1851 3868 et
1866 3813 1917 3868 Pa·

1111 3883 1188 3952 piam
1224 3881 1300 3948 Quod
1316 3881 1355 3934 ait
1369 3883 1426 3934 lex:
1451 3881 1563 3934 ‘divortii
1578 3879 1693 3934 faciendi
1706 3887 1825 3950 potestas
1842 3881 1917 3934 liber·

1118 3955 1177 4012 tae,
1196 3965 1263 4018 quae
1280 3955 1363 4016 nupta
1381 3953 1558 4018 carpetram,
1577 3963 1610 4002 ne
1628 3949 1702 4012 esto',
1719 3963 1774 4000 nou
1790 3949 1918 4002 iniectum

1115 4017 1219 4070 videtur
1242 4015 1360 4070 effecisse
1382 4015 1536 4080 divortium,
1559 4015 1630 4084 quod
1653 4017 1710 4070 iure
1734 4015 1803 4070 civili
1825 4015 1918 4070 dissol-

1116 4097 1176 4136 vere
1192 4083 1260 4138 solet
1275 4083 1476 4136 matrimonium.
1499 4097 1580 4152 quare
1595 4089 1716 4138 constare
1724 4083 1919 4138 matrimonium

1117 4149 1204 4204 dicere
1221 4165 1275 4204 non
1291 4165 1438 4218 possumus,
1457 4167 1518 4204 cum
1534 4151 1569 4204 sit
1591 4151 1779 4218 separatumffl.
1807 4151 1919 4220 denique

1117 4219 1209 4272 scribit
1224 4219 1341 4272 Iulianus
1360 4219 1392 4272 de
1415 4217 1478 4272 dote
1499 4219 1569 4272 hanc
1586 4219 1717 4272 actionem
1741 4235 1794 4272 nou
1811 4219 1917 4272 habere.

1116 4285 1208 4340 merito
1232 4285 1317 4354 igitur,
1347 4285 1471 4354 quamdiu
1493 4291 1620 4354 patronus
1644 4285 1700 4340 eius
1727 4301 1785 4338 eam
1810 4299 1919 4338 uxorem

1117 4367 1192 4406 suam
1210 4369 1267 4408 esse
1283 4353 1347 4416 vult,
1365 4369 1425 4406 cum
1439 4351 1511 4408 nullo
1522 4353 1574 4406 alio
1592 4353 1733 4406 conubium
1751 4353 1775 4406 ei
1792 4357 1839 4406 est.
1857 4365 1918 4404 nam

1117 4419 1179 4486 quia
1194 4419 1323 4474 intellexit
1339 4421 1401 4488 legis
1419 4421 1488 4474 lator
1504 4419 1576 4474 facto
1594 4419 1705 4474 libertae
1717 4421 1793 4488 quasi
1803 4419 1917 4486 diremp-

1117 4493 1173 4540 tum
1195 4489 1402 4552 matrimonium,
1427 4489 1541 4542 detraxit
1566 4489 1590 4542 ei
1613 4503 1672 4540 cum
1695 4487 1746 4540 alio
1769 4483 1916 4538 conubium.

1117 4555 1371 4690 ilidiiuiibdibe
1385 4549 1917 4690 stilti,tttrttrlttltttlltt

1120 4693 1131 4740 ι
1160 4705 1218 4742 eam
1236 4689 1456 4756 alteriuspatroni
1468 4705 1526 4744 esse
1538 4705 1625 4756 posse.
1649 4687 1696 4738 Ait
1712 4687 1769 4738 lex:
1784 4683 1917 4750 ‘quamdiu

1118 4759 1254 4822 ‘patronus
1280 4771 1338 4808 eam
1362 4771 1470 4810 uxorem
1496 4771 1554 4810 esse
1577 4753 1664 4808 volct'.
1698 4759 1724 4804 et
1748 4753 1813 4804 velle
1839 4751 1917 4804 debet

269 4819 359 4874 luisse:
385 4821 496 4888 ideoque
520 4837 568 4888 per
590 4823 705 4890 calorem
726 4835 806 4874 mrsso
829 4819 937 4888 repudio
956 4823 979 4874 si
995 4823 1068 4876 brevi
1117 4837 1227 4874 uxorem
1250 4837 1307 4874 esse
1329 4827 1356 4874 et
1376 4827 1505 4888 patronus
1528 4821 1635 4874 durare:
1659 4819 1682 4870 si
1703 4819 1782 4886 igitur
1806 4825 1853 4872 aut
1869 4835 1916 4888 pa·

269 4901 369 4942 reversa
386 4903 453 4942 uxor
470 4891 519 4954 est,
536 4903 586 4942 nec
603 4889 741 4942 divertisse
756 4887 868 4942 videtur.
1117 4893 1210 4942 tronus
1228 4901 1285 4942 esse
1301 4895 1349 4942 aut
1362 4889 1430 4948 ,velle
1448 4889 1566 4950 desierit,
1589 4885 1665 4938 finita
1688 4891 1727 4936 est
1743 4885 1807 4954 legis
1825 4893 1916 4942 aucto-

302 4951 320 5008 4
352 4955 493 5010 Unrurnus
521 4955 589 5008 libro
620 4957 741 5010 uicesimo
773 4963 849 5008 reato
877 4955 914 5008 ari
938 4953 1066 5010 Sabinum
1118 4961 1132 5008 2
1167 4957 1241 5008 ritas.
1275 4955 1344 5008 Illud
1359 4955 1502 5008 rectissime
1511 4953 1619 5022 placuit,
1628 4953 1771 5020 qualiquali
1783 4955 1917 5010 voluntate

268 5021 382 5078 Iulianus
399 5023 466 5076 libro
490 5027 583 5076 octavo
608 5023 709 5078 decimo
727 5023 887 5092 digestorum
905 5023 1014 5090 quaerit,
1033 5037 1068 5078 au
1118 5023 1232 5092 intellegi
1248 5023 1332 5092 possit
1348 5029 1476 5090 patronus
1490 5023 1604 5076 animum
1617 5023 1716 5074 habere
1731 5023 1829 5078 desisse
1841 5023 1917 5092 qnasi

269 5087 366 5144 furiose
389 5089 529 5158 repudium
554 5089 657 5144 mittere
686 5091 728 5144 vel
757 5089 891 5158 repudiari
915 5091 1007 5158 possit.
1042 5097 1068 5144 et
1117 5091 1146 5144 in
1162 5105 1279 5154 uxorem,
1297 5089 1365 5142 liniri
1381 5089 1445 5158 legis
1462 5089 1539 5142 huius
1553 5089 1713 5142 beneficium.
1732 5091 1842 5158 proinde
1857 5107 1917 5146 cum

270 5155 359 5210 scribit
374 5157 501 5212 furiosam
518 5157 651 5224 repudiari
665 5173 752 5224 posse,
767 5157 830 5226 quia
845 5155 991 5226 ignorantis
1007 5157 1067 5212 loco
1118 5163 1246 5226 patronus
1263 5173 1350 5210 rerum
1366 5161 1514 5210 amotamm
1532 5173 1590 5208 cnm
1608 5157 1715 5224 liberta,
1739 5175 1806 5228 quae
1824 5161 1857 5212 ab
1876 5161 1916 5212 in-

271 5221 392 5278 habam:
420 5225 559 5294 repudiare
585 5231 673 5278 autern
695 5241 749 5278 non
773 5239 852 5294 posse
875 5241 960 5292 neque
983 5225 1068 5292 ipsam
1118 5227 1170 5280 vito
1196 5241 1226 5278 eo
1250 5225 1405 5288 diverterat,
1428 5223 1507 5278 vellet
1529 5225 1649 5292 experiri,
1666 5227 1809 5296 imperator
1826 5233 1917 5282 noster

272 5393 299 5452 ll)
317 5393 347 5440 ab
358 5407 386 5440 eo
395 5413 440 5442 scr.
510 5395 547 5456 11¹)
566 5393 708 5442 decanatum
717 5391 755 5440 F¹
824 5395 855 5454 (a)
875 5393 977 5440 divortii
993 5407 1068 5440 causa
1118 5397 1150 5454 (el
1169 5419 1202 5436 =
1217 5389 1377 5454 D·5ll,lt,48
1486 5393 1872 5456 (10)constituendisscnsionem
1886 5399 1915 5456 F,

272 5459 359 5508 laetam
369 5461 413 5510 del.
512 5463 543 5524 (ιι
563 5461 621 5510 citur
634 5461 873 5524 Ulpiooosl.ctsa
891 5467 903 5520 ι
919 5471 945 5512 it
1025 5461 1065 5520 (ι’)
1117 5461 1286 5510 constituendi
1295 5459 1470 5510 discessionem
1478 5463 1606 5516 Foruerius
1658 5467 1698 5528 (ιιι
1706 5465 1919 5532 perseverentiaF

271 5525 470 5578 librol.sextoF
566 5531 598 5590 (ι)
616 5533 713 5590 tempus
723 5539 852 5594 transpone
862 5539 917 5580 aare
925 5525 1067 5578 tabularum
1117 5527 1160 5590 (12)
1178 5527 1293 5578 sentiaF
1372 5529 1415 5590 [ιιι
1433 5533 1547 5584 stiuaF
1644 5537 1686 5598 (ιι)
1704 5539 1915 5598 potestatemdctt.

273 5597 302 5652 (ιι
320 5595 462 5658 utiquescr.
1115 5593 1160 5658 (ιι)
1178 5595 1323 5658 nuptiarum
1331 5593 1370 5644 F²
1434 5599 1479 5662 (ιι)
1496 5601 1586 5652 sitias.
1597 5603 1656 5652 Hal
1716 5605 1758 5662 ιιι)
1776 5599 1917 5650 habeatF²

305 5663 702 5724 ielSab.1...e;Ed.1o.11.-
720 5663 783 5716 Baa-
793 5665 948 5728 28,l‚8-15.
971 5689 1005 5702 -··
1027 5659 1065 5728 Of.
1116 5669 1160 5722 ltsl
1178 5661 1488 5716 divortiitradendumccr.
1540 5677 1584 5732 trel
1602 5671 1644 5720 sed
1654 5687 1698 5718 uec
1709 5669 1854 5718 dissolutum
1865 5683 1917 5716 esse

276 5731 326 5782 eod
344 5735 401 5792 5,ss
521 5731 552 5790 (tl
568 5731 773 5794 contingentur
887 5737 920 5796 (8)
935 5729 1065 5784 inimaF²
1114 5731 1231 5780 intutum
1241 5731 1285 5782 tm.
