4366 6258
279 355 468 428 axinus
1076 347 1139 424 itt
1319 413 1320 416 ι
1659 377 1706 424 nu
1726 355 1965 450 cinnamomi

313 537 606 598 2Poueou1oslibro
627 545 707 596 serto
730 541 911 598 adriaticum
950 541 1093 610 Heredem,
1141 557 1194 612 pus
1217 541 1298 598 circa
1315 541 1449 612 peculium
1472 547 1616 612 spectetur.
1659 541 1722 596 huie
1747 541 1817 610 patri
1842 529 1961 604 similem*

279 609 433 664 damnatum
456 623 474 664 a
496 607 654 664 fideiussore
680 625 735 664 non
755 617 859 682 petere,
888 625 905 664 a
932 625 980 666 reo
1001 615 1092 680 petere
1142 611 1208 664 iacit
1224 611 1344 666 Iulianus
1362 611 1495 676 maritum,
1513 611 1557 666 cui
1573 627 1643 666 uxor
1679 615 1722 666 ost
1735 611 1941 670 divortiumlihe.

279 693 368 748 posse,
386 679 433 734 sed
450 693 468 732 a
485 693 531 732 reo
549 685 639 748 petere
657 679 777 748 vetitum,
800 679 822 736 si
839 695 856 732 a
872 677 1029 734 fideiussore
1063 695 1089 734 e·
1142 679 1272 734 rationem
1293 679 1363 736 dotis
1383 678 1497 748 legavit:
1520 695 1582 732 nam
1606 685 1634 734 et
1654 627 1741 742 llrjunc,
1765 679 1827 732 licet
1848 679 1889 734 die
1909 681 1940 738 le.

281 751 292 800 1
329 751 377 812 tat,
398 763 445 802 reo
466 763 500 802 ex
512 751 672 800 testamento
688 749 774 802 teneri
791 745 885 802 eclam
900 751 986 816 putat.
1018 695 1092 802 Ιιιιιι
1141 747 1197 816 goti
1219 747 1329 802 cedente
1351 745 1476 802 solvendo
1499 763 1555 802 non
1577 747 1620 818 sit,
1644 747 1801 816 legatarium
1823 761 1893 802 esse:
1919 759 1941 808 ιι

281 811 375 868 (lelsus
392 815 431 868 ait
448 815 549 868 nudam
566 813 760 870 dubitationem
776 815 891 880 hebere,
914 815 978 882 quin
994 813 1092 868 herede
1142 821 1285 884 utrumque
1302 815 1341 868 ait
1357 815 1474 868 solutum
1496 819 1616 884 repetere
1639 829 1692 870 nou
1710 829 1797 884 posse.
1841 813 1886 868 sed
1907 829 1940 876 ιιι

278 885 369 948 petere
393 897 411 934 a
437 881 558 936 debitore
583 881 665 936 actito
691 899 741 938 uec
766 883 844 936 heres
869 883 974 936 heredis
1000 889 1092 950 petere
1142 883 1230 938 verim
1254 883 1326 952 quod
1347 883 1491 938 Marcellus
1513 889 1591 938 notat
1612 889 1716 952 patrem
1741 883 1848 952 petere⁷
1871 895 1939 952 posse

279 949 374 1016 possit.
1142 949 1270 1014 (nondum
1287 949 1358 1004 enim
1374 955 1433 1004 erat
1448 949 1567 1016 debitor,
1592 967 1653 1004 cnm
1670 949 1806 1016 solveret),
1826 949 1938 1012 maritum

314 1011 332 1072 3
357 1015 502 1070 Uarianos
517 1015 720 1072 librooicerimo
735 1017 813 1070 tertio
833 1015 870 1070 od
880 1015 1011 1072 Sabinam
1044 1015 1091 1070 Li·
1141 1033 1195 1072 non
1211 1033 1305 1086 posse,
1329 1017 1542 1084 quod'debitum
1565 1017 1652 1072 solvit.
1686 1021 1791 1086 patrem
1808 1015 1876 1070 enirn
1898 1027 1938 1078 etsi

280 1083 444 1138 horationem
470 1081 585 1138 debitori
609 1101 690 1154 posse
716 1083 800 1152 legari
827 1081 880 1136 iam
911 1089 1015 1138 certum
1040 1087 1089 1138 est.
1160 1085 1201 1140 uis
1219 1083 1366 1138 debitorem
1382 1085 1579 1150 existimaverit,
1598 1089 1716 1138 ιιιιιιιιι
1732 1085 1792 1138 loco
1809 1099 1868 1138 esse
1886 1101 1938 1142 con·

283 1155 294 1204 1
330 1149 383 1204 Sed
405 1155 436 1228 et
449 1149 472 1204 si
497 1149 704 1222 chirographum
733 1149 792 1220 quis
820 1147 950 1204 decedens
976 1149 1092 1206 debitori
1162 1153 1280 1206 'cionalis
1304 1151 1451 1218 debitoris,-
1474 1167 1552 1222 quem
1579 1153 1697 1208 solutum
1724 1157 1843 1220 repetere
1866 1169 1938 1272 1pltltase

280 1233 328 1274 suo
347 1215 462 1282 dederit,
486 1219 669 1288 exceptionem
692 1219 718 1274 ei
739 1223 888 1286 competere
910 1223 986 1286 puto,
1013 1217 1091 1288 quasi
1142 1225 1157 1274 3
1192 1235 1247 1274 non
1268 1219 1419 1288 ambigitur.
1454 1219 1507 1274 Sed
1524 1219 1548 1274 si
1565 1219 1706 1274 damnatus
1724 1219 1758 1274 sit
1774 1219 1850 1272 heres
1896 1221 1937 1280 'on

281 1291 295 1336 ι
330 1301 380 1354 pro
390 1283 594 1342 fideicommisso
604 1285 757 1342 huiusmodi
770 1285 876 1338 datione
890 1285 1017 1340 valitura.
1045 1285 1089 1340 Iu·
1140 1289 1269 1354 liberare,
1294 1301 1350 1342 non
1372 1287 1453 1342 adicit
1474 1287 1610 1354 Iulianus,
1636 1293 1725 1342 ιιιιιιι
1750 1287 1938 1354 acceptilatione

280 1353 367 1406 lirum
385 1351 465 1406 etiam
482 1351 552 1410 libro
568 1351 789 1422 ιιιιιιιιιιιιιιιιιι
808 1351 835 1406 di
853 1355 989 1406 esurum2
1006 1351 1089 1432 scrip·
1140 1355 1212 1408 iilius
1230 1369 1265 1408 an
1281 1359 1363 1424 pacto
1380 1355 1416 1410 sit
1432 1355 1599 1408 liberandusz
1627 1355 1675 1408 sed
1697 1355 1801 1408 videtur
1822 1355 1873 1408 hoo
1889 1369 1937 1412 sen-

281 1421 328 1474 sit:
347 1419 371 1474 si
387 1419 447 1490 quis
464 1419 595 1478 decedens
613 1420 819 1488 chirographum
831 1367 885 1474 §eii
896 1419 966 1474 Titio
977 1419 1090 1486 dedant,
1140 1423 1206 1486 tire,
1231 1423 1309 1492 quasi
1325 1423 1529 1492 acceptilatione
1553 1423 1649 1478 debeat
1671 1423 1791 1486 libcrari,
1814 1435 1881 1490 quae
1903 1441 1936 1482 rer

281 1495 311 1542 ut
323 1492 389 1568 post
405 1493 517 1544 mortem
533 1507 609 1546 suern
626 1489 689 1544 Seio
710 1487 756 1544 det
780 1493 840 1552 aut,
863 1489 887 1542 si
904 1489 1090 1556 convaluisset,
1141 1489 1212 1560 patri
1235 1505 1341 1558 quoque
1363 1489 1491 1560 proderit.
1532 1489 1603 1560 quod
1625 1489 1795 1560 optinendum
1818 1495 1872 1554 est,
1897 1491 1937 1552 nisi

281 1555 332 1610 sibu
352 1555 487 1626 redderet,
511 1557 606 1612 deinde
623 1555 711 1612 Titius
734 1555 860 1610 defuncto
884 1555 1014 1612 donatore
1030 1555 1090 1612 Seio
1142 1559 1276 1612 evidenter
1292 1573 1327 1626 ap
1346 1561 1458 1614 robatur
1475 1559 1638 1612 contrarium
1655 1559 1770 1612 sensisse
1787 1563 1936 1630 testatorem,

281 1621 382 1678 dederit
395 1629 422 1680 ιι
434 1627 511 1680 heres
529 1627 585 1680 eius
602 1627 677 1692 petat
694 1621 820 1690 debitum,
839 1621 915 1678 Seius
928 1623 982 1678 doli
994 1639 1090 1694 excep·
1140 1625 1169 1680 id
1193 1631 1235 1680 est
1260 1639 1293 1680 ne
1349 1627 1389 1678 'us
1418 1625 1594 1696 inquietetur,
1626 1641 1681 1680 non
1705 1641 1740 1680 ne
1764 1632 1854 1696 pater:
1885 1631 1937 1684 tono

281 1697 295 1744 3
329 1691 430 1748 tionem
446 1694 535 1748 habet.
575 1691 656 1746 Nunc
673 1689 706 1744 de
729 1689 825 1744 effectu
842 1691 922 1760 legati
946 1691 1089 1746 videamus.
1142 1693 1210 1748 cuim
1227 1707 1291 1748 acce
1310 1693 1431 1748 tilatione
1448 1709 1508 1748 euru
1523 1709 1579 1748 uon
1593 1691 1773 1760 liberandum,
1797 1693 1843 1746 sed
1860 1699 1935 1760 pacto.

281 1765 307 1814 et
330 1759 354 1816 ιι
376 1759 481 1830 quidem
502 1759 568 1814 mibi
589 1759 714 1814 liberatio
743 1759 778 1814 sit
799 1759 906 1826 relicta,
934 1775 995 1816 oum
1017 1759 1090 1816 solus
1142 1765 1157 1814 4
1191 1759 1265 1816 idern
1281 1709 1400 1816 Ιιιιιιιιι
1418 1759 1539 1830 scripsit,
1562 1761 1586 1816 si
1601 1777 1651 1830 pro
1673 1759 1728 1816 filio
1750 1767 1826 1830 pater
1841 1759 1936 1816 fideius-

281 1827 331 1882 sim
348 1827 461 1894 debitor,
479 1829 534 1882 sive
551 1843 567 1882 a
584 1843 626 1882 me
643 1831 764 1894 petatur,
788 1827 944 1896 exceptione
965 1825 1006 1882 uti
1027 1843 1089 1896 pos·
1142 1829 1206 1884 serit
1223 1829 1300 1898 eique
1316 1827 1440 1884 liberatio
1453 1831 1488 1882 sit
1503 1829 1600 1898 legata,
1618 1845 1679 1884 eum
1691 1837 1772 1900 pacto
1784 1827 1937 1888 liberandum

281 1913 347 1964 sum,
366 1897 420 1954 sive
437 1913 491 1952 nou
508 1901 624 1964 petetur,
642 1897 771 1964 possum³
788 1911 875 1966 agere,
893 1903 924 1948 ιιι
934 1895 1033 1950 liberer
1042 1911 1092 1964 per
1142 1897 1218 1966 quasi
1235 1897 1427 1962 fideiussorem,
1444 1913 1499 1950 uon
1515 1897 1593 1966 quasi
1610 1903 1722 1966 patrem,
1739 1903 1767 1950 ιι
1783 1897 1842 1952 ideo
1853 1897 1886 1950 de
1901 1915 1937 1966 pc-

281 1963 518 2036 acceptilationern.
545 1961 633 2018 sedet
647 1963 669 2018 si
683 1962 810 2020 eumalio
829 1963 878 2020 sim
895 1963 1008 2030 debitor,
1025 1969 1091 2032 puta
1142 1965 1211 2020 oulio
1229 1981 1311 2034 posse
1329 1963 1471 2020 conveniri.
1501 1965 1554 2020 hoc
1565 1965 1604 2018 ita
1622 1965 1726 2020 demum
1736 1969 1821 2034 putat,
1839 1965 1863 2020 si
1874 1964 1936 2020 dum.

281 2033 334 2088 duo
351 2035 390 2088 rei
407 2031 504 2086 fuimus
516 2029 696 2102 promittendi,
716 2037 742 2086 et
754 2033 819 2086 mihi
836 2031 886 2088 soli
896 2037 1010 2086 testator
1027 2047 1089 2086 con·
1141 2037 1217 2088 taxat
1241 2033 1317 2102 quasi
1345 2033 1527 2088 fideiussorem
1554 2049 1615 2088 eum
1642 2035 1725 2090 voluit
1751 2039 1863 2088 testator
1883 2035 1937 2090 libe·

281 2101 381 2158 sultam
398 2101 489 2168 voluit,
506 2099 609 2170 agendo
627 2115 785 2172 consequar,
809 2117 863 2158 non
880 2107 911 2156 ut
927 2105 1040 2170 accepto
1057 2101 1089 2154 li·
1141 2101 1211 2158 nari:
1231 2105 1348 2156 ceterum
1366 2101 1389 2158 si
1406 2107 1434 2156 et
1450 2101 1527 2170 qnasi
1544 2107 1661 2172 patrem,
1685 2107 1713 2158 et
1730 2101 1762 2158 de
1779 2101 1881 2170 peculio
1898 2105 1937 2160 erit

281 2171 366 2238 berar,
389 2185 423 2226 ne
441 2169 521 2224 etiam
545 2185 657 2224 conrenr
682 2185 757 2224 meus
773 2171 903 2226 liberetur
924 2175 1020 2224 contre
1035 2175 1089 2224 tes-
1142 2169 1303 2226 liberandus.

281 2239 375 2298 tatoris
398 2239 572 2302 voluntatem,
602 2239 650 2294 sed
671 2245 751 2308 pacto
773 2239 917 2294 liberabor.
956 2237 1004 2294 sed
1028 2239 1090 2306 quid
1175 2233 1381 2296 elevaturos
1396 2237 1464 2292 libro
1481 2243 1559 2294 reato
1577 2239 1753 2308 epistolarum
1783 2239 1936 2294 Posteman·

281 2307 305 2362 si
326 2307 392 2362 socii
413 2305 531 2362 fuimus?
554 2305 705 2374 videamus,
731 2323 765 2362 ne
788 2323 838 2376 per
860 2305 1091 2378 acceptilationern
1142 2307 1302 2376 cipationem
1318 2323 1381 2362 vero
1398 2305 1446 2360 filii
1463 2311 1573 2362 eatenus
1590 2311 1668 2374 pater
1685 2305 1816 2362 actionem
1832 2307 1937 2376 habebit,

282 2377 392 2432 debeam
409 2375 532 2430 liberari:
550 2375 603 2430 alio
622 2377 675 2442 uin,
694 2375 784 2430 duma
802 2391 900 2432 conreo
911 2391 970 2432 meo
981 2375 1089 2446 petitur,
1142 2381 1273 2446 quatenus
1291 2375 1392 2446 aliquid
1416 2389 1449 2430 ex
1472 2375 1577 2444 peculio
1595 2381 1643 2428 aut
1658 2377 1686 2428 in
1707 2391 1763 2430 rem
1780 2391 1855 2430 rerso
1872 2393 1937 2446 prae-

282 2461 330 2514 ego
346 2443 487 2512 inquietor.
523 2449 549 2500 et
563 2393 816 2500 ιιιιιιιιιιιιιιιιιιο
829 2443 1090 2512 trigesimoseoundo
1141 2449 1261 2500 ιιιιιιιι
1277 2449 1333 2500 est:
1355 2443 1383 2500 id
1405 2443 1473 2500 enim
1490 2443 1638 2512 legatorum
1660 2443 1766 2500 nomine
1791 2443 1825 2498 ad
1847 2449 1937 2514 patron

281 2513 443 2582 digestorum
460 2511 575 2580 scripsit,
594 2511 616 2566 si
634 2511 739 2581 quidem
758 2513 825 2568 socii
837 2513 991 2580 nausimus,
1010 2517 1089 2582 pacto
1143 2519 1154 2568 t
1190 2513 1347 2584 pertinebit,
1370 2512 1442 2584 quod
1458 2513 1515 2566 eius
1532 2513 1661 2568 intererit.
1695 2513 1764 2566 Illud
1787 2513 1877 2582 quaeri
1899 2529 1936 2582 po-

281 2597 323 2636 me
350 2579 446 2636 debere
470 2581 593 2642 liberari,
619 2581 644 2636 si
669 2579 747 2646 socii,
778 2597 826 2650 per
851 2581 1089 2662 acceptilationem.
1141 2587 1203 2648 test,
1222 2599 1258 2636 an
1274 2597 1308 2638 ιι
1325 2581 1550 2650 qnoqueuomine
1562 2587 1686 2650 pateres
1700 2587 1858 2638 testamento
1872 2597 1937 2650 agero

282 2657 297 2702 4
332 2649 531 2718 Οιιιιιιιιιιιιι
548 2649 697 2718 quaeritur,
721 2665 756 2704 sn
773 2657 800 2704 et
816 2649 860 2705 ille
878 2665 966 2704 socrus
984 2665 1033 2720 pro
1051 2651 1089 2704 le·
1140 2651 1234 2720 possit,
1256 2655 1287 2704 ιιι
1304 2651 1384 2706 etiam
1400 2649 1470 2704 filius
1493 2651 1599 2704 actione
1621 2651 1758 2706 liberetur.
1793 2651 1937 2720 quibusdan

281 2719 384 2788 gatario
401 2719 546 2784 habeatur,
570 2717 647 2774 cuius
664 2733 760 2774 nomen
780 2719 808 2772 in
830 2725 987 2774 testamento
1006 2717 1089 2788 serip-
1140 2735 1173 2776 eo
1190 2735 1275 2788 usque
1292 2719 1398 2774 extendi
1415 2719 1548 2774 actionem
1564 2719 1702 2788 placebat,
1727 2719 1789 2788 quia
1805 2719 1890 2788 patris
1906 2719 1958 2772 in·¹

282 2797 338 2842 tom
348 2803 402 2842 uon
414 2791 462 2852 est,
481 2785 543 2842 licet
553 2787 721 2842 commodum
731 2803 765 2842 ex
776 2791 934 2842 testamento
944 2787 1090 2842 adnuunt·
1140 2795 1242 2844 teresse
1258 2787 1391 2852 rideatur,
1414 2787 1439 2844 si
1454 2787 1588 2858 peculium
1604 2785 1659 2842 filio
1676 2793 1738 2856 post
1760 2789 1936 2856 emancipatio·

282 2871 333 2924 que
350 2855 489 2926 pertineat,
507 2855 531 2910 si
548 2857 614 2912 socii
631 2861 702 2912 sunt.
737 2863 816 2912 otest
832 2873 923 2912 rerum
936 2873 991 2912 non
1004 2857 1090 2912 solum
1139 2873 1200 2912 uem
1219 2857 1402 2922 concessisset,
1419 2857 1549 2926 integrum
1560 2857 1622 2910 ius⁸
1639 2857 1695 2912 eius
1729 2871 1871 2912 ermenere.
1899 2873 1937 2926 ego

283 2941 350 2990 eum,
369 2925 444 2980 ouius
461 2941 558 2980 nomen
574 2925 603 2978 in
619 2929 778 2980 testamento
796 2925 924 2996 scriptum
946 2931 995 2992 est,
1018 2925 1089 2994 lega·
1141 2931 1234 2980 contra
1253 2925 1353 2982 sentio:
1376 2925 1460 2980 nihili
1482 2925 1624 2994 quicquam
1649 2873 1761 2996 ιιιιιιιιι
1785 2925 1855 2994 patri
1872 2941 1937 2994 prae·
1956 2967 1957 2970 ι

282 2993 378 3048 tarium
395 2993 559 3062 habendum,
581 3011 673 3048 verum
689 3009 751 3048 eum
768 3009 883 3076 quoque,
906 2993 951 3064 qui
971 2999 1090 3048 nonest
1140 2995 1265 3050 standum
1293 3011 1327 3050 ex
1361 2995 1489 3050 eiusmodi
1522 2995 1655 3064 scriptura
1689 2995 1841 3050 testamenti
1874 2999 1937 3064 puto,

282 3061 410 3130 scriptus,
432 3061 456 3118 ιι
477 3069 504 3118 et
527 3063 584 3118 eins
607 3063 831 3132 contemplatore
851 3061 973 3118 liberatio
996 3061 1090 3118 relicta
1141 3079 1220 3134 quam
1237 3069 1268 3118 ut
1284 3063 1350 3118 nihil
1367 3079 1401 3118 ex
1418 3079 1458 3130 eo,
1477 3063 1549 3134 quod
1560 3063 1848 3134 praestaturusheredi
1859 3063 1937 3128 fucrit,

282 3137 296 3184 ι
332 3137 410 3188 ιιιιι.
444 3131 557 3202 Utrique
567 3137 657 3186 autem
674 3133 795 3202 legatarii
805 3133 937 3186 habentur
954 3139 981 3186 et
998 3131 1089 3186 inhoc
1141 3139 1268 3204 praestet.

282 3217 355 3256 casu.
389 3215 452 3256 nem
470 3205 496 3256 et
512 3199 624 3270 siquod
646 3217 694 3268 ego
717 3199 801 3256 debeo
820 3201 901 3268 Titio,
925 3199 961 3256 sit
977 3199 1027 3256 eil
1061 3215 1089 3254 a·
1176 3197 1193 3258 7
1217 3199 1362 3256 Uarianos
1373 3199 1440 3258 libro
1452 3201 1575 3256 ιιιιιιιιι
1586 3201 1663 3256 tertio
1680 3199 1717 3256 cccl
1727 3199 1857 3258 Sabinam
1887 3199 1937 3256 Non

282 3275 339 3324 tum
356 3271 408 3324 mei
423 3269 517 3340 gratia,
536 3277 566 3324 ut
583 3285 631 3340 ego
650 3271 756 3334 liberer,
773 3285 850 3326 nemo
867 3285 909 3324 me
926 3267 1035 3340 negabit
1062 3283 1089 3324 e·
1125 3271 1227 3326 solum
1237 3277 1326 3326 autem
1337 3271 1409 3340 quod
1424 3271 1535 3326 debetur
1546 3271 1644 3326 remitti
1656 3275 1752 3340 potest,
1769 3269 1937 3324 verumetiam

282 3337 745 3488 ittiiittittiiitiitltt
760 3337 1089 3476 illegitimate
1140 3339 1338 3462 distiti
1353 3355 1421 3462 titt
1436 3337 1938 3478 liiiiii'iiltioiiiiliiliaili

283 3475 420 3532 creditoris
442 3475 507 3544 mei,
532 3481 582 3532 ets1
605 3475 731 3532 solvendo
757 3477 846 3532 fuero:
869 3479 998 3532 interesse
1020 3475 1089 3532 anim
1141 3477 1187 3548 qui
1203 3477 1377 3546 stipuletus¹⁰
1394 3475 1516 3532 Stichum
1539 3481 1587 3532 aut
1604 3475 1695 3532 decem
1718 3477 1881 3532 domaveris
1901 3479 1938 3532 be·

283 3543 421 3600 creditoris
439 3543 507 3600 duos
524 3559 585 3600 reos
602 3545 711 3598 habere.
1139 3547 1230 3602 rodem
1248 3545 1367 3600 Stichum
1384 3561 1439 3600 non
1455 3551 1554 3616 petere,
1580 3547 1698 3616 legatum
1720 3547 1808 3602 valere
1830 3551 1937 3602 constat:

315 3609 522 3670 terreorum
537 3613 604 3668 libro
621 3613 734 3684 septimo
752 3629 790 3666 err
805 3611 913 3666 Plautio
940 3611 1010 3680 Quid
1027 3627 1089 3680 ergo
1141 3615 1188 3670 sed
1211 3613 1274 3684 quid
1298 3613 1444 3682 contineat,
1472 3613 1617 3670 rideamus.
1658 3619 1685 3670 et
1706 3613 1825 3670 lulianus
1856 3615 1938 3670 scribit

283 3687 330 3748 est,
350 3697 411 3736 oum
428 3697 507 3750 agere
524 3681 638 3750 ιιιιιιιι4
656 3681 772 3736 creditor
789 3695 821 3734 ex
839 3681 1014 3736 testamento?
1036 3697 1090 3736 non
1140 3685 1272 3738 actionem
1291 3699 1325 3738 er
1341 3687 1498 3738 testamento
1509 3683 1539 3738 in
1550 3685 1602 3738 hoc
1619 3699 1678 3740 esse
1697 3683 1785 3750 videri,
1804 3689 1834 3736 ut
1845 3683 1938 3740 debitor

284 3751 361 3804 aliter
381 3751 459 3804 heres
482 3749 652 3804 condemnari
674 3749 792 3814 debebit,
821 3749 944 3818 quamsi
965 3755 1090 3804 careatur
1141 3757 1252 3820 accepto
1274 3751 1416 3808 liberetur:
1439 3769 1507 3820 quae
1530 3769 1573 3808 ιιι
1595 3753 1696 3822 utique
1711 3751 1938 3808 debitoremetiu
1963 3763 1964 3766 ’

284 3817 307 3874 ei
324 3817 451 3874 adversus
470 3817 614 3874 debitorem
632 3817 743 3874 defenso
760 3817 802 3872 ιιι.
843 3817 906 3872 item
926 3823 1021 3888 agente
1044 3819 1088 3872 de·
1140 3819 1232 3874 decem
1249 3819 1380 3888 liberabit,
1400 3821 1463 3890 qnia
1480 3821 1649 3892 acceptilatio
1666 3821 1792 3878 solutioni
1809 3837 1937 3892 compara-

282 3889 366 3942 bitore
383 3887 450 3942 nihil
467 3887 579 3958 amplius
596 3889 674 3944 heres
691 3891 829 3958 praestare
847 3887 936 3952 debet,
959 3901 1038 3958 quem
1060 3891 1090 3940 ut
1141 3897 1197 3952 tur,
1216 3895 1244 3944 et
1261 3889 1492 3958 quemadmodum,
1511 3891 1534 3946 ιι
1551 3889 1672 3946 Stichum
1691 3891 1824 3956 solvisset,
1844 3889 1938 3946 debitor

282 3973 342 4012 enm
361 3955 487 4012 adversus
505 3955 662 4012 creditorem
680 3955 813 4012 defendat.
1142 3961 1155 4012 ι
1182 3957 1350 4024 liberaretur,
1363 3959 1401 4012 ita
1410 3963 1437 4012 ct
1447 3959 1651 4028 acceptilatione
1661 3959 1744 4012 Stichi
1753 3959 1869 4014 liberari.
1895 3957 1938 4012 Sed

317 4023 334 4082 5
359 4023 503 4082 Uarianos
518 4025 584 4080 libro
602 4027 726 4080 vicesimo
746 4027 822 4078 tertio
845 4025 882 4078 od
898 4025 1026 4078 Sabinam
1061 4025 1090 4078 Si
1141 4027 1162 4082 si
1181 4027 1328 4082 debitorem
1346 4027 1437 4082 decem
1454 4027 1594 4082 damnatus
1616 4027 1652 4082 sit
1671 4027 1748 4082 heres
1769 4027 1860 4096 viginti
1881 4027 1937 4082 libe·

283 4093 340 4164 quis
357 4111 432 4148 reum
449 4093 547 4150 habeat
564 4099 591 4148 et
599 4091 783 4150 fideiussorem
800 4097 828 4146 et
844 4107 889 4148 reo
906 4093 1089 4148 liberationem
1140 4111 1209 4162 rere,
1227 4093 1298 4150 idem
1313 4093 1433 4150 lulianus
1451 4095 1505 4150 scri
1524 4097 1559 4150 sit
1574 4097 1641 4150 libro
1652 4095 1793 4164 *trigesimo
1810 4095 1889 4150 tertio
1905 4094 1936 4150 ni·
1958 4115 1959 4118 ¹

282 4165 358 4232 leget,
376 4163 495 4216 Iulianus
512 4161 610 4216 ibidem
628 4161 735 4230 scripsit
752 4177 828 4216 reum
843 4177 891 4228 per
908 4161 1088 4230 acceptilatio·
1140 4163 1194 4218 hilo
1211 4163 1299 4216 minus
1316 4179 1374 4218 esse
1391 4113 1557 4218 ιιιιιιιιιιιιιιι
1574 4163 1678 4218 decem:
1701 4179 1762 4216 nam
1784 4168 1811 4217 ιι
1827 4163 1851 4218 si
1867 4165 1892 4218 ei
1907 4161 1936 4216 ri·

282 4247 341 4286 nem
362 4231 542 4286 liberandum:
569 4231 686 4298 ahoquin
714 4231 738 4286 si
762 4229 945 4284 fideiussorem
972 4231 1089 4300 coeperit
1141 4237 1155 4286 3
1208 4231 1256 4284 'ti
1274 4237 1384 4300 accepto
1402 4231 1530 4296 ferantur,
1547 4231 1575 4286 in
1593 4231 1683 4286 decem
1695 4231 1859 4286 liberabitur.
1894 4227 1937 4286 Sed

283 4297 430 4364 convenire,
449 4299 621 4354 alienatione
639 4297 881 4354 rensconreuitnr.
915 4297 978 4366 quid
992 4303 1089 4364 tamem
1140 4299 1164 4354 ιι
1199 4301 1286 4354 ιιιιι
1303 4299 1444 4354 heredibus
1467 4301 1596 4354 institutis
1622 4299 1735 4354 alterum
1758 4315 1791 4354 ex
1812 4299 1854 4356 his
1873 4301 1937 4354 dan·

283 4369 306 4424 si
323 4367 475 4422 donationis
497 4381 578 4422 cause
602 4365 744 4420 fideiussor
771 4365 911 4420 intervenit
936 4367 1089 4422 nechabet
1140 4369 1243 4422 navent
1260 4367 1386 4424 creditori
1407 4369 1521 4434 solvere,
1544 4369 1614 4422 valet
1631 4369 1746 4438 legatum
1768 4375 1878 4438 propter
1900 4383 1936 4422 co-

283 4435 408 4490 advensus
426 4453 500 4490 reum
509 4435 675 4504 regressum?
692 4435 735 4490 vel
743 4435 807 4504 quid
818 4435 841 4490 si
858 4435 893 4488 ad
906 4433 1089 4490 fideiussorem
1139 4435 1263 4492 heredem
1280 4453 1392 4506 euntque
1410 4441 1610 4492 extestamento
1628 4443 1758 4502 acturum,
1777 4441 1807 4490 ut
1822 4431 1936 4492 creditori
1958 4463 1963 4510 χ

282 4503 396 4574 pecunia
436 4505 565 4558 errauerit
588 4509 614 4558 et
639 4503 713 4570 ipse⁵
734 4519 809 4558 reum
831 4501 931 4558 dederit
955 4501 1012 4558 rice
1039 4519 1089 4558 sua
1139 4511 1155 4558 4
1190 4505 1317 4558 solvatur.
1352 4505 1487 4560 Liberatio
1505 4509 1594 4560 autem
1611 4503 1726 4558 debitori
1742 4503 1828 4574 legata
1844 4505 1883 4558 ite
1900 4505 1961 4564 de]

282 4575 391 4642 ipseque
428 4573 584 4628 deiusserit‘?
606 4577 687 4640 pacto
709 4577 750 4626 est
767 4587 828 4626 reus
850 4571 1012 4626 liberandus.
1047 4577 1087 4624 at·
1139 4589 1211 4626 mum
1228 4573 1352 4628 effectum
1368 4571 1458 4638 habet,
1477 4573 1499 4626 si
1516 4589 1570 4628 nou
1589 4571 1670 4626 fuerit
1687 4579 1809 4626 exactum
1821 4571 1848 4626 id
1866 4589 1882 4626 a
1898 4573 1935 4626 dc-

260 4641 348 4710 ¹quin
374 4641 488 4696 solemus
519 4639 606 4694 dicere
631 4639 705 4708 pacti
734 4639 915 4710 exceptionem
938 4639 1089 4696 fideiussori
1139 4641 1238 4708 bitere,
1260 4641 1323 4696 dum
1338 4641 1410 4696 ιιιιι
1430 4645 1555 4696 ιιιιιιιιι
1579 4645 1696 4696 ceterum
1712 4639 1736 4696 si
1757 4645 1879 4694 exactum
1895 4645 1936 4702 est,

284 4707 405 4776 dandam,
425 4723 492 4776 quae
509 4723 555 4762 reo
574 4707 713 4776 competit:
738 4707 870 4762 sedeam
890 4707 942 4762 alia
963 4709 999 4762 sit
1014 4723 1089 4762 mens
1140 4717 1154 4762 ι
1190 4709 1323 4764 evanescit
1340 4709 1464 4778 legatum.
1498 4709 1576 4764 Unde
1597 4709 1701 4776 quaerit
1716 4707 1846 4774 Iulianus,
1871 4709 1894 4762 si
1909 4707 1936 4760 ab

283 4777 407 4846 legantis,
431 4777 501 4830 allai
521 4777 694 4858 paciscentis,
716 4791 883 4846 nequaquam
899 4777 951 4852 hoo
968 4777 1089 4832 dicimus.
1139 4777 1284 4846 impuberis
1302 4777 1446 4832 substituto
1464 4777 1498 4832 sit
1515 4777 1638 4832 liberatio
1655 4777 1762 4842 relicta,
1787 4777 1880 4830 deinde
1896 4777 1936 4828 im·
1960 4779 1964 4816 Τ

286 4850 295 4899 l
332 4843 411 4912 Quod
427 4845 450 4900 si
466 4843 615 4900 fideiussori
628 4843 663 4900 sit
680 4843 803 4900 liberatio
821 4847 915 4914 legata,
932 4843 1088 4912 sinednbio,
1139 4847 1224 4914 pubes
1242 4845 1358 4914 exegerit
1375 4843 1446 4912 quod
1463 4843 1587 4910 debetur,
1611 4861 1647 4898 an
1663 4849 1804 4900 evanescat
1820 4845 1935 4912 legatum.
1960 4889 1962 4918 3

283 4921 312 4966 ut
339 4921 367 4968 ιι
392 4913 511 4966 Iulianus
535 4911 653 4980 scripsit,
678 4917 759 4980 pacto
788 4913 838 4966 crit
862 4913 1002 4966 fideiussor
1022 4913 1088 4966 libe-
1139 4921 1166 4968 ιι
1184 4929 1245 4966 cunr
1262 4915 1366 4968 constet
1388 4913 1519 4982 pupillum
1541 4913 1569 4966 in
1590 4911 1647 4978 his,
1670 4927 1740 4980 quae
1762 4927 1779 4966 a
1800 4913 1936 4966 substituto
1960 4919 1962 4980 j

283 4981 391 5036 raudus.
430 4981 477 5036 sed
506 4987 533 5042 et
560 4981 603 5034 hic
632 4985 698 5050 puto
726 4981 858 5036 interdum
886 4981 1089 5050 acceptilatione
1139 4981 1338 5050 relinquuntur,
1367 4995 1509 5050 personam
1535 4981 1666 5034 sustinere
1691 4979 1749 5036 eius
1775 4995 1791 5034 a
1816 4997 1868 5050 quo
1894 4981 1936 5034 sub

282 5049 461 5114 liberandum,
485 5047 508 5104 si
530 5049 570 5104 rel
592 5063 654 5104 reus
671 5047 732 5120 ipse
756 5065 818 5104 rere
839 5047 890 5104 fnit
912 5055 960 5104 aut
980 5047 1008 5102 in
1029 5065 1089 5104 eam
1139 5047 1295 5104 condicione
1304 5047 1416 5118 legatur,
1426 5063 1590 5116 consequens
1601 5053 1644 5104 est
1655 5049 1828 5104 substitutum
1840 5049 1936 5104 actione
1961 5085 1963 5090 .

284 5123 297 5170 2
332 5135 388 5174 rem
417 5119 504 5172 socius
534 5133 605 5172 rens.
650 5115 723 5170 idem
752 5115 868 5172 Iulianus
899 5119 992 5172 eodem
1021 5116 1089 5172 libro
1139 5133 1173 5172 ex
1188 5121 1348 5172 testamento
1365 5117 1499 5182 teneri,si
1535 5117 1632 5184 opillus
1649 5131 1667 5170 a
1684 5115 1802 5172 debitore
1820 5133 1852 5172 ex
1885 5117 1936 5172 erit.
1962 5155 1964 5186 z

283 5185 404 5254 scripsit,
436 5185 460 5238 si
485 5185 555 5240 iilius
584 5185 699 5238 familias
728 5183 832 5240 debitor
857 5185 939 5240 fuerit
965 5189 993 5240 et
1019 5185 1089 5254 patri
1139 5191 1155 5240 o
1188 5183 1314 5254 Idemque
1331 5191 1409 5240 estet
1421 5185 1443 5238 si
1454 5201 1508 5254 pup
1539 5201 1570 5238 us
1580 5201 1635 5238 non
1646 5185 1769 5254 exegerit,
1784 5185 1831 5240 sed
1845 5201 1875 5238 so
1886 5203 1935 5238 uro·

283 5255 339 5308 eins
361 5251 442 5308 fuerit
465 5251 587 5308 liberatio
611 5251 718 5316 relicta,
744 5259 846 5320 patrem
872 5257 951 5322 pacto
972 5251 1087 5308 liberae·
1138 5253 1216 5308 modo
1234 5253 1308 5308 litent
1325 5253 1359 5308 ιιι
1376 5257 1556 5318 contestatam,
1580 5251 1665 5308 teneri
1681 5269 1755 5318 eum,
1775 5257 1806 5308 ut
1826 5255 1937 5308 remittat

283 5321 345 5374 dum
362 5335 429 5386 esse,
446 5337 480 5374 ιιι
497 5321 575 5374 etiam
591 5319 662 5374 filius
679 5319 816 5374 liberetur.
850 5329 876 5376 et
892 5321 975 5391 parvi,
995 5319 1087 5390 inquit,
1140 5327 1153 5372 ι
1189 5321 1330 5378 actionem.
1363 5319 1433 5374 Nam
1456 5325 1482 5374 et
1503 5321 1527 5374 si
1544 5321 1658 5376 debitori
1673 5321 1794 5378 liberatio
1811 5323 1862 5376 sub
1880 5337 1935 5378 con·

282 5389 378 5454 refert,
406 5391 429 5442 ιι
450 5389 486 5444 sit
508 5389 607 5458 aliquid
629 5389 657 5442 in
680 5389 783 5456 peculio
806 5389 847 5444 die
872 5389 953 5458 legati
979 5389 1089 5444 ιιιιιιιι
1139 5389 1243 5444 dicione
1259 5389 1347 5458 legata
1364 5387 1459 5446 ιιιιιιι
1473 5395 1503 5444 ιι
1518 5389 1560 5446 rel
1577 5389 1610 5444 lis
1627 5389 1722 5444 ιιιιιιι
1739 5395 1887 5444 ιιιιιιιιιι
1901 5389 1937 5446 ιιι
1964 5411 1965 5436 ι

283 5471 378 5510 uscue:
396 5457 566 5512 securitatem
582 5457 652 5512 enim
668 5461 746 5524 pater
762 5473 810 5524 per
827 5457 877 5512 hoc
893 5457 1008 5524 legatum
1025 5473 1089 5512 con·
1139 5457 1218 5512 etiam
1240 5463 1363 5512 exactum
1385 5455 1515 5526 pendente
1539 5457 1707 5524 condicione,
1730 5473 1763 5512 ex
1784 5463 1935 5514 testamento

284 5525 416 5594 aequitum
436 5525 559 5590 mammo,
582 5523 679 5594 inquit,
704 5539 765 5578 cum
785 5525 825 5578 rei
845 5523 1002 5578 iudicandae
1022 5529 1088 5578 tem·
1139 5523 1210 5580 aotio
1228 5531 1346 5580 maneret
1361 5525 1517 5580 liberatione
1534 5527 1663 5582 relicta¹¹.

284 5699 311 5758 (tl
329 5695 478 5760 sexagesimo
489 5695 602 5750 Ueianios
675 5699 708 5758 (rt
726 5695 762 5750 D.
772 5701 813 5764 39,
821 5709 843 5762 ι,
851 5709 906 5764 18,2
980 5699 1014 5758 (S)
1028 5711 1085 5764 poi·
1136 5697 1171 5762 (a)
1189 5695 1263 5762 nihil]
1272 5711 1372 5752 uterer.
1467 5701 1510 5762 (lt)
1530 5697 1690 5752 attrahat
1775 5701 1816 5766 (lli
1833 5701 1936 5770 perlecta

283 5765 362 5814 simF
434 5765 468 5828 (a)
486 5765 814 5832 eoeperitRob.Stepbnnos
890 5767 920 5830 (ι)
938 5765 1083 5832 ipse]isser.
1134 5783 1182 5818 ser.

285 5835 315 5894 (t)
333 5829 496 5896 larentinalia
505 5831 551 5882 det.
629 5835 661 5896 (t)
679 5839 789 5900 repetere
799 5837 854 5886 edd.
938 5833 972 5896 (ι)
990 5833 1030 5884 ius
1039 5833 1085 5886 dcl.
