4366 6258
280 357 422 424 XXXlll
446 361 504 422 ti
988 327 989 330 Ἴ
1078 345 1141 422 460
1514 373 1560 422 nn
1581 373 1644 422 usu
1664 375 1707 420 nr
1726 373 1788 424 usu
1810 373 1936 424 seuere

279 541 393 594 minibus
402 539 549 594 debitorum
557 533 778 594 bereditariorum
787 539 966 608 elegitidonea
977 535 1084 592 nomina
1135 543 1290 608 perpetuam
1318 537 1520 606 pensitationem
1546 537 1684 608 reliquisse
1715 541 1870 592 testatorem
1893 557 1939 610 pen

279 607 356 662 etin
379 623 485 662 causam
510 607 595 674 legati·
616 605 654 658 rei
678 607 801 684 publicae
824 607 997 672 adiudicarb,
1023 613 1085 674 post
1136 607 1345 676 quadriennium,
1362 621 1417 660 non
1432 605 1590 676 imprimam
1626 605 1817 662 uadriennium.

280 675 355 730 euius
373 675 529 730 senentiam
550 689 594 730 rea
611 673 721 742 pubboa
738 691 755 730 a
771 675 903 744 plerisque
925 673 1083 730 adiudicatis
1170 671 1209 730 25
1235 673 1343 728 henna
1357 675 1425 730 libro
1441 673 1596 742 secundari
1635 675 1836 728 ‘commissorum
1871 673 1937 730 Filio

280 743 330 796 sibi
347 741 474 812 pecunias
491 741 618 812 percepit.
653 743 802 810 quaesitum
815 747 862 808 est,
880 757 922 808 an,
941 743 1017 796 sires
1034 757 1083 810 pu·
1135 741 1257 808 familias,
1275 741 1365 812 quand
1380 743 1409 796 in
1424 745 1557 812 potestate
1572 743 1659 810 patris
1676 743 1719 808 sit,
1739 741 1767 796 in
1784 757 1869 796 anuos
1887 745 1938 798 sin-

279 811 350 864 bliea
367 809 567 864 condicionibus
585 815 743 866 testamento
761 811 901 878 adscriptis
918 815 1014 878 postea
1029 825 1083 864 non
1135 811 1211 878 gulos
1229 809 1299 864 dena
1315 809 1373 864 dari
1388 817 1510 880 possunt

279 877 407 946 paruerit,
429 877 546 946 legatum
568 877 603 930 ad
620 875 688 932 filios
711 879 822 934 heredes
845 877 984 946 pertineat.
1017 893 1082 950 *res-
1263 913 1266 916 -

279 943 374 1014 pendit
388 961 444 1000 rem
462 945 596 1012 publicam
606 945 736 1000 uoluntati
752 945 888 1000 testatoris
905 961 999 1012 parere
1013 961 1083 1000 com·

279 1011 428 1082 pellendam
439 1027 480 1078 ac,
497 1011 550 1066 nisi
560 1011 652 1080 faciat,
668 1015 750 1070 iubis
765 1012 869 1084 quidem
880 1015 997 1078 summis,
1016 1029 1083 1082 quae
1507 1013 1561 1078 11⁷,

280 1097 328 1150 per
345 1081 552 1134 numerationem
569 1081 793 1138 reluctationem
811 1081 912 1134 solutae
931 1087 1000 1144 sunt,
1025 1081 1084 1162 utili
1134 1115 1182 1164 DE
1200 1113 1267 1164 Usu
1291 1113 1336 1162 ΕΤ
1359 1113 1425 1164 USU
1446 1115 1580 1166 FRUOTU
1602 1115 1648 1164 ΕΤ
1671 1111 1797 1168 REDITU
1815 1113 1860 1162 ΕΤ
1882 1113 1936 1162 ΗΑ1

279 1147 437 1270 regentium
459 1147 569 1204 heredes
592 1147 770 1228 adiuvandam
794 1149 829 1204 ab
851 1147 892 1228 bis
914 1165 978 1204 vere
1001 1165 1083 1204 nomr-
1127 1181 1321 1232 ἸΒῙΤΔΉΟΝΕ
1352 1181 1397 1232 ΕΤ
1429 1183 1548 1234 OPERIS
1580 1183 1649 1234 PER
1679 1181 1843 1232 LEGATUM
1872 1181 1937 1232 VEL

280 1215 1020 1354 strant.rat..ttattttrrttstfnt
1036 1233 1084 1338 a:

281 1357 297 1404 t
329 1351 471 1416 bibendos,
494 1367 546 1420 quo
564 1351 652 1408 minua
674 1353 792 1408 debitum
814 1357 915 1420 petant.
955 1351 1084 1420 Largius¹
1173 1347 1328 1406 1Pnutus
1342 1349 1410 1404 libro
1427 1349 1505 1402 tertio
1522 1349 1559 1404 aa
1574 1347 1704 1404 Sabinum
1736 1347 1793 1402 Nec
1810 1363 1876 1402 usus
1892 1363 1938 1402 neo

282 1419 460 1486 Eurippianus
479 1419 614 1474 consultrit
635 1421 740 1476 alumno
759 1423 857 1474 cenam
874 1419 1014 1488 pecuniam
1036 1435 1084 1488 pa·
1135 1431 1202 1472 usus
1219 1415 1323 1472 fructus
1340 1417 1440 1470 itineris
1462 1421 1539 1470 notus
1560 1417 1621 1470 riae
1641 1417 1838 1486 aequaeduotns
1859 1417 1939 1484 legari

280 1493 386 1542 tronum
410 1491 567 1542 testamento
590 1489 693 1558 legasse
716 1489 799 1554 deque
823 1501 854 1540 ea
874 1503 903 1540 re
926 1493 1084 1542 testamento
1134 1489 1233 1552 potest,
1252 1485 1315 1554 quia
1332 1485 1444 1540 serutus
1462 1485 1596 1540 servitutis
1619 1499 1749 1540 essenon
1769 1489 1869 1554 potest:
1892 1499 1938 1538 nec

280 1555 318 1610 ita
336 1555 448 1608 caasser
468 1555 624 1624 ‘pecuniam
642 1571 720 1626 quam
738 1553 808 1608 'litio
826 1555 921 1610 liberto
939 1561 966 1610 et
980 1555 1085 1612 alumne
1136 1553 1188 1606 erit
1204 1551 1269 1606 utile
1280 1569 1313 1608 ex
1323 1553 1570 1618 senatusconsulto,
1588 1567 1639 1622 quo
1652 1557 1767 1618 caretur,
1780 1557 1810 1606 ut
1826 1551 1938 1606 omnium

281 1627 347 1678 ‘meo
364 1621 454 1692 legavi,
473 1639 531 1680 esse
548 1627 608 1680 volo
624 1621 840 1694 penesPublium
857 1623 1086 1690 Maeuummque
1154 1635 1206 1674 uae
1222 1619 1250 1674 in
1266 1621 1344 1676 benis
1367 1621 1422 1674 sint
1441 1635 1506 1676 usus
1528 1621 1634 1676 bucbrs
1655 1621 1737 1690 legari
1759 1621 1856 1690 possit,
1880 1621 1939 1688 quia

281 1691 324 1744 ‘ad
341 1707 440 1746 annum
456 1693 608 1748 acesinum
621 1691 741 1760 quietum
758 1691 852 1746 aetatis
863 1691 920 1744 eius
938 1705 1039 1762 proque
1054 1705 1086 1744 ee
1135 1687 1145 1742 i
1181 1703 1267 1756 neque
1283 1705 1317 1744 ex
1333 1687 1411 1742 bonis
1426 1705 1513 1756 neque
1530 1695 1605 1744 esua
1622 1689 1694 1744 bona
1710 1689 1753 1744 sit.
1787 1687 1834 1742 sed
1847 1689 1939 1744 incerti

281 1759 438 1840 ‘computari
454 1777 514 1814 cum
531 1777 563 1814 eo
581 1775 678 1814 usuras
713 1759 868 1814 uadreutes:
910 1765 1021 1812 uantum
1037 1773 1086 1812 au·
1136 1757 1275 1834 actioerit
1292 1771 1353 1810 eum
1370 1757 1474 1822 herede,
1497 1761 1528 1810 ut
1543 1757 1680 1824 legatario,
1698 1755 1823 1826 quamdiu
1839 1755 1938 1822 rixerb,

281 1831 342 1882 ‘mm
358 1843 386 1882 111
404 1833 537 1898 sumptum
554 1827 579 1882 ei
596 1775 765 1880 suberbum
782 1825 829 1894 ait,
847 1831 878 1880 tu
893 1775 973 1880 iuuit
989 1825 1085 1894 Macri,
1136 1823 1217 1902 eundi
1235 1825 1329 1894 agend
1347 1823 1461 1878 ducendi
1477 1823 1632 1878 faedatam
1649 1831 1765 1894 praestet
1781 1829 1829 1878 aut
1838 1839 1869 1878 ea
1886 1837 1939 1878 ser·

281 1901 351 1950 ‘curn
364 1895 452 1976 patris
465 1893 625 1950 affectumei
641 1899 780 1960 praestare
791 1893 896 1960 debeas,
914 1893 1086 1948 aestimabis.
1135 1895 1205 1946 utus
1224 1893 1402 1946 constituatur
1418 1891 1468 1946 sub
1486 1891 1538 1946 bae
1555 1893 1686 1960 caudore,
1703 1897 1742 1958 ut,
1760 1891 1782 1948 si
1800 1891 1940 1948 decesserit

281 1969 427 2033 quaestum
446 1969 492 2028 est
512 1979 546 2016 an
563 1961 673 2016 heredes
692 1977 708 2014 a
724 1961 819 2016 Publio
836 1963 939 2016 Maeuio
958 1961 1023 2016 satis
1040 1977 1086 2018 ec·
1135 1959 1278 2040 legatarius
1295 1961 1338 2014 rel
1355 1959 1441 2028 capite
1459 1959 1608 2014 deminutus
1627 1975 1659 2014 ex
1682 1975 1777 2030 magna
1800 1975 1883 2014 causa
1898 1957 1938 2014 iu-

281 2033 368 2100 cipere
384 2029 523 2086 debuerint
539 2029 671 2084 solventes
689 2045 747 2084 eam
758 2031 907 2098 pecuniam.
941 2029 1085 2098 respondit,
1137 2031 1194 2092 ent,
1211 2029 1375 2082 rmdtnntur.

280 2117 340 2154 cum
363 2103 521 2154 testamento
544 2097 618 2152 nulla
641 2095 784 2166 mgendae
810 2097 990 2154 satisdationis
1014 2113 1085 2152 com·
1170 2091 1391 2152 warmundus
1406 2095 1473 2150 libro
1497 2095 1610 2166 septime
1634 2095 1734 2152 decim
1757 2097 1940 2166 quaestionum

280 2167 451 2222 memoratio²
471 2167 532 2230 fiat,
561 2167 626 2220 satis
648 2167 774 2220 habuisse
799 2165 909 2220 heredes
941 2165 1086 2220 secundum
1136 2161 1256 2218 Hominis
1273 2173 1372 2232 operae
1388 2163 1491 2230 legatae
1508 2163 1602 2230 capitis
1624 2161 1803 2218 deminutione
1825 2163 1867 2218 rel
1889 2179 1938 2218 non

279 2235 441 2290 voluntatem
458 2233 577 2288 defuncti
594 2233 690 2288 Publio
708 2233 813 2288 Maeuio
836 2233 976 2302 pecuniam
994 2249 1085 2288 nume-
1136 2231 1235 2286 utendo
1259 2247 1314 2286 non
1337 2231 1500 2284 emittuntur.
1535 2235 1563 2284 et
1585 2231 1709 2302 quoniam
1724 2245 1758 2284 ex
1775 2231 1862 2302 operis
1875 2247 1939 2286 mer·

279 2319 354 2356 rnre:
380 2307 406 2358 et
430 2301 489 2356 ideo
513 2317 563 2356 nec
581 2301 668 2356 Titius
691 2301 810 2356 damnus
833 2303 876 2356 vel
895 2301 1005 2356 heredes
1029 2301 1086 2356 eius
1136 2299 1227 2354 cedem
1244 2299 1380 2370 percipere
1397 2299 1539 2368 legatarim
1556 2305 1655 2368 potest,
1679 2299 1757 2354 etiem
1775 2315 1869 2368 operas
1888 2299 1940 2356 eius

280 2371 366 2424 audiri
383 2371 496 2424 debeant
508 2371 633 2424 adversus
643 2369 754 2424 heredes
767 2371 872 2440 patroni
881 2377 996 2440 agentes,
1015 2369 1087 2440 quod
1136 2369 1193 2440 ipse
1209 2369 1299 2424 locare
1315 2369 1425 2438 poterit,
1448 2383 1514 2438 quas
1538 2369 1560 2422 si
1581 2367 1722 2438 probibeat
1753 2369 1830 2442 heres
1856 2371 1940 2436 cepit,

280 2439 345 2494 satis
362 2453 416 2492 non
433 2443 590 2506 exegerunt:
613 2453 647 2492 ex
669 2453 701 2490 ea
718 2437 785 2490 enim
808 2437 989 2494 numeratione
1007 2439 1087 2492 etiam
1136 2437 1278 2492 tenebitur.
1306 2437 1377 2490 idem
1394 2443 1435 2492 est
1452 2441 1479 2492 et
1496 2435 1519 2490 si
1530 2451 1623 2492 servus
1642 2451 1671 2492 sa
1680 2437 1815 2492 locaverit.
1843 2439 1941 2506 etquis

281 2521 297 2560 a
314 2505 384 2560 Titio
403 2521 435 2558 ac
452 2505 563 2572 proinde
581 2505 660 2560 etiam
677 2507 712 2560 ab
730 2505 871 2560 heredibus
890 2507 945 2560 eius
959 2507 1086 2560 liberatos
1135 2503 1280 2572 legatarius
1297 2503 1460 2560 fructuarius
1471 2521 1526 2560 non
1542 2509 1591 2570 est,
1610 2503 1645 2560 ad
1656 2503 1779 2560 heredem
1791 2521 1868 2560 suum
1880 2521 1940 2574 ope-

281 2587 338 2628 esse
361 2587 443 2642 supra
470 2573 582 2642 scriptos
608 2571 734 2638 heredes,
763 2573 814 2626 nisi
836 2575 937 2628 urente
958 2579 1087 2628 testatore
1136 2589 1230 2630 rarum,
1244 2573 1360 2640 legatum
1380 2571 1548 2626 transmittit:
1573 2573 1621 2628 sed
1643 2587 1719 2628 scrro
1740 2589 1793 2628 usu
1810 2579 1889 2642 capto
1906 2575 1940 2630 le-

279 2641 390 2694 Publius
412 2639 531 2696 Maevius
555 2641 680 2694 solvendo
706 2655 765 2694 esse
785 2641 904 2696 desierit:
929 2647 993 2696 tune
1019 2641 1086 2696 enim
1136 2647 1227 2710 gutum
1244 2641 1322 2710 perit.
1371 2689 1372 2692 ,

281 2713 294 2762 5
332 2707 419 2764 cautio
437 2709 471 2764 ab
489 2725 521 2764 eo
539 2707 669 2776 exigenda
686 2715 735 2764 est.
770 2707 849 2764 Peter
866 2707 933 2764 duos
950 2707 1019 2780 filios
1041 2725 1086 2764 ae-
1170 2705 1327 2766 3Pnunus
1342 2709 1410 2764 libro
1427 2709 1506 2764 tertio
1524 2707 1561 2764 ad
1578 2707 1707 2764 Sabinum
1740 2707 1860 2764 Hominis
1879 2725 1940 2778 quo-

281 2777 339 2848 quis
358 2793 390 2832 ex
406 2777 527 2846 partibus
543 2777 660 2832 instituit
675 2777 794 2842 heredes,
816 2777 942 2832 maiorem
959 2783 987 2830 et
1003 2777 1086 2832 mino-
1137 2791 1188 2848 que
1205 2775 1283 2832 liberi
1305 2791 1404 2848 operae
1424 2777 1508 2848 legari
1523 2783 1650 2848 possunt,
1672 2777 1741 2832 nont
1762 2777 1847 2834 locari
1871 2785 1897 2832 et
1916 2779 1941 2834 in

279 2861 344 2914 rem,
363 2845 408 2914 qui
425 2845 504 2900 etiam
520 2845 642 2914 impubes
660 2851 725 2910 erat,
744 2851 771 2900 et
787 2845 928 2914 inpartenr
946 2847 1002 2902 eius
1015 2851 1088 2900 certa
1137 2847 1172 2902 sti
1191 2845 1335 2902 manaem
1353 2845 1457 2902 deduci.
1720 2887 1724 2896 .

280 2913 389 2984 praedia
405 2913 512 2984 reliquit
529 2919 563 2978 et,
582 2929 643 2968 cum
660 2913 872 2984 quattuordecim
890 2929 974 2968 annos
995 2915 1086 2984 imple·
1169 2863 1360 2972 {Uestinus
1373 2915 1441 2970 libro
1459 2921 1552 2970 oetaeo
1576 2913 1677 2970 acerbo
1700 2913 1737 2968 ed
1753 2913 1882 2968 Sabinum
1916 2915 1941 2968 Si

280 2983 354 3048 verit,
373 2989 472 3036 certam
494 2983 635 3052 pecuniam
657 2983 681 3036 ei
701 2983 797 3052 legarit
818 2983 897 3036 idue
918 2981 1008 3036 fratris
1031 2981 1087 3036 eius
1136 2999 1203 3052 pure
1226 2983 1375 3052 proprietas
1398 2983 1487 3052 legata
1508 2983 1571 3050 erit,
1596 2995 1629 3036 ea
1649 2983 1684 3036 ad
1705 2983 1861 3052 legatarium
1883 2997 1941 3052 per·

280 3049 342 3174 lisdei
354 3051 491 3174 cemnssisit,
511 3067 527 3130 a
545 3051 683 3174 quodpetit
693 3051 723 3106 in
733 3053 801 3130 haec
818 3067 863 3172 sgr
882 3055 955 3172 ardfa
968 3055 1000 3172 {tie
1016 3055 1086 3172 pgff’
1136 3051 1235 3174 terrie}5
1251 3051 1370 3132 quamvis
1386 3049 1559 3174 fructuaria}
1568 3051 1645 3174 geres
1663 3051 1698 3106 ait
1713 3051 1859 3172 instituttsss.

281 3125 436 3244 etesiis
452 3121 972 3268 taiadiiffisiiffifofidb
987 3121 1088 3268 life?
1138 3117 1208 3268 ‘afa
1224 3121 1719 3260 ttttt²ttttttnnt²ttt
1733 3119 1942 3258 {iiitfiili

281 3261 338 3314 ‘uos
356 3259 579 3328 quattuordecnn:
599 3275 629 3312 eo
647 3259 760 3328 amplius
773 3255 975 3336 tributanfratrrs
989 3263 1087 3378 trudpro
1138 3273 1200 3326 quia
1226 3263 1254 3310 et
1276 3259 1437 3312 constitutus
1460 3273 1524 3312 usus
1550 3255 1656 3312 fructus
1681 3263 1766 3314 morte
1787 3257 1943 3314 intercidere

281 3331 372 3380 ‘censu
389 3325 445 3382 eiua
463 3325 605 3394 dependas,
624 3327 709 3382 denec
726 3327 798 3382 bona
814 3331 951 3380 restituas:
970 3331 1026 3380 eta
1061 3331 1088 3380 te
1137 3327 1214 3382 solet.

281 3393 389 3448 ‘reditus
407 3395 577 3462 praediorum
599 3395 705 3448 illorum
726 3393 890 3464 pertineant,
914 3391 1003 3464 quoad
1026 3409 1087 3462 per·
1172 3389 1380 3452 6Ponrrou1us
1394 3393 1463 3450 libro
1498 3395 1573 3448 uinta
1591 3393 1693 3450 decim
1711 3393 1888 3450 udSubioum
1918 3395 1943 3448 Si

281 3461 378 3516 ‘veniat
392 3461 477 3516 frater
497 3467 559 3518 tuns
578 3463 612 3518 ad
635 3479 720 3518 annos
737 3461 966 3532 quattuordecim'.
1006 3477 1087 3532 quae·
1137 3461 1331 3518 ususfructus
1354 3461 1419 3516 mihi
1439 3463 1468 3516 in
1508 3463 1625 3518 iennium
1649 3463 1838 3518 continuuma
1859 3469 1943 3518 morte

280 3531 360 3586 situm
377 3535 426 3594 est,
444 3529 570 3586 defuncte
587 3531 690 3586 maiore
706 3529 791 3586 fratre
807 3529 903 3586 herede
926 3529 977 3586 alio
994 3529 1087 3586 relicto
1136 3531 1275 3586 testatoris
1297 3530 1400 3598 legatus
1424 3531 1458 3586 sit
1481 3535 1579 3600 et-per
1601 3531 1725 3586 heredem
1747 3531 1863 3598 steterit,
1892 3547 1942 3600 quo

280 3603 369 3652 utrum
386 3599 471 3652 omnis
489 3599 609 3654 condeio
632 3598 796 3668 percipiendi
818 3599 918 3652 reditus
935 3597 1087 3664 fundorum,
1137 3599 1226 3654 minus
1244 3615 1304 3654 eum
1315 3599 1379 3654 mibi
1390 3599 1474 3666 daret,
1490 3601 1635 3670 praeterito
1647 3599 1752 3654 biennio
1763 3599 1845 3656 nihilo
1860 3599 1943 3654 minus

280 3667 459 3722 anniversaria
470 3671 621 3736 praestetur
635 3667 689 3722 alia
696 3669 714 3732 ³,
734 3683 801 3736 quae
815 3673 1000 3736 praestaturus
1009 3673 1086 3734 esset,
1137 3673 1245 3722 tenetur
1268 3667 1499 3738 (quemadmodum
1520 3673 1668 3734 teneretur,
1698 3667 1721 3722 si
1743 3685 1786 3724 res
1810 3667 1942 3736 legatam

280 3737 303 3790 si
319 3733 424 3802 viveret,
449 3733 537 3802 Seius,
563 3735 598 3790 ad
619 3735 744 3790 heredem
766 3735 821 3790 eius
842 3735 1027 3802 saisierunt,
1052 3751 1088 3790 an
1137 3751 1228 3790 rerum
1244 3743 1342 3790 natura
1359 3751 1418 3790 esse
1436 3737 1554 3802 desisset,
1573 3751 1652 3806 quam
1670 3737 1727 3818 quis
1746 3737 1866 3804 deberet,
1889 3755 1942 3792 mo-

280 3819 342 3858 vero
360 3803 387 3856 id
404 3819 481 3858 omne
498 3805 622 3874 protinus
641 3805 674 3860 ad
691 3804 822 3874 pupillum
839 3809 865 3858 et
881 3809 984 3860 tutores
1001 3809 1087 3860 bans·
1137 3809 1266 3874 ratnsque
1283 3811 1354 3860 esset
1369 3805 1398 3858 in
1414 3819 1446 3860 ea
1455 3805 1560 3872 danda),
1579 3811 1609 3858 ut
1625 3811 1680 3874 petr
1690 3805 1796 3874 quidem
1809 3807 1863 3860 iam
1880 3823 1942 3860 usus

280 3871 344 3928 ferri
361 3873 462 3928 debeat.
497 3873 648 3944 respondit:
668 3871 813 3928 secundum
827 3889 859 3928 ea
877 3889 945 3942 quae
955 3877 1087 3942 propone·
1136 3873 1242 3946 fructus
1260 3873 1306 3942 qni
1322 3872 1425 3942 legatus
1442 3873 1478 3928 sit
1494 3889 1548 3928 non
1564 3875 1658 3942 possit,
1677 3873 1739 3944 quia
1755 3875 1824 3928 alius
1839 3875 1942 3928 futuros

279 3947 372 3994 rentur
387 3941 546 4010 intellegitur
560 3947 675 3996 testator
696 3941 772 4010 quasi
789 3959 849 3996 cum
863 3947 953 3996 tutore
973 3941 1086 4006 locutus,
1137 3941 1173 3996 sit
1189 3955 1270 4010 quam
1304 3943 1333 3994 ni
1349 3943 1453 4010 legatus
1470 3941 1559 4006 fuerit,
1578 3943 1625 3996 sed
1640 3943 1788 3998 aestimatio
1801 3943 1857 3996 eius
1875 3943 1943 3998 bima

280 4015 310 4064 ut
326 4019 457 4078 tempore,
481 4027 533 4078 quo
554 4009 639 4066 tutela
655 4009 819 4064 aestimanda
836 4015 890 4076 est,
915 4011 996 4076 baec,
1037 4025 1088 4064 uae
1137 4009 1279 4064 dumtaxat
1287 3959 1419 4066 (facienda
1435 4009 1479 4064 sit.
1819 4059 1820 4062 ,

280 4093 329 4148 pro
353 4077 447 4132 annus
468 4077 602 4146 praestari
623 4077 745 4132 iussisset
765 4077 993 4148 percipiendisque
1060 4093 1087 4132 e·
1172 4073 1821 4134 ‘lUtrrnnuslibrooieesbnosextoadedictum
1842 4077 1943 4146 Operae

281 4147 380 4212 taust,
400 4145 537 4200 mentun:
563 4147 612 4200 sed
629 4163 689 4202 cum
706 4147 791 4202 maior
808 4147 892 4202 frater
908 4153 994 4204 morte
1010 4161 1086 4228 prae·
1136 4151 1296 4202 testamento
1313 4147 1422 4202 robetae
1439 4147 1547 4216 quaudo
1564 4147 1658 4200 cedere
1669 4145 1791 4210 debeant,
1808 4153 1899 4200 utrum
1913 4163 1943 4202 ex

281 4221 374 4270 ventus
397 4221 450 4278 est,
473 4215 574 4280 omnia,
600 4231 668 4284 quae
690 4215 784 4270 relicta
807 4221 881 4282 sunt,
903 4215 939 4270 ad
958 4213 1088 4296 pupillum
1136 4231 1190 4284 quo
1207 4213 1275 4284 petit
1293 4229 1338 4270 eas
1361 4213 1506 4282 legatarius
1527 4231 1563 4270 an
1585 4229 1618 4268 ex
1642 4231 1693 4284 que
1716 4213 1790 4268 edita
1811 4213 1942 4270 hereditas

280 4289 306 4338 et
323 4289 424 4338 tutores
449 4285 503 4336 eius
522 4281 662 4336 confestim
685 4289 747 4352 post
764 4291 875 4340 mortem
892 4283 984 4338 fratris
1000 4289 1087 4338 trans·
1136 4283 1195 4340 est?
1218 4287 1246 4336 et
1262 4283 1306 4338 cni
1343 4289 1434 4336 areant
1457 4283 1524 4348 dies,
1547 4283 1645 4354 quibus
1668 4297 1746 4352 aeger
1766 4297 1860 4336 servus
1878 4283 1943 4336 finit?

280 4351 340 4408 isse.
1137 4357 1164 4408 et
1181 4357 1248 4420 pute
1265 4367 1299 4406 es
1335 4351 1359 4406 'e
1380 4351 1515 4420 petitionis
1538 4365 1585 4406 eas
1608 4351 1715 4406 cedere:
1740 4365 1823 4420 quare
1846 4351 1944 4420 sipost

314 4417 354 4478 22
371 4421 507 4476 Aternus
532 4417 626 4474 liaeus
647 4419 716 4474 libro
738 4417 855 4490 remaclo
884 4417 1047 4500 clipeatorum
1070 4437 1088 4474 a
1136 4421 1234 4488 petitas
1252 4435 1331 4490 aeger
1348 4435 1407 4474 esse
1423 4423 1515 4474 servus
1532 4419 1657 4488 coeperit,
1675 4419 1801 4488 lutuno
1813 4419 1942 4486 peribunt.

282 4489 369 4544 Panto
387 4489 591 4560 epitomatorem
632 4485 725 4542 ‘Filiae
750 4503 825 4542 aneae
852 4493 1089 4558 quotienscumque
1172 4485 1305 4546 8ernn
1319 4487 1387 4544 libro
1406 4489 1483 4542 tertio
1507 4489 1540 4542 de
1558 4489 1656 4558 tepetis
1677 4489 1715 4542 ed
1736 4489 1850 4544 edietum
1862 4503 1943 4558 proe-

281 4557 368 4612 ‘ridua
392 4557 453 4622 erit,
476 4557 505 4612 ic
527 4571 613 4610 annos
636 4555 753 4624 singulos
776 4561 882 4612 cenum
909 4555 989 4612 heres
1003 4557 1087 4612 'meus
1138 4557 1206 4612 toris
1237 4555 1267 4610 Si
1285 4571 1351 4610 usus
1368 4555 1473 4610 bueus
1483 4555 1662 4624 mumeipibue
1673 4553 1775 4624 legatus
1788 4555 1847 4620 erit,
1866 4571 1942 4624 quae-

281 4627 374 4704 ‘dato'z
395 4625 539 4702 quaeritur,
558 4625 582 4704 si
596 4621 653 4678 tlte
668 4625 756 4702 atinus
774 4623 855 4678 annui
872 4623 997 4692 temperis
1007 4623 1087 4678 udus
1137 4623 1214 4702 nitur,
1233 4639 1371 4692 quousque
1388 4623 1417 4676 in
1436 4639 1467 4678 eo
1483 4639 1535 4678 usu
1551 4623 1749 4702 maturuerat
1766 4623 1831 4702 sint:
1850 4621 1944 4676 namsi

280 4693 382 4758 fuisset,
401 4693 528 4772 numqurd
543 4707 630 4746 manus
653 4707 677 4744 er
698 4699 806 4748 centum
827 4693 996 4748 deberentur.
1029 4707 1086 4748 res·
1138 4707 1196 4760 quis
1220 4705 1266 4746 eos
1288 4697 1419 4772 perpetuo
1441 4695 1546 4756 mean,
1567 4691 1641 4744 nulla
1662 4693 1763 4744 ubbtas
1787 4697 1837 4744 ent
1859 4691 1943 4744 nudae

280 4761 376 4884 potndtig
391 4761 441 4816 sibi
455 4761 547 4882 {ciliani
565 4759 671 4816 tametsi
689 4765 762 4816 totus
783 4777 869 4816 annus
887 4759 1004 4816 nondum
1021 4759 1086 4816 frab-
1136 4757 1943 4882 pregustatisserrbtperalasoedente⁹u21tfruet3ffiuntgg

281 4845 309 4884 se
376 4845 437 4884 men
473 4843 553 4882 cers.
1139 4843 1188 4882 cen
1218 4843 1369 4882 mannoso
1388 4843 1485 4882 servan
1503 4843 1533 4882 os
1548 4843 1683 4882 essecons
1766 4845 1794 4882 ιιι
1877 4843 1904 4882 rr

314 4871 546 4978 ⁸2⁹3Mnrec1sruns
572 4895 746 4974 libras-ecto
776 4897 970 4976 iustitutionem
1004 4895 1088 4976 'Cum
1137 4895 1306 4964 longissimus
1324 4901 1403 4976 esset..
1599 4963 1606 4976 .
1653 4939 1655 4942 .
1702 4845 1767 4974 ¹,q
1833 4963 1839 4974 .

279 4961 1088 5100 abbatissali.tttttttttttttttttttt
1137 4961 1944 5098 ..ttdtttttttltttttttttttttttttttta

280 5115 338 5156 esse
354 5101 494 5154 uerisimile
511 5103 666 5152 testatorem
685 5099 718 5152 de
734 5115 788 5152 uno
807 5113 876 5152 anno
893 5099 1017 5164 sanasse,
1040 5099 1087 5152 sed
1136 5099 1274 5164 relietum,
1297 5097 1360 5152 licet
1376 5113 1442 5152 usus
1460 5097 1563 5152 meus
1586 5095 1621 5152 ad
1643 5097 1798 5166 legatarium
1814 5113 1870 5152 non
1886 5113 1942 5166 per·

280 5169 347 5236 dep
396 5173 457 5224 ctuo
473 5167 570 5236 legato.
1136 5167 1246 5230 venerit
1264 5167 1341 5218 heres
1358 5171 1463 5232 tamen,
1485 5179 1567 5232 penes
1591 5179 1669 5234 quem
1689 5179 1755 5218 usus
1777 5165 1882 5220 fruotm
1904 5181 1942 5218 re·

312 5233 354 5292 24
387 5235 541 5290 nuntiare
569 5239 663 5290 octono
695 5233 889 5288 maritatarum
935 5233 1002 5286 Cum
1030 5239 1087 5286 erat
1136 5239 1234 5298 manet
1259 5233 1491 5288 fideicommissum
1511 5237 1642 5300 praestat.
1682 5233 1753 5300 quod
1769 5239 1797 5288 et
1811 5233 1841 5286 in
1858 5233 1943 5288 militis

280 5311 353 5356 certa
368 5303 492 5374 pecunia,
510 5301 538 5356 id
555 5305 597 5356 est
614 5307 729 5364 centum,
747 5301 786 5356 rei
803 5301 926 5370 publicae
944 5299 1086 5356 Sardiano-
1136 5307 1297 5356 testamento
1314 5301 1365 5356 erit
1382 5299 1530 5366 dicendum,
1549 5301 1573 5356 si
1588 5301 1745 5370 legatarius,
1768 5317 1785 5356 a
1802 5317 1855 5370 quo
1872 5301 1942 5356 fidei·

279 5387 337 5424 rum
353 5371 447 5426 relicta
463 5387 512 5440 per
529 5369 731 5438 quadriennium
746 5371 896 5424 certaminis
913 5369 1086 5438 chrysanthi·
1137 5369 1305 5424 commissum
1323 5369 1445 5424 relictum
1457 5373 1505 5434 eat,
1522 5369 1701 5438 repudiaverit
1710 5369 1825 5438 legatum
1838 5371 1880 5424 vel
1889 5371 1943 5426 vivo

280 5439 323 5496 aui
330 5439 349 5500 ⁶,
371 5439 423 5492 divi
441 5437 553 5496 Seruus
577 5443 604 5492 et
620 5437 773 5492 Antoninus
794 5437 990 5506 rescripserunt
1004 5437 1086 5492 rideri
1136 5443 1266 5494 testatore
1283 5437 1434 5492 decesserit.
1729 5453 1730 5458 ¹

279 5611 308 5668 (r)
326 5603 432 5682 Larcius
440 5623 485 5656 scr.
569 5609 600 5722 (ἓ)
619 5607 816 5660 commemoratis
827 5609 853 5658 F
923 5609 954 5672 (a)
974 5611 1002 5656 ut
1012 5607 1083 5688 anni·
1169 5609 1202 5672 (t)
1221 5607 1533 5670 Sab.t.3...12.3u.tt.ta;
1548 5609 1598 5660 Ed.
1604 5619 1689 5664 ra...1o.
1698 5621 1793 5672 18...23;
1809 5613 1874 5680 Pap.
1883 5623 1903 5664 2.
1913 5623 1942 5690 1⁷:

279 5677 1086 5872 amq¹⁹eqiiiiiiiiiigiififfftgisaltgfiniififdf
1135 5677 1782 5808 32:5²²³iis³⁹tuiiftiit³i⁴⁰³³”Bffi'ffl
1839 5683 1873 5746 ‘⁸³
1892 5681 1941 5732 a...

273 5825 290 5856 o
331 5823 451 5858 inussisse
471 5827 517 5858 scr.
598 5821 611 5860 t
650 5813 752 5878 *maan
781 5813 819 5860 mi
851 5833 863 5862 e
890 5831 948 5862 eous
