4366 6258
253 375 254 378 ’
286 355 414 424 XXXII
1078 339 1141 422 456
1384 353 1430 418 ιι
1451 367 1592 420 cesaris
1612 371 1655 418 nr
1675 369 1938 422 rmmcemnssrs

959 447 1264 472 -·----—·-·-=··-

286 543 420 606 machina,
437 557 501 596 rasa
516 541 631 606 ιιιιιιι,
653 539 738 594 idest
755 553 857 610 cuppae
875 537 1000 604 etdelia,
1022 553 1089 608 quae
1136 539 1210 594 tiene
1227 545 1350 604 onerare,
1375 537 1422 594 sed
1444 539 1546 608 aliquos
1568 553 1602 592 ex
1617 539 1674 604 his,
1697 535 1850 592 nominatim
1867 537 1936 594 dnm-

286 611 315 664 in
337 609 403 664 celia
425 607 512 664 defixa
533 613 610 674 sunt,
638 607 701 662 item
726 609 850 676 maaria
877 607 964 676 legata
992 613 1088 664 essent.
1137 623 1203 662 nare
1220 607 1305 664 debet.

286 693 383 798 {ibi
402 675 1088 814 'laticibdsPiladlbliibibiisiiii
1138 671 1212 798 aii
1230 675 1938 812 sstitttsttttttrttttrtttttrr

286 811 384 866 tionem
449 811 511 866 dum
527 811 625 880 legarit
641 817 669 864 et
686 813 719 868 ab
737 829 768 868 ee
785 811 823 866 ita
839 811 918 880 petit:
942 815 1026 880 pete,
1049 811 1090 866 uti
1138 811 1284 876 conloco,
1307 811 1354 866 sed
1371 817 1606 880 opereseparant,
1629 817 1673 876 ut,
1696 811 1759 866 licet
1780 811 1808 864 in
1845 813 1937 868 raediis

287 879 357 934 ‘uelis
381 879 536 958 coheredem
558 877 607 930 tibi
623 879 742 958 recipere
758 879 790 958 in·
802 877 883 934 funde
900 877 1003 958 Ipliane
1020 895 1088 946 mee,
1137 879 1245 958 rusticis
1267 881 1334 944 sint,
1359 883 1448 958 ιιιιιι
1471 877 1494 934 si
1517 893 1591 948 opus
1605 881 1734 934 rusticum
1757 827 1937 946 ruriaciam,

287 951 372 1020 ‘quem
395 947 507 1016 amphus
536 951 563 1000 ιι
585 961 705 1016 recupere
726 949 818 1012 iussit,
847 945 967 1000 Clodium
989 947 1088 1000 Verum
1137 947 1234 1000 urbam
1245 947 1392 1002 euentura
1419 945 1558 1000 dicendum
1570 949 1683 1000 autent
1699 953 1746 1012 est,
1764 945 1836 1016 quod
1847 949 1938 1004 urbani

287 1019 417 1082 ‘nepotem
432 1029 531 1078 meum,
555 1019 697 1082 cognatum
713 1015 806 1068 tuum’.
836 1029 951 1084 quaero,
974 1031 1009 1068 an
1025 1031 1088 1084 pars
1137 1013 1304 1084 intellegendi
1320 1021 1396 1078 sunt,
1420 1029 1486 1084 quos
1508 1021 1584 1084 pater
1607 1015 1719 1068 familias
1740 1015 1808 1068 inter
1824 1015 1938 1072 urbanos

285 1081 361 1136 fimdi
381 1095 513 1140 cucuma
529 1079 725 1138 fideicommissi
742 1081 832 1150 nepoti
848 1081 998 1136 deberetur.
1031 1099 1087 1138 res·
1138 1081 1313 1138 adnumerare
1327 1083 1420 1136 solitus
1435 1083 1482 1136 sit:
1500 1083 1572 1150 quod
1585 1083 1698 1136 maxime
1712 1081 1852 1136 exlibellis
1865 1081 1938 1136 fami-

284 1147 383 1216 pendit
395 1149 493 1202 deberi.
1140 1153 1152 1204 1
1188 1150 1255 1216 liae,
1275 1151 1340 1204 item
1356 1149 1461 1204 cibariis
1480 1149 1639 1216 deprehendi
1655 1151 1761 1218 peterit.
1795 1149 1938 1208 venatores

319 1213 360 1272 94
382 1215 498 1270 Vaccus
520 1215 588 1270 libre
610 1217 725 1272 sccuado
746 1215 1009 1286 fideicommissorum
1052 1217 1088 1280 Is,
1139 1221 1166 1270 et
1189 1231 1306 1286 aucupes
1329 1221 1418 1270 utrum
1439 1217 1468 1270 iu
1489 1219 1599 1272 urbanis
1622 1233 1657 1270 an
1679 1219 1707 1270 in
1729 1217 1834 1272 rusticis
1858 1219 1938 1272 eonti-

285 1285 330 1402 pui
347 1283 495 1352 complures
512 1283 621 1340 libertos
638 1283 811 1352 relinquebat,
828 1285 913 1336 tribus
927 1299 961 1336 ex
972 1285 1014 1338 bis
1027 1283 1088 1336 fun·
1137 1291 1260 1350 ιιιιιιιι,
1277 1289 1366 1354 petest
1379 1285 1509 1338 dubitari:
1527 1285 1574 1338 sed
1589 1285 1727 1338 dicendum
1741 1291 1788 1348 est,
1807 1285 1853 1338 ubi
1866 1291 1939 1354 pater

304 1367 348 1402 um
364 1351 495 1418 legaverat
512 1357 539 1404 et
555 1353 675 1420 petierat,
694 1357 724 1406 ut
741 1355 872 1414 curarent,
890 1367 924 1406 ne
938 1351 971 1406 de
983 1351 1089 1406 nomine
1137 1351 1251 1406 familias
1268 1357 1418 1408 moraretur
1434 1357 1461 1406 ιι
1478 1351 1527 1406 ιιι
1544 1351 1632 1405 alebat
1639 1353 1658 1416 ⁷,
1681 1353 1718 1406 ibi
1739 1367 1782 1406 ees
1800 1353 1938 1408 numerari.

286 1433 334 1472 sue
352 1417 444 1472 exiret.
478 1419 669 1486 quaerebatur,
692 1417 831 1474 extribus
853 1417 1015 1498 quiprimus
1032 1435 1088 1472 me·
1138 1423 1154 1472 2
1189 1421 1320 1474 Mulieres
1344 1419 1377 1474 de
1399 1419 1502 1474 urbano
1526 1419 1671 1474 ministerio
1695 1425 1770 1484 sunt,
1793 1421 1845 1474 nisi
1861 1435 1938 1488 prep-

285 1487 403 1540 riebatur
419 1493 508 1540 atrum
525 1487 630 1556 utrique
647 1485 689 1540 rel
705 1485 782 1540 alteri
797 1501 831 1540 ex
847 1485 903 1552 hrs,
927 1485 973 1554 qui
995 1485 1045 1540 sibi
1061 1487 1089 1540 ιι
1137 1491 1180 1540 ιιι
1208 1503 1275 1556 opus
1304 1493 1419 1540 rurestre
1442 1491 1556 1540 testator
1580 1501 1625 1540 ees
1649 1487 1794 1540 destinates
1817 1487 1938 1542 habebat.

285 1553 372 1620 legate
390 1553 524 1608 coniuncti
541 1561 643 1618 essent,
666 1555 734 1606 relin
751 1567 815 1606 aere
830 1559 933 1620 partem
950 1569 1026 1608 suam
1043 1553 1088 1606 de-
1139 1557 1154 1606 3
1188 1555 1273 1620 Eum,
1298 1555 1442 1624 quinctus
1466 1559 1506 1608 est
1523 1569 1555 1608 cx
1572 1555 1668 1608 ancilla
1684 1555 1786 1608 urbana
1804 1559 1830 1608 ιι
1847 1555 1939 1612 missus

285 1621 373 1684 beret,
397 1637 432 1674 an
454 1621 540 1690 possit
561 1621 603 1676 vel
626 1621 671 1676 alii
694 1637 724 1674 eo
755 1621 838 1674 'berte
862 1635 910 1676 suo
934 1635 993 1676 eam
1010 1621 1088 1674 relin-
1137 1621 1166 1674 in
1182 1621 1270 1674 uillam
1287 1621 1455 1688 nutriendus,
1478 1621 1583 1676 interim
1599 1621 1627 1674 in
1644 1621 1743 1676 neutris
1761 1637 1819 1676 esse
1836 1623 1938 1690 quidam

286 1703 374 1756 quere.
408 1689 521 1758 placuit,
545 1689 596 1744 etsi
617 1687 760 1742 veluntatis
780 1687 898 1756 quaestio
916 1693 1000 1756 esset,
1024 1689 1088 1742 satis
1138 1693 1248 1756 putant:
1277 1687 1425 1750 rideamus,
1448 1703 1482 1742 ne
1504 1689 1532 1742 im
1555 1689 1663 1742 urbanis
1687 1705 1745 1742 esse
1766 1689 1938 1756 intellegatur,

285 1755 357 1810 illum
380 1755 513 1810 facturum
536 1761 563 1810 et
584 1755 608 1810 si
629 1755 674 1810 alii
695 1753 852 1822 reliquisset.
888 1753 958 1824 qued
980 1755 1004 1810 si
1024 1755 1089 1810 nulli
1138 1761 1155 1810 4
1189 1755 1261 1836 quod
1282 1757 1364 1822 magis
1384 1757 1485 1834 placet.
1526 1757 1612 1810 Servis
1638 1757 1777 1810 lecticariis
1803 1757 1896 1824 legatis
1919 1761 1940 1812 si

286 1823 414 1890 dedisset,
444 1823 601 1894 occupantis
629 1837 664 1876 an
686 1823 801 1876 emnium
829 1823 1034 1878 conlibertorum
1062 1827 1090 1878 et
1139 1829 1155 1876 t
1190 1823 1259 1878 rdem
1275 1823 1424 1878 lecticarius
1442 1825 1477 1876 sit
1493 1829 1520 1876 et
1537 1837 1631 1888 cocus,
1656 1823 1764 1878 accedet
1784 1825 1879 1892 legato.
1915 1825 1940 1880 Si

285 1909 348 1946 num
370 1909 461 1948 cerum
483 1899 602 1956 tantum,
632 1891 726 1960 quibus
749 1891 849 1960 pariter
871 1891 988 1960 legatum
1010 1897 1089 1956 esset,
1139 1891 1184 1944 alii
1205 1905 1316 1956 vernae,
1340 1891 1384 1946 alii
1406 1907 1529 1946 cursores
1550 1891 1631 1960 legati
1653 1897 1728 1956 sunt,
1751 1891 1774 1946 si
1791 1891 1899 1960 quidam
1917 1903 1941 1948 et

285 1959 376 2030 petitio
393 1957 588 2016 fideicommissi
605 1963 690 2026 esset,
714 1957 894 2014 dubitabatur.
927 1965 956 2014 et
971 1957 1089 2014 lulianus
1138 1961 1254 2014 ιιιίιι8
1271 1965 1298 2014 ιι
1315 1975 1435 2014 cursores
1454 1959 1518 2026 siet,
1540 1959 1692 2014 cursoribus
1710 1959 1816 2014 cedent:
1841 1975 1941 2028 semper

285 2035 357 2084 recte
374 2029 495 2084 omnibns
513 2027 609 2082 debere
626 2029 737 2098 putarit.
1139 2027 1209 2080 enim
1231 2027 1332 2096 species
1355 2027 1445 2096 generi
1467 2027 1582 2094 derogat.
1623 2029 1647 2080 si
1673 2027 1701 2080 in
1730 2029 1817 2106 specie
1842 2033 1890 2080 aut
1915 2029 1940 2082 in

318 2093 357 2152 95
384 2095 559 2150 Macerinus
585 2095 653 2150 libro
682 2095 799 2150 secundo
825 2095 1089 2164 fideicommissorum
1137 2109 1234 2164 genere
1251 2095 1356 2164 utrique
1373 2095 1433 2158 sint,
1450 2095 1605 2164 plerumque
1623 2095 1899 2168 commumcabuntur.

285 2163 417 2232 &braquis
434 2163 499 2216 mihi
515 2163 592 2222 heres
611 2163 674 2228 ιιιι,
695 2163 804 2218 damnas
821 2167 879 2218 esto
897 2163 960 2218 dure
976 2161 1090 2230 fideique
1176 2161 1235 2220 100
1259 2161 1427 2218 laborares
1451 2163 1519 2218 libre
1547 2161 1665 2218 sceuodo
1693 2179 1729 2218 cer
1746 2165 1941 2232 posterioribus

285 2233 350 2286 ‘eius
374 2231 524 2296 committe,
547 2231 588 2284 uti
610 2231 669 2296 det,
693 2237 806 2300 quantas
822 2245 938 2286 summas
956 2231 1089 2284 dictavere
1139 2227 1272 2284 labeonis
1312 2231 1404 2284 ‘Heres
1434 2245 1509 2284 meus
1538 2229 1649 2284 damnas
1678 2237 1734 2286 estc
1762 2229 1847 2284 Lucio
1874 2229 1940 2284 Titio

285 2299 408 2354 ‘dedero'.
435 2299 527 2354 Aristo
543 2315 588 2354 res
606 2315 710 2368 quoque
728 2299 879 2368 corporales
898 2299 1028 2354 contineri
1043 2299 1089 2364 ait,
1140 2299 1269 2352 ‘Stichum
1286 2313 1389 2354 serrum
1406 2313 1493 2352 meum
1509 2295 1628 2352 reddere'
1647 2299 1688 2352 rel
1708 2299 1760 2352 ita:
1784 2299 1866 2352 ‘illum
1889 2313 1940 2350 ser·

284 2375 314 2422 ut
337 2367 447 2436 praedia
466 2367 599 2436 mancipia
614 2371 713 2422 vestem
730 2371 881 2434 argeutum,
905 2367 968 2434 quia
990 2371 1017 2422 et
1038 2367 1089 2422 hoc
1140 2371 1210 2422 ‘vum
1226 2381 1313 2422 meum
1328 2367 1367 2420 illi
1383 2365 1504 2422 reddito'.
1540 2365 1685 2420 Cascellius
1703 2365 1741 2420 ait
1757 2365 1847 2420 deberi
1859 2381 1941 2434 aeque

284 2437 393 2490 verbum
411 2437 540 2504 ‘quantas’
557 2449 613 2488 nen
630 2433 665 2488 ad
681 2441 844 2488 numeratam
859 2435 996 2490 dumtaxat
1008 2451 1090 2504 pecu·
1138 2435 1167 2488 id
1183 2435 1275 2490 Labeo
1293 2435 1437 2514 improbat,
1460 2435 1523 2504 quia
1539 2435 1585 2504 qui
1601 2433 1711 2488 reddere
1727 2435 1845 2500 iubetur,
1868 2435 1941 2488 simul

284 2503 354 2556 niam
376 2501 471 2556 referri
492 2517 527 2554 ex
548 2501 619 2556 detis
641 2503 801 2570 relegatione
827 2507 854 2554 et
876 2503 1090 2594 stipulationibus
1142 2509 1152 2556 1
1190 2507 1217 2556 et
1241 2503 1305 2570 dare
1326 2503 1442 2556 iubetur.
1481 2503 1559 2556 Duae
1580 2509 1685 2556 statuae
1705 2517 1868 2558 marmoreae
1889 2503 1940 2556 cui-

284 2575 387 2638 emptae
412 2569 566 2624 hereditatis
593 2575 706 2638 apparet
731 2575 759 2624 et
785 2573 910 2624 ‘summac
947 2569 1089 2638 appellatio
1139 2569 1201 2622 dam
1223 2571 1391 2636 nominatim,
1414 2569 1477 2624 item
1499 2585 1577 2626 omne
1600 2585 1715 2626 marmor
1737 2575 1794 2624 erat
1815 2569 1941 2638 legatum:

285 2635 404 2692 similiter
426 2637 513 2706 accipi
533 2636 657 2704 deberet,
681 2643 711 2692 ut
731 2637 760 2692 in
782 2637 823 2692 his
843 2639 1005 2706 argumentis
1022 2653 1090 2706 quae
1139 2637 1240 2692 nullam
1261 2643 1377 2692 statuam
1400 2653 1573 2694 marmoream
1594 2643 1701 2706 praeter
1717 2637 1783 2692 duas
1802 2637 1941 2692 Cascellius

284 2705 368 2760 relata
390 2711 479 2760 essent
501 2705 657 2760 ostenditur.
698 2707 858 2758 veluntatem
883 2711 1022 2786 practerea
1043 2705 1089 2760 de·
1138 2711 1218 2776 putat
1238 2705 1341 2760 deberi:
1366 2705 1458 2760 Ofilius
1476 2707 1617 2760 Trebatius
1636 2711 1737 2760 eontra.
1770 2705 1862 2762 Labeo
1881 2707 1941 2760 Oas-

229 2785 230 2788 ’
284 2773 384 2836 functi,
413 2789 482 2840 quae
508 2773 621 2828 maxime
647 2773 675 2826 in
697 2771 906 2830 fideicommissis
929 2773 1090 2840 valeret,ei
1139 2773 1209 2828 cellii
1226 2773 1383 2828 sententiam
1399 2775 1505 2842 probat,
1523 2773 1695 2842 quedrerum
1709 2781 1782 2842 pute,
1802 2775 1864 2842 quia
1879 2775 1941 2828 duas

284 2839 429 2896 sententiae
446 2839 600 2908 suffragari:
625 2857 710 2908 neque
733 2841 802 2896 enim
824 2847 888 2910 pest
910 2857 967 2896 eam
983 2841 1089 2910 praefa-
1139 2845 1244 2896 statuas
1265 2841 1379 2910 legando
1401 2847 1491 2910 potest
1512 2841 1596 2896 videri
1617 2857 1672 2896 nen
1695 2843 1855 2910 putassem
1876 2859 1940 2896 mar-

284 2909 381 2964 tionem
404 2907 569 2964 adiecturum
592 2915 746 2964 testatorem
768 2909 851 2964 iuuisse
867 2925 910 2964 res
929 2911 1089 2980 corporales,
1139 2913 1155 2962 2
1190 2925 1263 2964 mere
1274 2925 1304 2964 se
1315 2915 1418 2964 statuas
1430 2911 1526 2978 legare.
1557 2909 1649 2964 ‘Uxori
1660 2915 1851 2974 ιιιιιιιιιιιι,
1869 2927 1940 2964 mnn-

299 2977 305 2990 .
567 2977 573 2990 .
935 2977 941 2990 .
1017 2977 1023 2990 .
1139 2983 1147 3008 ,
1286 2977 1292 2990 .
1645 2977 1650 2990 .

284 2977 1088 3124 Βξιιιιιιιιιιιιιιιιιιιιι·
1139 2977 1941 3114 carrariam

283 3119 336 3170 trus
360 3129 393 3168 cx
416 3121 493 3184 parte
515 3115 593 3170 heres
616 3121 724 3184 rogatus
746 3115 781 3170 sit
797 3115 900 3170 Maesio
917 3115 1089 3170 hereditatem
1140 3065 1224 3184 ‘ieget
1251 3115 1392 3170 Trebatius
1409 3115 1477 3170 haec
1490 3063 1555 3170 veri

283 3181 423 3238 restituere
446 3189 473 3238 ιι
494 3199 588 3238 rursus
613 3183 684 3238 Titie
711 3183 821 3238 coheres
843 3183 900 3238 eius
923 3187 1032 3252 regatus
1055 3183 1090 3238 sit
1139 3187 1325 3252 ‘paratumque
1343 3183 1400 3250 cst’,
1424 3183 1458 3238 ad
1481 3199 1576 3238 aurum
1599 3189 1626 3238 ιι
1648 3191 1785 3252 argentum
1808 3183 1941 3238 dumtaxat

283 3257 386 3320 partem
404 3267 478 3306 suam
495 3259 543 3306 aut
559 3253 645 3322 partis
665 3259 769 3322 partem
788 3253 942 3318 restituere,
964 3267 999 3304 an
1019 3253 1089 3306 hanc
1138 3253 1233 3306 referri
1248 3257 1335 3322 putat,
1353 3251 1483 3306 Proculus
1500 3251 1536 3306 ud
1553 3253 1648 3316 emnia,
1667 3253 1738 3320 quod
1752 3259 1779 3304 et
1793 3267 1882 3306 rerum
1896 3257 1940 3306 est.

284 3335 388 3388 quoque
410 3325 527 3388 partem,
551 3335 632 3390 quam
654 3337 671 3374 a
694 3319 822 3376 coherede
839 3337 872 3376 ex
887 3319 1089 3376 fideicommisso
1139 3325 1155 3374 3
1190 3319 1240 3376 Oui
1257 3319 1394 3376 Corinthia
1410 3335 1475 3374 vasa
1489 3319 1578 3388 legata
1594 3327 1695 3386 essent,
1720 3319 1857 3388 ἐσβάσειςι
1880 3337 1941 3388 quo·

1554 3131 1571 3168 a
1586 3115 1668 3184 ‘quod
1683 3115 1738 3170 eius
1753 3129 1834 3170 causa
1845 3115 1941 3170 factam

283 3387 385 3456 recipit,
404 3389 489 3444 Titius
506 3391 648 3444 restituere
664 3389 768 3442 Maeuio
786 3387 889 3452 debeat,
911 3387 988 3444 dirus
1004 3389 1089 3442 Ante·
1139 3405 1191 3512 pue
1218 3403 1310 3442 eorum
1337 3403 1461 3442 vasorum
1487 3389 1701 3444 collocandorum
1730 3403 1812 3444 causa
1836 3393 1941 3458 paratas

283 3457 361 3510 ninus
376 3461 513 3512 consultus
527 3459 668 3524 rescripsit
683 3471 737 3512 non
751 3457 849 3514 debere
863 3457 1014 3522 restituere,
1027 3457 1089 3526 quia
1157 3457 1230 3512 eberi
1254 3457 1395 3512 Trebatius
1418 3457 1563 3526 respondit.
1602 3457 1693 3512 Labeo
1721 3463 1810 3512 autem
1837 3457 1865 3510 id
1890 3475 1942 3512 non

284 3523 437 3578 hereditatis
455 3523 633 3592 appellatione
650 3539 735 3594 neque
752 3525 839 3592 legata
856 3539 942 3592 neque
954 3523 1088 3580 fideicem·
1157 3527 1244 3590 rebat,
1263 3523 1287 3580 si
1304 3539 1349 3580 eas
1358 3527 1379 3558 ¹⁰
1394 3523 1487 3592 βάσεις
1502 3529 1616 3580 testator
1631 3541 1742 3580 numero
1759 3541 1882 3580 rasorum
1896 3529 1941 3580 ha

284 3591 364 3646 missa
381 3591 557 3672 condreatur.
1021 3661 1027 3672 ·
1138 3543 1206 3648 init.
1233 3593 1364 3648 Proculus
1379 3609 1442 3648 rere
1460 3599 1533 3648 recte
1550 3595 1595 3660 ait,
1613 3595 1751 3662 siacueae
1767 3595 1871 3674 quidem
1884 3595 1941 3658 sint,

317 3655 357 3740 97
381 3659 499 3740 Parnes
520 3659 729 3738 lebraria-ccede
751 3659 917 3716 craecorum
962 3661 1089 3742 Hesrdius
1139 3667 1155 3716 4
1189 3677 1245 3716 ιιι
1261 3667 1350 3714 autem
1361 3659 1523 3742 Oprinthiae,
1538 3679 1593 3716 uon
1606 3661 1704 3742 deberi.
1732 3661 1782 3742 [bu
1795 3663 1941 3742 testudinea

284 3727 1089 3866 bitterensis.illicitabat,temti
1137 3730 1354 3850 dibilitate
1367 3729 1941 3868 iilii⁰lriiilT'TialiillthTb

284 3865 384 3934 reliqua
400 3865 579 3932 relegavcret³
596 3871 653 3916 tam
669 3879 720 3918 sua
754 3879 816 3918 uem
833 3863 1000 3920 colonorum:
1017 3865 1088 3934 lega·
1137 3879 1230 3920 serum
1247 3869 1295 3918 est.

284 3933 366 3986 tarius
383 3931 536 4002 preferebat
551 3949 633 3988 mauu
647 3881 1031 4012 putrisqiamiliaereliquatum
1043 3931 1089 3988 ιι*
1175 3931 1232 4012 ibi
1261 3931 1440 4012 ²²chrrem
1451 3933 1533 4012 'libre
1555 3939 1634 3988 secto
1658 3933 1758 4012 decimo
1781 3935 1940 4006 clipeatorum

284 4009 339 4054 tarn
361 4017 411 4056 suo
434 4015 513 4070 quam
536 4003 691 4056 colonorum
713 4015 830 4056 nemrne:
858 4007 921 4054 rtem
946 4003 975 4056 in
997 4001 1089 4056 eadem
1139 3999 1191 4068 tim
1207 4001 1326 4054 babebat
1341 4017 1370 4054 ιι
1383 4017 1527 4072 prevenere,
1545 4017 1578 4056 ex
1592 4017 1646 4070 qna
1659 4003 1785 4056 oriundus
1801 4009 1866 4066 erat,
1884 4019 1940 4072 pre-

284 4069 415 4138 scriptum
437 4069 570 4124 adiectum
591 4069 621 4122 in
643 4071 714 4126 hunc
737 4069 858 4126 medum:
884 4069 955 4126 item
977 4087 1089 4140 quorum
1139 4069 1200 4190 piris
1213 4069 1326 4150 praedia
1343 4075 1369 4124 et
1385 4069 1439 4124 alia
1455 4069 1558 4138 pignori
1575 4069 1626 4124 sibi
1643 4069 1706 4124 data
1722 4071 1757 4126 eb
1775 4071 1878 4136 debita,
1901 4087 1941 4126 ce·

284 4139 420 4192 ‘rationem
442 4137 553 4192 reddere
578 4137 691 4204 debeat',
716 4137 817 4192 scilicet
840 4139 959 4208 quaein
982 4137 1089 4192 condite
1167 4137 1235 4192 ciliis
1251 4137 1291 4192 ita
1307 4139 1425 4208 scripsitz
1448 4133 1494 4218 ‘cp
1511 4135 1656 4210 ylomrrdrp
1679 4157 1730 4206 μου
1751 4135 1862 4210 πατριδι
1878 4137 1941 4206 βοι-

284 4207 414 4260 habuerat
435 4211 512 4274 pater
533 4205 649 4260 familias
671 4205 797 4260 frumenti
818 4207 872 4260 uini
894 4211 922 4260 et
941 4213 1089 4262 ceterarum
1138 4201 1230 4274 ‘iopas
1253 4207 1289 4258 eis
1313 4203 1348 4258 τὰ
1373 4209 1438 4276 μέρη
1463 4209 1541 4272 cerdo
1565 4203 1684 4270 δοθῆναι
1693 4207 1713 4238 ¹³
1735 4201 1857 4280 ἀφιριζιι
1881 4199 1941 4276 αὐτῇ

284 4291 384 4328 rerum:
409 4289 477 4342 quae
500 4279 526 4328 et
548 4273 609 4342 ipsa
630 4273 740 4330 liberius
763 4275 872 4342 petebat
889 4279 915 4328 et
933 4291 966 4330 ex
982 4273 1089 4344 reliquis
1137 4267 1233 4348 ‘pepla
1254 4271 1356 4338 πάντα,
1388 4267 1440 4326 ica
1463 4277 1492 4324 riv
1515 4277 1602 4394 vairp
1626 4277 1764 4342 κέκτημαι,
1794 4271 1842 4328 σὺν
1863 4279 1941 4326 πᾶσιν

284 4357 341 4396 esse
365 4343 483 4396 dicebatz
514 4345 559 4396 ιι5
588 4341 660 4412 apud
688 4343 834 4412 praesidem
857 4343 1016 4412 optinuerat.
1058 4357 1090 4396 ex
1137 4335 1203 4396 ‘retr
1223 4343 1329 4396 ινσῖσισ
1347 4339 1517 4412 βοσκήμασιν
1538 4339 1586 4394 dod
1601 4361 1642 4396 ιιι
1664 4349 1776 4414 καρποῖς
1799 4337 1941 4396 duodece

284 4411 385 4466 diverse
409 4427 469 4466 cum
490 4409 624 4466 diceretur
644 4411 746 4480 reliqua
763 4411 916 4468 colonorum
933 4411 967 4466 ab
986 4425 1017 4466 eo
1034 4427 1090 4466 non
1138 4405 1322 4464 ‘cavaearboris
1349 4403 1500 4464 πάσαιιίι.
1543 4409 1692 4480 quaesitum
1718 4415 1773 4476 est,
1802 4425 1838 4464 an
1866 4411 1941 4464 etiarn

284 4481 339 4548 peti
354 4495 404 4534 nec
420 4479 537 4548 propria,
556 4479 687 4534 diversam
699 4485 787 4534 autem
799 4495 908 4534 eausam
920 4495 978 4534 esse
990 4495 1089 4544 eorum
1139 4477 1263 4548 praedia,
1287 4495 1356 4548 quae
1377 4477 1482 4548 pignori
1501 4477 1595 4534 habuit
1610 4483 1737 4542 testator,
1761 4477 1864 4548 patriae
1882 4489 1941 4532 suae

284 4561 352 4618 qaae
373 4549 402 4600 in
424 4549 531 4602 condite
556 4553 658 4612 essent,
680 4547 824 4616 imperator
839 4547 1009 4616 interrogavit
1026 4561 1089 4616 par·
1139 4547 1277 4616 reliquisse
1304 4547 1432 4600 videaurr.
1473 4545 1610 4626 respondit
1641 4545 1785 4600 secundum
1817 4561 1849 4600 ea
1878 4559 1941 4612 quae

284 4621 337 4670 tem
362 4615 495 4684 legatarii:
526 4615 678 4684 ‘quaerendi
703 4631 784 4670 causa
809 4615 896 4684 pene’,
924 4615 1023 4684 inquit,
1053 4615 1090 4668 ‘in
1138 4621 1352 4684 proponerentur
1372 4629 1428 4668 nen
1449 4615 1532 4668 viden
1553 4615 1659 4678 relicta,
1686 4613 1809 4668 simodo
1832 4615 1860 4668 in
1882 4631 1940 4682 pro-

285 4683 399 4738 ‘ceudito
417 4683 534 4738 centiens
551 4699 693 4738 aureorum
710 4697 776 4748 esse,
797 4699 865 4752 quae
881 4683 910 4736 ιι
926 4699 1004 4738 usum
1021 4681 1090 4738 sumi
1139 4681 1227 4752 prium
1247 4681 1434 4750 patrimonium
1457 4681 1539 4750 (qued
1559 4681 1614 4736 fere
1632 4687 1752 4736 cessante
1768 4681 1888 4736 debitore
1904 4681 1941 4744 fit)

284 4751 419 4806 ιιιιιιίιιι
439 4751 540 4804 diceres
557 4757 651 4816 tetum,
669 4751 741 4820 qued
758 4751 1003 4806 essetrelictumin
1016 4765 1089 4816 arca,
1141 4759 1152 4804 1
1190 4765 1245 4804 non
1265 4751 1319 4804 sint
1340 4749 1457 4804 redacta.
1493 4749 1566 4804 ‘Pete
1589 4749 1701 4804 fundum
1723 4749 1884 4816 mauritta,
1907 4747 1941 4804 uti

284 4819 409 4874 ‘deberit
436 4825 463 4872 ιι
479 4819 581 4888 placuit
597 4825 670 4872 recte
687 4819 843 4888 appellasse.
878 4825 996 4887 aparte
1016 4819 1089 4888 lega-
1139 4823 1197 4882 *ιιι
1214 4819 1338 4870 alumnae
1353 4831 1428 4872 meae
1445 4817 1521 4870 dari'.
1555 4817 1704 4886 quaesitum
1727 4823 1780 4882 est,
1804 4831 1840 4870 an
1861 4817 1941 4870 fundo

284 4885 872 4956 tariisuggestumestquaedamacelenis
894 4891 1089 4956 postmortem
1139 4891 1167 4942 et
1190 4885 1295 4954 reliqua
1321 4885 1475 4940 colonorum
1500 4891 1527 4938 et
1550 4885 1695 4954 mancipia,
1723 4885 1746 4938 si
1772 4899 1827 4954 qua
1853 4885 1941 4938 mortis

284 4953 366 5024 patris
392 4955 505 5010 familias
531 4959 635 5008 exacta.
675 4969 718 5008 res
737 4955 813 5008 ondit
836 4955 902 5020 hec,
932 4951 1003 5022 qued
1028 4959 1090 5022 pest
1138 4959 1258 5032 tempere
1280 4955 1309 5006 ιι
1331 4969 1363 5008 ee
1385 4951 1469 5008 fundo
1485 4951 1597 5020 fuerim,
1621 4951 1775 5006 debeantur.
1808 4951 1941 5020 respondit

284 5027 394 5076 mortem
417 5029 540 5076 exactem
556 5023 664 5086 diisset,
688 4971 849 5076 reidendum
872 5035 932 5076 esse
953 5021 1089 5090 legatorio.
1138 5021 1241 5090 reliqua
1262 5019 1367 5090 quidem
1390 5021 1544 5076 colonorum
1566 5035 1620 5074 nen
1643 5035 1702 5074 esse
1723 5019 1826 5088 legata,
1857 5025 1941 5074 cetera

351 5083 390 5146 98
414 5089 493 5142 Inna
515 5089 583 5146 libro
608 5087 744 5158 crepaturi
767 5089 801 5142 dc
825 5089 919 5158 formo
941 5089 1092 5142 aeramenti
1137 5103 1200 5142 rere
1217 5089 1301 5142 rideri
1316 5087 1367 5140 illis
1383 5087 1471 5142 serbis
1489 5089 1536 5140 ‘ita
1552 5089 1593 5140 uti
1609 5087 1656 5140 est'
1676 5087 1746 5140 data

284 5155 313 5210 Si
328 5157 417 5224 plures
432 5155 531 5224 gratim
549 5155 603 5210 sint
620 5155 747 5210 heredum
764 5161 791 5210 et
808 5155 936 5224 scriptum
952 5155 988 5210 sit
1004 5153 1089 5210 ‘heres
1175 5151 1551 5236 1021nrncrrosqpcm0
1573 5155 1674 5208 decimo
1696 5155 1858 5224 dipcrtemm
1895 5155 1941 5206 His

285 5227 366 5278 ‘meus
389 5223 470 5290 date',
500 5221 535 5278 ad
557 5239 648 5278 omnes
670 5221 766 5290 mades
788 5223 833 5278 hic
856 5237 942 5278 sermo
965 5221 1089 5291 pertinet,
1137 5221 1226 5278 serbis
1245 5221 1355 5290 legarit:
1380 5225 1468 5276 ‘lixorl
1487 5237 1563 5278 meae
1583 5221 1733 5276 Ιιιιιιιιι15
1753 5235 1813 5274 ιιι
1834 5221 1941 5276 viatoria

284 5291 362 5344 sicuti
383 5289 450 5346 haec
472 5291 552 5346 rerba
576 5289 702 5360 ‘quisquis
725 5289 789 5344 mihi
804 5291 882 5344 heres
898 5289 965 5344 erit’.
998 5289 1091 5358 itaque
1139 5293 1175 5344 ‘et
1192 5287 1320 5358 qeidqmd
1334 5289 1363 5342 ιι
1378 5289 1421 5344 his
1438 5289 1575 5344 conditum
1591 5289 1652 5354 erit,
1674 5305 1742 5358 quae
1757 5287 1941 5344 membranulis

284 5357 306 5410 si
329 5357 387 5424 quis
408 5359 471 5412 uelit
492 5373 547 5414 nen
569 5373 661 5412 omnes
677 5357 787 5412 heredes
804 5357 951 5428 legatorum
969 5365 1089 5428 praesta·
1139 5361 1208 5410 ‘mea
1224 5373 1305 5412 manu
1322 5357 1428 5426 seriptis
1446 5357 1652 5412 continebuntur
1667 5371 1717 5412 nec
1734 5373 1767 5412 ea
1782 5357 1837 5412 sint
1850 5363 1941 5410 exacta

284 5527 312 5588 ιι)
327 5525 453 5576 heredeF
530 5529 564 5590 (a)
582 5543 655 5590 quem
665 5527 712 5576 hee
721 5525 828 5592 amplins
837 5533 862 5576 te
870 5525 1014 5590 praecipere
1025 5527 1088 5576 iussi
1139 5527 1182 5588 (11)
1199 5525 1366 5590 deargentatis
1374 5545 1421 5578 scr.
1457 5527 1751 5590 (12t§1=dts§ti.t
1786 5531 1830 5594 (13)
1845 5533 1939 5582 aelius·

284 5593 366 5660 tpem.
446 5595 478 5656 (ιι)
496 5593 658 5656 relegaverat]
668 5593 825 5658 legaveratS
903 5595 936 5656 (t)
961 5593 1088 5656 ethercr.
1139 5593 1182 5656 ιιι)
1201 5595 1230 5644 ιιι
1243 5605 1292 5646 ests
1313 5593 1411 5658 patriae
1424 5611 1494 5644 meae
1507 5595 1571 5644 mihi
1590 5597 1733 5646 carissimae
1753 5597 1809 5650 vele
1826 5615 1871 5662 pre
1891 5599 1941 5648 eius

284 5669 315 5718 ιι)
334 5659 462 5712 ordeum
545 5663 580 5724 (a)
599 5661 731 5712 rideantur
741 5661 803 5712 Hal.
884 5663 926 5724 (ι’)
943 5661 1095 5712 auantemF
1139 5661 1281 5726 partedari
1299 5661 1371 5726 eique
1389 5661 1488 5712 destino
1508 5679 1678 5728 quaecumque
1696 5667 1811 5732 possideo
1829 5665 1941 5734 insyria

284 5729 315 5786 (ιι
333 5725 787 5794 hosaiehatetmerarcntanr-uaper
821 5731 855 5790 (st
869 5729 981 5782 vernaF
1008 5727 1094 5794 itter-
1138 5743 1196 5780 cum
1214 5731 1331 5780 omnibus
1350 5743 1413 5794 quae
1426 5731 1455 5780 in
1473 5731 1508 5782 iis
1521 5735 1581 5782 sunt
1594 5733 1713 5796 gregibus
1728 5737 1806 5786 servis
1820 5735 1940 5786 fructibus

283 5791 382 5862 βάσεις]
395 5809 483 5842 aeneas
497 5791 589 5858 βᾶαειι
603 5815 649 5848 scr.
723 5799 768 5860 (tt)
786 5797 809 5844 si
819 5797 869 5858 eas]
878 5795 929 5846 nisi
938 5811 1026 5846 aeneas
1040 5815 1087 5848 scr.
1137 5797 1267 5860 apothecis
1280 5799 1453 5848 instrumentis
1520 5799 1733 5862 (1stlalerarqu
