4366 6258
255 387 291 440 na
308 383 552 434 conseminans

1032 355 1104 424 tea*

1661 347 1851 412 XXXVHH
1873 355 1893 412 5

910 449 1216 466 ,μὴ

281 553 315 616 13
331 553 407 610 loru
427 549 495 604 libro
519 547 612 618 quinto
635 545 735 598 deamo
757 557 945 614 responsorum
980 541 1039 594 Mo·
1090 533 1272 600 repetitIenem
1289 535 1389 588 habere
1402 531 1443 586 vel
1460 545 1506 586 eas
1523 531 1594 582 reete
1609 523 1752 588 medicare,
1770 523 1895 592 quodvir

255 625 356 684 ιιιιίιιιιι
375 617 512 686 respondit
529 615 685 670 creditorem
701 611 785 664 sutum
801 611 927 680 temporis
944 619 1041 662 usuras

255 703 276 752 et
289 691 413 748 remittere
435 691 461 738 et
482 683 599 736 minnere
620 685 702 750 paeto
722 695 802 800 posse
823 679 921 760 necin
944 691 977 730 ea
993 673 1040 728 de·

255 761 346 820 reione
362 771 395 808 ex
411 765 513 808 summa
533 749 688 818 quantitatis
705 763 722 800 ι
742 747 804 814 quid
821 751 878 800 mtn
895 755 1039 798 mcurrere.

257 839 264 882 1
293 823 450 880 Modestinus
473 817 609 886 respondit
630 817 719 868 mente
742 823 848 882 captum
871 813 971 868 donare
988 823 1041 864 nen

269 907 326 948 osse.

254 913 314 1016 Ρ24
338 955 502 1010 Inuoeuuus
525 949 592 1004 iidro
623 953 720 1018 quarto
753 949 854 1004 decimo
882 965 919 1002 em
950 945 1041 1000 Cassio

255 1023 396 1082 Fideiusseri
413 1021 483 1084 eius,
499 1019 543 1084 qui
555 1017 706 1072 donationis
721 1033 802 1072 causa
811 1017 1042 1084 pecnniamsupra

256 1091 345 1150 medum
360 1087 424 1156 legis
440 1085 575 1156 premisit,
595 1085 716 1154 exceptio
734 1085 792 1138 dari
809 1085 888 1138 dehet
905 1085 984 1140 etiam
1000 1083 1041 1138 in·

255 1161 297 1214 rite
311 1173 366 1222 reo,
389 1171 437 1220 ne,
461 1155 483 1208 si
500 1153 568 1208 forte
585 1169 648 1208 reus
665 1153 790 1208 solvendo
806 1169 861 1210 nou
878 1155 970 1222 inerit,
994 1167 1041 1222 pe-

256 1225 342 1282 cuniam
357 1221 497 1276 fideiussor
514 1223 625 1276 amittat.

281 1287 313 1346 25
329 1289 407 1342 ineu
420 1291 488 1342 libre
506 1297 583 1342 seocto
602 1289 778 1360 epistularum
814 1289 842 1344 81
858 1289 906 1342 tihi
924 1287 1041 1344 dederim

254 1373 305 1420 ιιιιι,
320 1363 348 1408 et
356 1355 426 1410 Titio
444 1371 502 1410 mee
520 1357 625 1410 nemim
643 1357 765 1420 donares,
782 1361 809 1412 et
825 1365 855 1412 tu
872 1363 919 1412 tuo
936 1359 1041 1412 nomine

255 1441 300 1480 ιιιι
314 1423 337 1478 ei
349 1423 468 1500 testeris,
492 1441 527 1476 an
544 1425 642 1478 factam
660 1425 717 1480 eius
733 1427 831 1494 putes?
854 1427 999 1494 respondit,
1017 1427 1041 1482 si

254 1507 297 1546 rem
311 1491 356 1544 tibr
373 1489 497 1556 dederim,
515 1493 624 1546 utTitie
637 1509 696 1548 meo
711 1495 816 1548 nemine
830 1495 951 1558 donares,
969 1511 1040 1550 eam-

255 1573 295 1624 que
308 1561 336 1610 tu
350 1563 397 1612 tuo
414 1561 520 1612 nomine
537 1561 561 1612 ei
576 1561 690 1624 dederis,
709 1567 836 1630 quantum
848 1563 883 1616 ad
896 1563 963 1618 iuris
977 1579 1010 1618 su
1028 1593 1040 1604 ·

254 1623 357 1702 tilitstem
379 1625 533 1692 accipientis
556 1627 630 1682 iacta
652 1645 706 1682 nen
727 1635 769 1684 est
790 1639 817 1684 et
839 1635 869 1684 tu
891 1629 957 1684 furti
974 1581 1040 1686 obii-

254 1691 338 1760 gane1:
363 1691 409 1770 sed
431 1693 569 1762 benignius
593 1703 647 1762 est,
671 1697 789 1766 siagam
807 1705 901 1754 contra
919 1715 978 1752 eum
996 1699 1041 1770 qui

254 1773 297 1812 ren
311 1765 416 1826 aceepit,
435 1763 591 1830 exceptione
607 1765 662 1818 doli
678 1765 741 1818 mali
758 1781 800 1818 me
817 1769 982 1822 summoveri.

281 1819 328 1880 26²
344 1825 511 1906 Paupertas
526 1831 594 1886 libro
612 1839 710 1900 quarto
727 1833 765 1886 od
780 1833 907 1898 Qur'mtum
920 1835 1040 1888 Muciam

254 1891 318 1948 Nuda
337 1897 403 1946 ratre
425 1909 480 1976 nep
506 1897 572 1950 facit
600 1901 715 1968 aliquem
737 1901 894 1954 debitorem:
922 1907 954 1954 ut
974 1909 1041 1968 puta

256 1959 313 2040 pred
325 1957 429 2038 'donare
451 1965 534 2018 hhere
551 1967 651 2020 homiui
673 1967 793 2022 uolumus
815 1969 878 2020 licet
894 1967 1041 2022 referamus

254 2031 393 2146 moerffhepes
411 2037 516 2086 nostras
535 2031 631 2088 debere
648 2049 711 2098 nes,
734 2039 824 2088 tamen
841 2035 915 2088 nulla
933 2035 1040 2090 donatio

254 2111 275 2150 ιι
312 2111 325 2148 ι
360 2111 400 2148 ar.

280 2157 324 2242 21Ι
350 2179 506 2218 erraremus
521 2165 588 2222 libro
605 2169 747 2222 uicensimo
765 2185 837 2224 nouo
855 2171 1039 2238 quaestionum

254 2231 356 2298 aqueus
377 2231 495 2300 Reginus
519 2233 621 2288 iuvenis
645 2235 681 2288 ad
702 2235 884 2290 Nicostratum
906 2237 1040 2290 rhetorem

254 2299 402 2366 insumpsit:
422 2301 554 2368 ‘quoniam
569 2311 596 2356 ιι
611 2317 671 2354 cum
686 2309 763 2370 patre
777 2317 834 2356 meo
848 2319 952 2370 semper
965 2303 1040 2358 inisti

254 2371 282 2420 ‘et
299 2381 335 2420 me
356 2367 504 2434 eloquentia
526 2375 552 2422 et
573 2367 710 2434 diligentia
731 2377 779 2422 tua
800 2369 935 2422 meliorem
952 2371 1039 2424 reddi-

254 2433 315 2498 disti,
332 2432 397 2488 done
416 2441 442 2488 et
458 2437 582 2502 permitte
600 2435 649 2488 tibi
666 2437 789 2488 habitare
804 2437 833 2488 in
848 2437 894 2488 illo
913 2439 1039 2490 cenaculo

254 2509 329 2570 ‘eoque
353 2501 408 2554 uti'.
443 2503 568 2556 deiemcto
597 2503 700 2570 Regulo
728 2503 935 2558 eoneoversiam
963 2505 1039 2558 bahi-

254 2569 342 2626 tetionis
368 2569 520 2638 patiebatur
546 2569 717 2624 Nicostratus
747 2575 774 2622 ιι
802 2585 863 2624 cum
890 2571 923 2624 de
951 2587 983 2626 ιι
1010 2587 1040 2626 re

254 2653 337 2694 meeum
358 2639 526 2704 contulisset,
550 2637 606 2692 dixi
628 2653 708 2706 posse
731 2637 835 2690 defendi
861 2653 915 2692 aon
941 2653 1041 2692 meram

254 2707 402 2760 decetionem
425 2721 497 2768 esse,
520 2719 610 2758 rerum
638 2703 756 2758 efficium
785 2703 903 2770 magistri
926 2707 1038 2772 quadam

254 2773 353 2832 mercede
375 2777 569 2826 remuneratum
593 2773 724 2838 Regulum
747 2771 860 2838 ideoque
881 2787 936 2824 non
958 2773 1041 2826 rideri

254 2841 400 2896 decadonem
416 2839 550 2908 sequentis
567 2839 695 2908 temperis
711 2839 813 2890 irritam
829 2851 896 2890 esse.
928 2839 1001 2906 qued
1018 2839 1040 2892 si

254 2911 358 2980 expulsus
371 2909 541 2962 Nicostratus
553 2907 642 2960 veniat
656 2905 691 2960 ad
705 2905 827 2968 iudicem,
845 2905 880 2956 aei
890 2905 1040 2974 exemplum

253 2977 378 3044 interdicti,
405 2977 477 3046 qued
497 2975 644 3028 fructuario
662 2973 832 3042 proponitur,
859 2971 1040 3026 defendendus

254 3049 292 3100 ιιιί
314 3043 387 3114 quasi
413 3045 482 3098 loen
497 3041 660 3112 possessoris
691 3041 864 3104 constitutus,
894 3039 939 3106 qui
962 3055 1040 3094 nsum

254 3113 352 3168 camerni
368 3111 480 3178 accepit.

279 3177 312 3238 28
332 3181 406 3234 lesu
434 3181 501 3232 libro
531 3177 609 3232 tertio
635 3189 826 3246 responsorum
860 3173 1040 3228 Hereditatem

253 3255 314 3320 pater
332 3247 380 3302 sibi
401 3247 519 3300 relictam
541 3245 612 3298 filiae
635 3243 677 3298 sui
699 3243 765 3296 iuris
788 3241 896 3296 effectae
920 3241 1038 3296 deuant:

254 3317 406 3372 creditoribus
428 3313 595 3368 nereditariis
619 3313 675 3364 iilia
698 3307 853 3364 satisfacere
877 3309 967 3376 debet,
992 3325 1039 3376 ver,

254 3385 271 3442 ti
291 3385 335 3438 hoe
360 3381 465 3436 minime
490 3379 573 3434 faeiat
599 3385 626 3432 et
653 3379 798 3432 creditores
822 3381 915 3430 contra
937 3381 1041 3444 patrem

253 3451 353 3514 remant,
383 3449 527 3516 cogendam
554 3463 612 3500 eam
637 3463 686 3514 per
714 3445 845 3500 actionem
869 3445 1041 3512 praescriptis

253 3519 321 3574 rubis
337 3523 438 3584 patrem
455 3517 580 3568 adsersus
598 3529 644 3568 eos
662 3513 812 3568 defendere.

279 3583 312 3642 29
320 3585 480 3642 3Ιιιιιιιιιιι
489 3581 616 3640 deeime¹⁹
624 3595 817 3650 responsorum
828 3577 931 3634 Donari
938 3579 956 3610 ³¹
968 3579 1039 3634 vide-

255 3657 264 3706 1
292 3659 337 3718 tur,
354 3651 423 3718 qued
441 3653 514 3704 nelle
531 3651 589 3704 iure
608 3655 719 3718 cogente
736 3649 898 3704 conceditur.
928 3647 1040 3716 Quidam

253 3721 337 3772 iniere
352 3719 529 3784 interrogatus
547 3717 612 3772 nihil
634 3717 686 3772 sibi
703 3717 800 3772 dehere
816 3715 912 3770 tutoris
929 3715 1040 3770 heredes

253 3787 375 3854 impendit.
413 3801 472 3838 eum
495 3787 627 3838 achonem
648 3787 723 3838 iurei
752 3785 872 3840 amisisse
899 3783 1039 3854 respondi:

253 3853 302 3906 lieet
321 3855 387 3908 enim
408 3869 464 3906 non
485 3853 707 3918 transactionem,
734 3855 781 3908 sed
806 3853 954 3908 donationis
972 3853 1040 3906 haec

254 3921 318 3974 :aba
332 3937 389 3976 esse
405 3919 465 3988 quis
488 3919 617 3988 accipiat,
642 3927 760 3976 attamen
778 3937 852 3988 eum,
875 3919 920 3990 qni
937 3919 966 3974 in
982 3921 1040 3976 iure

254 3989 369 4042 tentemus
382 3995 431 4054 est,
446 4003 522 4044 suam
536 3989 730 4044 confessionem
742 3991 874 4046 infirmare
888 4005 1038 4060 nonposse.

253 4059 264 4106 l
291 4057 459 4110 horationem
470 4057 574 4126 quidem
586 4059 671 4126 partis
686 4059 817 4114 benorum
829 4059 966 4128 proximae
978 4073 1039 4126 ceg-

253 4127 317 4176 mtae
337 4125 445 4178 eventis
475 4125 575 4178 nullam
601 4125 685 4180 fuisse
709 4127 862 4182 constabat:
892 4141 984 4180 rerum
1007 4127 1039 4192 ei,

254 4189 288 4270 epi
302 4189 401 4246 donarit
425 4207 459 4246 ae
481 4197 575 4262 postea
591 4193 649 4248 iure
665 4195 799 4264 praetorio
818 4195 954 4260 successit,
974 4209 1039 4264 quo·

253 4271 309 4310 man
323 4259 446 4340 adversus
464 4261 548 4316 bones
565 4277 651 4318 mores
674 4269 702 4318 et
717 4263 759 4318 ius
781 4267 899 4334 gentium
914 4261 1039 4318 festinas·

253 4329 425 4446 ιιιᾱίιὲιιιοιιιι
443 4327 618 4386 hereditarias
640 4331 669 4384 in
689 4339 775 4386 tetum
798 4331 966 4402 denegandas
983 4341 1038 4386 res·

252 4405 295 4456 pen
334 4411 340 4444 ε

265 4453 312 4538 ,30
326 4459 500 4542 Macerinus
512 4465 579 4522 labro
593 4465 730 4536 simpulum·
742 4467 775 4522 de
789 4467 952 4524 delatoribus
977 4483 1040 4522 nam

253 4539 272 4576 ι
284 4531 310 4578 ιι
324 4529 428 4598 rudrgno
447 4531 570 4588 aufertur
586 4533 728 4590 hereditas.

278 4589 329 4650 31⁵
355 4597 537 4654 Peenameus
567 4601 636 4656 libro
665 4603 820 4658 duodecimo
848 4615 1040 4676 responsorum

251 4659 397 4744 Denebones
423 4669 458 4748 in·
479 4668 653 4725 concubinam
676 4671 786 4726 collatas
814 4689 868 4728 non
892 4689 973 4742 pesse
998 4689 1040 4728 re-

252 4745 324 4786 rooau
351 4741 472 4792 conremt
497 4751 561 4804 nec,
596 4737 620 4792 si
650 4739 846 4794 matrimonium
878 4741 948 4796 inter
981 4759 1039 4798 ees·

1091 601 1205 652 cavisset
1232 609 1307 654 extra
1334 601 1422 654 dotem
1449 601 1541 654 ιιιιιιι
1568 595 1671 664 puellae
1693 591 1744 670 sibi
1769 591 1894 658 traditas,

1091 681 1153 720 eum
1170 683 1202 720 ιι
1212 669 1410 736 ¹significatione
1427 683 1481 722 non
1497 665 1590 720 modus
1608 661 1758 718 donaberis
1775 657 1894 714 declare-

1091 743 1135 788 tur
1154 751 1202 788 nec
1223 739 1257 790 ab
1280 755 1331 790 usu
1353 737 1503 804 proprietas
1520 739 1674 802 separetur,
1697 727 1745 786 sed
1761 727 1895 808 peculium:

1091 803 1188 856 adote
1207 805 1312 874 puellae
1329 805 1539 872 distingueretur.
1573 801 1686 856 iudicem
1706 807 1797 854 tamen
1814 805 1894 854 aestr-

1091 877 1236 940 maturum,
1265 873 1287 926 si
1310 879 1395 926 mater
1422 871 1479 926 iure
1500 875 1593 924 contm
1619 869 1702 924 filiam
1724 869 1827 924 offensa
1849 883 1895 922 eas

1091 955 1215 994 resecare
1238 939 1313 1004 velit,
1343 949 1369 994 ιι
1394 937 1568 994 verecundiae
1591 945 1725 994 maternae
1751 953 1896 1006 congruam

1091 1009 1205 1076 benique
1226 1009 1275 1062 viri
1298 1007 1406 1062 arbitrio
1428 1013 1618 1078 competentem
1641 1009 1711 1066 ferre
1728 1007 1895 1064 sententiam.

1092 1083 1107 1134 2
1141 1077 1230 1142 Pater,
1248 1075 1294 1144 qui
1310 1077 1394 1144 filiae,
1412 1093 1489 1146 quam
1506 1079 1599 1134 hahmt
1615 1079 1643 1134 in
1660 1085 1803 1150 potestate,
1820 1093 1895 1134 man·

1092 1147 1161 1220 cipis
1179 1147 1287 1200 donavit
1312 1153 1339 1200 et
1361 1147 1494 1216 peculium
1517 1149 1698 1218 emancipatae
1719 1165 1773 1206 nen
1790 1147 1896 1216 ademit,

1092 1219 1143 1272 9ιι
1168 1223 1233 1298 post
1265 1215 1338 1270 iacto
1373 1217 1540 1272 donationem
1573 1219 1712 1276 ridebatur
1742 1219 1896 1290 perfecisse.

1093 1291 1107 1342 3
1140 1285 1280 1340 Erusmodi
1300 1285 1358 1354 lege
1381 1285 1500 1356 deposita
1511 1291 1530 1320 ¹⁰
1552 1287 1580 1342 in
1601 1289 1666 1342 aede
1689 1303 1766 1356 area,
1790 1295 1821 1344 ut
1838 1305 1896 1346 eam

1091 1357 1148 1426 ipse
1166 1355 1238 1410 selus
1256 1353 1300 1422 qui
1318 1355 1440 1424 deposuit
1457 1357 1561 1410 tolleret
1577 1363 1624 1412 aut
1640 1363 1831 1426 postmortem
1848 1359 1896 1414 de·

1091 1425 1155 1480 mini
1171 1423 1263 1480 Aelius
1281 1423 1417 1492 Speratns,
1435 1441 1489 1480 non
1505 1423 1590 1480 uideri
1607 1427 1794 1482 celebratam¹¹
1813 1429 1896 1486 dona-

1091 1501 1107 1548 4
1140 1495 1239 1548 tionem
1255 1493 1389 1564 respondi.
1415 1493 1500 1566 Ratae
1515 1493 1670 1552 donationes
1687 1511 1746 1552 esse
1762 1513 1818 1552 non
1834 1515 1896 1568 pes·

1091 1571 1154 1618 sunt
1181 1569 1243 1634 pest
1275 1565 1374 1618 crimen
1406 1561 1593 1632 perduellionis
1622 1569 1802 1632 contractum,
1837 1583 1897 1622 cnm

1091 1631 1214 1754 (liseredem
1232 1645 1336 1700 queque
1352 1637 1454 1696 ιιιιιιι,
1477 1631 1526 1686 etsi
1542 1633 1658 1686 nendum
1674 1635 1826 1702 postulatus
1844 1637 1898 1690 rita

1109 1701 1242 1756 ecesserit.

1125 1765 1165 1828 32
1187 1769 1339 1822 Sannione
1361 1767 1429 1824 libre
1453 1767 1545 1838 quinio
1568 1783 1757 1840 responsorum
1796 1771 1897 1826 Lucius

1091 1837 1176 1892 Titius
1185 1839 1205 1870 ¹²
1232 1837 1371 1906 epistulam
1401 1837 1481 1888 talem
1508 1837 1590 1890 misit:
1627 1837 1679 1890 ‘ille
1707 1837 1746 1890 ilii
1774 1839 1897 1894 salutem.

1091 1905 1215 1972 ‘hospitio
1240 1907 1285 1960 ille
1313 1903 1437 1972 quamdiu
1465 1903 1578 1958 uolueris
1605 1907 1690 1960 utaris
1716 1907 1898 1972 superioribus

1092 1973 1194 2026 ‘diaetis
1213 1975 1334 2028 omnibns
1351 1971 1479 2040 gratuite,
1496 1971 1575 2040 idque
1592 1975 1619 2026 te
1636 1987 1669 2026 ex
1686 1973 1822 2026 voluntate
1839 1989 1899 2028 mea

1092 2039 1189 2094 ‘facere
1211 2041 1262 2094 hac
1285 2041 1398 2108 epistula
1421 2043 1512 2092 notum
1541 2039 1590 2092 tibi
1615 2039 1707 2094 facie’:
1738 2055 1836 2106 quaere
1862 2057 1898 2094 an

1091 2107 1201 2178 heredes
1216 2109 1273 2162 eius
1286 2107 1449 2162 habitatione
1464 2121 1524 2160 eum
1537 2105 1678 2174 prohibere
1692 2115 1815 2174 pessunt.
1840 2121 1898 2162 res·

1091 2173 1352 2242 prememoratum
1376 2191 1420 2240 ea,
1445 2189 1514 2242 quae
1535 2179 1760 2242 proponerentur,
1784 2173 1897 2228 heredes

1092 2241 1148 2296 eius
1165 2257 1244 2308 posse
1262 2249 1365 2296 metare
1381 2243 1550 2296 voluntatem.

1127 2305 1166 2364 33
1184 2309 1440 2362 Heeuoeeumuus
1455 2311 1522 2362 libro
1538 2309 1616 2360 sexto
1634 2307 1702 2360 iuris
1718 2305 1897 2376 epitoniorum

1092 2373 1143 2440 Qui
1158 2373 1200 2440 id,
1218 2377 1288 2440 quod
1306 2391 1339 2428 ex
1356 2389 1439 2430 eausa
1457 2375 1604 2428 donationis
1622 2371 1762 2440 stipulanti
1779 2387 1897 2450 epopeu-

1092 2441 1181 2506 derat,
1203 2443 1269 2496 solui
1292 2443 1440 2508 teredenis,
1463 2443 1567 2496 actione
1590 2441 1750 2494 remanentne
1766 2453 1898 2506 pecuniae

1091 2523 1146 2560 nen
1161 2509 1190 2560 in
1206 2509 1331 2572 solidum,
1354 2509 1401 2562 sed
1421 2511 1593 2578 inquantum
1615 2509 1706 2560 iacere
1725 2511 1817 2574 potest
1834 2521 1897 2560 con-

1091 2575 1206 2628 venitur:
1236 2591 1344 2630 causam
1367 2575 1436 2628 enim
1459 2585 1486 2628 ιι
1514 2575 1640 2644 originem
1664 2575 1825 2628 ιοιιιιιιιιιιι
1850 2589 1897 2642 pe·

1091 2641 1197 2704 cuniae,
1225 2657 1280 2694 non
1301 2641 1392 2694 iudicii
1419 2647 1576 2710 potestatem
1605 2641 1759 2710 praevalere
1785 2641 1896 2708 placuit.

1091 2707 1138 2760 sed
1160 2713 1186 2758 et
1210 2709 1402 2762 condemnatus
1424 2725 1556 2762 excausa
1580 2707 1730 2760 donationis
1747 2709 1774 2758 in
1793 2707 1899 2760 acdona

1090 2773 1200 2826 iudicati
1215 2789 1270 2826 non
1287 2773 1388 2826 frustm
1406 2773 1537 2828 desiderat
1553 2777 1580 2828 in
1598 2783 1725 2842 quantum
1742 2773 1833 2826 facere
1848 2789 1897 2840 pe-

1094 2845 1104 2892 t
1140 2845 1194 2892 test
1211 2841 1353 2894 conveniri.
1382 2839 1424 2892 Ει
1441 2841 1498 2908 lege
1516 2841 1665 2894 donationis
1684 2855 1767 2892 eausa
1783 2839 1899 2908 pecunia

1091 2905 1162 2960 Titio
1175 2915 1321 2970 numerata,
1339 2907 1474 2960 utstatim
1492 2907 1613 2962 donatori
1630 2911 1722 2960 mutuo
1740 2907 1826 2968 detur,
1844 2923 1899 2960 non

1091 2973 1233 3040 impeditur
1267 2973 1374 3026 dominii
1400 2975 1551 3028 translatio:
1584 2989 1616 3028 ac
1643 2977 1787 3042 propterea
1814 2973 1898 3028 isdem

1091 3041 1203 3094 nummis
1226 3041 1348 3094 donatori
1375 3041 1480 3094 creditis
1508 3057 1604 3094 norum
1630 3041 1775 3094 domimum
1799 3041 1829 3094 in
1856 3041 1899 3094 his

1092 3113 1107 3160 2
1142 3107 1287 3174 quaeritur.
1328 3109 1420 3160 illutus
1442 3115 1469 3160 ιι
1490 3109 1584 3160 sindus
1608 3109 1708 3160 donare
1729 3123 1783 3160 nou
1807 3107 1898 3174 prehi-

1092 3181 1107 3226 3
1142 3175 1239 3226 bantur
1247 3175 1276 3226 ¹³.
1304 3175 1339 3238 Si,
1357 3189 1417 3226 cnm
1429 3175 1533 3228 Primus
1550 3175 1598 3228 tihi
1616 3175 1716 3228 donare
1729 3175 1808 3226 vellet
1826 3181 1852 3226 et
1868 3179 1899 3226 tn

1092 3241 1209 3296 donandi
1232 3241 1353 3294 Secunde
1377 3241 1539 3294 voluntatem
1565 3241 1693 3304 haberes,
1721 3241 1827 3294 Primus
1851 3241 1899 3294 Se-

1092 3309 1179 3364 cunde
1198 3325 1230 3362 ex
1244 3307 1380 3362 vuluntate
1397 3313 1444 3362 tua
1460 3307 1596 3374 stipulanti
1613 3309 1773 3376 promiserit,
1792 3307 1899 3376 pertici-

1091 3383 1135 3430 tur
1158 3373 1265 3430 donatio
1288 3383 1328 3440 et,
1354 3375 1416 3442 quia
1438 3373 1503 3428 nihil
1526 3373 1630 3430 Primus
1649 3373 1786 3440 Secunde,
1811 3391 1898 3442 aque

1091 3445 1254 3506 convenitur,
1274 3443 1395 3506 donauit,
1414 3447 1439 3496 et
1450 3445 1469 3474 ¹⁴
1487 3441 1591 3510 quidem
1607 3443 1781 3508 insolidum,
1799 3457 1854 3496 non
1871 3445 1899 3496 in

1090 3511 1118 3564 id
1136 3511 1207 3580 quod
1224 3511 1313 3564 iacere
1326 3517 1416 3578 petest
1433 3511 1629 3564 condemnatur.
1656 3509 1736 3580 idque
1751 3511 1904 3566 customens·

1091 3587 1118 3634 et
1134 3581 1158 3634 si
1175 3577 1313 3646 delegante
1331 3593 1375 3644 ee,
1399 3579 1443 3646 qni
1466 3577 1635 3634 donationem
1652 3585 1710 3634 erat
1727 3587 1897 3648 accepturus,

1091 3647 1215 3702 creditori
1233 3649 1290 3702 eius
1308 3647 1421 3700 donator
1442 3647 1605 3716 premiserit:
1632 3653 1659 3700 et
1675 3649 1727 3702 hec
1745 3649 1815 3702 enim
1834 3663 1899 3704 casu

1092 3715 1208 3770 creditor
1224 3733 1302 3770 suum
1319 3715 1453 3784 negotium
1469 3715 1545 3784 gerit.

1125 3781 1194 3842 34¹⁵
1213 3783 1330 3838 Peneus
1352 3783 1419 3838 inbre
1437 3787 1529 3854 quinto
1552 3785 1743 3838 sententiarum
1777 3783 1806 3838 Si
1822 3787 1899 3854 pater

1092 3851 1251 3920 emancipati
1272 3851 1320 3904 filii
1347 3851 1452 3906 nemine
1475 3853 1623 3906 donationis
1646 3853 1734 3906 animo
1757 3853 1899 3922 pecuniam

1090 3919 1237 3974 faeneravit
1260 3935 1371 3988 eamque
1391 3919 1461 3974 filius
1484 3921 1627 3988 stipulatus
1651 3927 1692 3976 est
1700 3925 1728 3988 ¹⁶,
1757 3923 1817 3990 ipso
1839 3921 1899 3976 iure

1093 3995 1104 4042 1
1140 3989 1286 4058 perfectam
1304 3989 1473 4044 ᾱοιιιιιοιιιιιι
1488 3991 1584 4056 ambigi
1602 4005 1656 4042 nen
1673 3993 1770 4060 petest.
1797 3989 1899 4060 Siquis

1091 4057 1204 4126 aliquem
1222 4073 1239 4112 a
1255 4057 1413 4114 latrunculis
1435 4059 1477 4112 rei
1498 4057 1618 4114 hostibus
1637 4059 1735 4126 eripuit
1755 4063 1782 4112 ιι
1799 4059 1899 4126 alianid

1089 4141 1139 4194 pro
1158 4141 1189 4180 ee
1206 4125 1317 4194 abipso
1335 4127 1464 4194 accipiat,
1488 4127 1554 4180 haec
1580 4125 1689 4180 donabo
1712 4127 1899 4180 inrevocabihs

1091 4199 1144 4248 est:
1172 4195 1256 4248 ιιι11
1282 4209 1383 4250 merces
1418 4195 1505 4250 eximii
1532 4195 1632 4250 laboris
1661 4193 1821 4264 appellanda
1850 4201 1899 4262 est,

1091 4261 1161 4330 quod
1178 4263 1407 4384 lcontemplatione
1435 4265 1529 4318 salutis
1559 4269 1630 4318 certe
1659 4265 1737 4324 mede
1764 4263 1899 4318 naaman

1089 4347 1143 4384 nen
1190 4339 1261 4386 acuit
1292 4373 1299 4384 .

1124 4347 1425 4456 aspernamentum
1448 4399 1601 4472 tripoasimo
1660 4401 1712 4454 imo
1734 4399 1899 4468 clipeatorum

1090 4465 1134 4522 Ad
1151 4483 1219 4532 eum,
1238 4483 1314 4536 quem
1328 4469 1524 4534 manumiserat,
1542 4469 1610 4534 epist
1640 4483 1683 4522 orn
1700 4467 1770 4522 misit
1786 4467 1814 4520 in
1832 4469 1899 4522 haec

1090 4537 1183 4590 rerba:
1206 4537 1302 4592 ‘Titius
1321 4537 1412 4592 Sticho
1435 4537 1529 4592 liberto
1553 4551 1601 4592 sne
1625 4537 1747 4590 salutem.
1783 4533 1850 4588 Cum
1872 4543 1899 4590 ιι

1091 4605 1309 4670 ἰιιιιιιιιιιιιιίιιι,
1333 4605 1466 4672 peculium
1487 4619 1592 4672 queque
1613 4609 1689 4658 ιιιιιι
1706 4617 1797 4668 omne,
1822 4603 1898 4672 qnid-

1091 4671 1164 4740 ‘quid
1180 4673 1262 4726 habes
1280 4681 1335 4726 tane
1352 4673 1380 4728 iu
1393 4673 1541 4726 nominibus
1559 4687 1638 4742 quan:
1654 4673 1683 4726 in
1699 4671 1778 4726 rebus
1791 4687 1898 4750 meven-

1092 4741 1172 4794 ‘tibus
1186 4739 1240 4794 sive
1250 4741 1278 4794 in
1288 4747 1435 4806 enumerato,
1451 4757 1492 4794 me
1504 4739 1553 4794 tibi
1562 4739 1707 4794 concedere
1719 4741 1770 4792 hac
1783 4741 1899 4806 eprstula

252 4797 298 4852 dem
313 4807 402 4870 pastea
417 4805 501 4858 fuerit
521 4809 701 4870 coementum,
725 4805 760 4860 ad
782 4807 884 4862 irritum
904 4809 1041 4864 reccidere
1092 4811 1180 4862 ‘mane
1196 4823 1255 4862 mea
1273 4809 1374 4876 scripta
1391 4813 1482 4862 notum
1499 4807 1548 4862 tibi
1565 4807 1653 4862 faeio'.
1689 4807 1802 4860 eundem
1818 4805 1897 4862 liber-

252 4867 309 4934 qnod
326 4877 384 4924 ante
400 4871 459 4928 iure
475 4873 565 4928 valuit.
600 4887 636 4924 an
659 4877 748 4928 autem
764 4873 893 4930 mantal:
909 4877 997 4932 honor
1014 4883 1041 4930 et
1091 4879 1148 4928 tum
1166 4881 1323 4930 ιιιιιιιιιιιι
1346 4893 1380 4930 ex
1398 4876 1473 4930 hesse
1496 4875 1603 4942 scripsit
1619 4875 1754 4942 heredem,
1773 4875 1897 4944 Sempro·

252 4933 339 5014 niectie
359 4937 459 5006 pridem
479 4941 671 5010 praecesserit,
704 4941 840 5008 flpersonis
870 4945 1039 5010 comparatis,
1091 4943 1167 4996 nium
1187 4957 1221 4996 ex
1242 4945 1351 4996 trieme:
1382 4957 1431 4996 nec
1454 4943 1589 5008 peculium
1613 4941 1704 4996 Sticho
1731 4943 1898 5010 legaviteee

251 5007 307 5058 utne
329 5007 526 5062 ιιιιιιιιιιιιιιιι7
553 5005 720 5062 coanimata
743 5009 958 5074 perpendendum
982 5025 1041 5064 esse
1091 5011 1209 5062 actiones
1232 5011 1365 5076 praestari
1388 5007 1472 5062 iussit.
1508 5009 1656 5076 quaesitum
1679 5013 1732 5072 est,
1757 5017 1848 5062 utrerm
1869 5011 1897 5062 in

251 5073 369 5140 impendi:
395 5091 481 5144 neque
504 5075 573 5128 emm
595 5075 702 5128 tabulas
723 5071 813 5146 iacere
834 5077 1040 5132 matrimonium.
1091 5091 1178 5130 assem
1196 5075 1285 5128 Sticho
1309 5077 1379 5130 aceo
1402 5077 1479 5128 detur
1496 5077 1640 5128 eorundem
1656 5077 1805 5144 neminum,
1829 5091 1899 5144 quae

254 5143 262 5192 1
291 5139 390 5210 Species
407 5149 483 5196 extra
500 5143 588 5196 dotem
605 5145 723 5194 amatre
744 5139 815 5194 filiae
837 5143 943 5196 nomine
963 5143 1041 5196 rire⁸
1091 5143 1119 5194 in
1136 5143 1239 5210 peculio
1257 5141 1364 5206 habuit,
1383 5155 1418 5194 ιιι
1434 5141 1554 5206 unaque
1570 5141 1711 5194 heredibus
1728 5159 1778 5208 pre
1796 5143 1896 5212 portie-

251 5207 344 5264 nnditas
368 5209 438 5266 filiae
462 5225 531 5280 quae
551 5223 679 5278 praesens
701 5207 753 5262 init
776 5205 888 5262 donatas
911 5213 939 5262 et
954 5209 990 5262 ab
1008 5223 1041 5262 ea
1091 5209 1170 5262 nibus
1199 5207 1377 5260 hereditariis.
1417 5207 1554 5274 respondit
1584 5209 1731 5260 secundum
1764 5225 1797 5262 ea
1829 5221 1898 5276 quae

250 5277 295 5332 rire
313 5277 422 5332 ιιιιιιιι
448 5277 531 5334 mderi
557 5275 686 5344 respondi
706 5289 757 5328 nec
777 5279 888 5328 matrem
910 5275 1041 5330 offensam
1091 5279 1302 5342 proponerentur
1330 5275 1448 5342 utrisque
1476 5271 1618 5328 heredibus
1650 5289 1701 5342 pre
1730 5273 1897 5328 hereditariis

250 5455 273 5514 iti
287 5449 402 5516 obligeree
410 5443 628 5512 intemperiem
664 5447 696 5508 (a)
710 5443 919 5512 ffD.15,1,la,a
956 5443 988 5506 (a)
1007 5443 1044 5492 ed
1092 5439 1242 5490 tammum
1278 5439 1417 5502 (12)an
1445 5439 1689 5504 annumerasse
1722 5443 1766 5506 (ιι)
1777 5443 1890 5508 etleiser

249 5521 316 5590 pras,
325 5521 491 5588 D‚50‚1r,sa
541 5515 582 5578 (ι’)
600 5513 726 5564 denareF
770 5513 801 5572 ιι)
818 5509 1041 5574 iureltutelaesor.
1088 5505 1464 5570 italed51efiPoulus5,tt,t
1491 5509 1605 5568 (reletF
1622 5508 1780 5570 (etinamF’
1801 5509 1898 5570 (talibi,

250 5593 274 5654 tt)
290 5587 382 5656 eflVot.
394 5595 435 5640 tat
444 5589 465 5636 b.
475 5595 524 5636 itt.
533 5593 582 5634 att.
592 5591 630 5632 net
671 5581 707 5644 (6)
726 5581 819 5630 littores
827 5595 848 5628 c.
856 5577 917 5628 XX
928 5579 968 5626 ieie
977 5575 1041 5626 desi·
1088 5573 1133 5634 qni
1142 5571 1248 5634 aliquem
1259 5587 1275 5620 a
1283 5571 1434 5622 latmrncnlis
1442 5571 1481 5622 vel
1493 5573 1605 5624 hostibus
1617 5575 1720 5638 eripuit,
1731 5575 1758 5622 in
1771 5575 1898 5622 inlinitum

250 5651 592 5722 memrottipimrmi'mfr.
635 5649 667 5710 (t)
686 5645 894 5696 coniunctioneF
924 5643 957 5706 (a)
978 5639 1041 5706 [rire
1088 5639 1239 5688 denareuen
1247 5637 1395 5702 prehibetur
1403 5641 1434 5698 isi
1445 5643 1527 5688 ιιιιιιιι
1541 5639 1643 5688 donatio
1652 5643 1677 5688 et
1686 5655 1737 5686 non
1745 5653 1838 5686 merces
1847 5637 1897 5686 eri·

249 5725 303 5778 nie:
311 5725 417 5792 melmine
428 5719 483 5774 Vnt.
539 5723 573 5782 (ιι
591 5739 810 5764 ιιιιιιιιιιιιιιιιιιιιιι
811 5707 942 5776 cipatienis
952 5707 1041 5772 «petita
1088 5705 1133 5754 mii
1149 5703 1246 5754 labores
1257 5702 1407 5770 appellanda
1419 5709 1473 5770 esti,
1493 5707 1552 5770 qnia
1563 5705 1797 5770 contemplationem
1810 5703 1898 5752 salutis

250 5789 520 5848 dmwmmfflrap,
559 5785 604 5848 (10)
616 5779 897 5848 350V01‚‚d0positaml⁷
929 5781 974 5840 (ιι)
984 5791 1038 5842 per·
1088 5777 1156 5824 certo
1166 5773 1237 5822 mode
1246 5773 1374 5824 aestimari
1383 5789 1434 5824 non
1442 5773 1537 5840 placuit
1546 5773 1640 5824 Penius
1666 5771 1911 5836 (reidnodeeimoP

1661 5855 1692 5908 tt
