4366 6258
255 369 477 418 EXHIBENDUM

252 551 354 594 vacare.
381 535 492 604 proinde
509 541 536 588 et
553 535 576 588 si
592 533 663 654 apud
682 531 799 590 officium
820 535 903 590 fuerit
924 535 1059 604 depositus

253 603 432 668 exhibendus,
457 601 557 657 cibaria
580 601 612 654 de
632 601 684 656 ebit
702 601 864 670 adgnoscere
880 605 925 672 qui
943 601 1061 658 exhiheri

254 671 420 736 desideravit,
439 669 461 724 si
477 685 531 724 non
546 669 650 724 solebat
662 685 802 738 possessor
816 685 920 726 servum
934 685 1057 740 pascere:

252 757 313 796 nam
337 741 360 794 si
383 737 499 802 solebat,
522 737 601 792 sicuti
624 739 726 808 pascit,
749 739 788 792 ita
812 745 837 790 et
855 739 955 792 cibaria
991 741 1060 792 otest

253 809 323 862 nen¹
347 821 478 862 recusare.
511 804 642 862 interdum
667 813 756 860 tamen
783 821 813 860 ee
839 805 892 860 leci
918 755 1059 860 ιιιιιιι’1ιιιι2

252 877 330 932 debet
353 875 408 930 suis
434 889 491 928 snm
510 875 593 940 tibus,
619 875 641 928 si
658 873 729 928 ferte
746 889 879 940 proponas
898 873 961 928 date
978 889 1059 940 opera

251 961 311 998 eum
327 942 355 996 in
372 941 461 996 lecum
478 891 597 998 abditum
614 959 657 996 res
675 941 832 1020 contulisse,
856 945 886 994 ut
910 941 996 994 actori
1017 941 1058 1020 ιι-

252 1009 413 1066 commodior
430 1017 500 1066 esset
518 1009 656 1064 exhibitio:
681 1025 744 1062 nam
761 1027 788 1062 m
806 1009 877 1062 hunc
895 1023 985 1062 casum
1003 1025 1058 1064 sms

251 1079 400 1148 sumptibus
419 1085 445 1132 et
461 1079 578 1150 periculo
595 1077 702 1132 debebit
717 1076 840 1132 exhibere
854 1075 882 1130 iu
897 1093 957 1132 eum
971 1077 1058 1132 lecum

251 1153 265 1202 2
300 1147 347 1202 ubi
365 1153 466 1216 agatur,
484 1163 518 1200 ne
535 1147 559 1200 ei
578 1147 708 1202 calliditas
726 1161 775 1200 sua
791 1147 884 1216 presit.
920 1145 948 1200 Si
958 1147 990 1198 de
998 1147 1056 1214 plu-

250 1215 323 1280 ribus
341 1215 421 1270 rebus
440 1213 498 1282 quis
517 1215 690 1270 conveniatur
704 1219 731 1266 ιι
744 1213 798 1268 litis
814 1219 978 1270 contestatae
991 1219 1056 1268 tem-

249 1299 314 1354 pere
332 1299 423 1338 omnes
440 1283 573 1352 possedit,
596 1283 659 1336 licet
681 1287 776 1352 postea
800 1281 927 1350 quasdam
951 1281 1059 1336 desierit

250 1351 367 1420 quamvis
386 1351 443 1406 sine
460 1351 521 1404 delo
538 1351 607 1406 male
626 1351 777 1420 possidere,
796 1351 988 1416 damnandum,
1006 1351 1057 1406 uisi

251 1419 376 1474 exhibeat
394 1435 438 1474 eas
457 1435 522 1486 quas
540 1425 636 1488 petest.

285 1483 323 1542 12
341 1487 460 1540 Peuces
475 1485 543 1542 libre
560 1489 702 1542 vicensimo
719 1485 852 1552 sextensi
869 1487 981 1540 edictam
1016 1487 1058 1542 De

250 1569 281 1608 eo
297 1555 455 1620 exhibendo,
474 1569 552 1622 quem
566 1555 625 1624 quis
638 1555 666 1606 iu
680 1555 830 1608 libertatem
844 1555 978 1608 vindicare
986 1555 1056 1622 velit,

251 1627 262 1674 1
299 1621 363 1676 huic
386 1623 486 1676 actioni
503 1623 578 1676 locus
597 1637 654 1676 esse
671 1627 767 1690 potest.
803 1621 840 1676 Et
858 1621 1056 1678 filiusfamilias

249 1705 281 1742 ea
298 1689 404 1744 actione
421 1695 540 1756 tenetur,
558 1691 582 1744 si
597 1689 754 1744 facultatem
770 1693 809 1746 rei
827 1691 991 1744 exhibendae
1007 1693 1056 1744 ha-

249 1761 264 1810 2
298 1759 351 1812 bet.
389 1759 500 1828 Saepius
518 1759 552 1810 ad
570 1759 747 1814 exhibendum
765 1759 861 1828 agenti,
878 1759 902 1814 si
919 1777 951 1814 ex
966 1759 1058 1814 eadem

249 1839 331 1880 causa
360 1833 435 1894 agat,
463 1829 627 1882 obstaturam
654 1829 836 1894 exceptionem
861 1829 978 1882 Iulianus
1005 1829 1056 1882 ait:

248 1909 344 1948 nevam
362 1901 451 1948 autem
475 1909 583 1948 causam
605 1897 775 1960 intervenire,
800 1897 822 1950 si
844 1897 880 1960 ιι,
905 1897 950 1974 qui
972 1897 1056 1948 vindi-

249 1963 327 2014 candi
349 1963 437 2030 gratia
461 1963 567 2032 egisset,
590 1969 653 2032 post
677 1969 816 2032 acceptum
837 1963 964 2018 iudicium
982 1965 1058 2016 ιιιι3

248 2029 282 2082 ab
301 2029 390 2098 aliquo
408 2031 525 2098 accepit,
551 2037 577 2086 et
600 2031 658 2086 idee
686 2031 867 2100 exceptionem
885 2033 909 2086 ei
926 2047 979 2086 nen
997 2031 1056 2084 efii-

249 2113 316 2152 cere.
344 2099 407 2152 item
431 2099 454 2152 si
478 2097 516 2164 ei,
540 2101 585 2168 qui
607 2099 672 2152 furti
696 2105 805 2152 acturus
829 2099 864 2152 ad
882 2099 1057 2152 exhibendum

248 2167 717 2232 egisset,iterumfurtumfactumsit.
737 2165 1058 2244 deniquesiquiseptandi

247 2233 333 2300 gratia
348 2233 384 2286 ad
399 2233 577 2288 exhibendum
591 2235 687 2314 egisset
695 2239 722 2286 et
729 2239 792 2302 post
799 2233 872 2286 htem
882 2239 1057 2288 contestatam

248 2301 357 2354 alterius
381 2305 539 2356 testamento
564 2307 636 2368 eptre
660 2301 724 2356 data
748 2301 795 2366 sit,
821 2301 855 2354 ad
879 2301 1057 2356 exhibendum

248 2371 262 2420 3
298 2383 377 2434 agere
392 2375 487 2438 potest.
524 2367 552 2422 st
561 2369 620 2438 quis
635 2385 669 2422 ex
682 2371 740 2422 uris
755 2369 819 2422 meis
833 2375 951 2424 mustum
964 2367 1057 2422 iecerit

247 2435 288 2488 vel
304 2451 336 2488 ex
350 2437 425 2490 olivis
441 2437 528 2490 eleum
542 2437 583 2490 vel
597 2453 630 2490 ex
644 2437 707 2490 lana
719 2437 884 2502 vestimenta,
904 2453 963 2490 cum
978 2437 1058 2492 sciret

247 2503 314 2558 haec
333 2503 420 2558 aliena
437 2505 522 2570 esset,
545 2503 684 2574 utriusque
706 2505 813 2560 nemine
830 2505 865 2560 ad
882 2503 1058 2560 exhibendum

248 2573 353 2626 actione
371 2573 511 2638 tenebitur,
529 2573 592 2642 quia
610 2575 680 2642 qued
696 2589 729 2626 ex
743 2589 772 2626 re
786 2579 878 2628 uestra
891 2573 922 2626 fit
936 2579 1057 2626 nestrum

247 2645 263 2692 4
299 2655 357 2694 esse
374 2641 461 2694 verius
479 2647 528 2694 est.
564 2641 592 2692 Si
605 2647 668 2710 pest
682 2641 809 2694 iudicium
824 2647 963 2710 acceptum
977 2641 1056 2694 herne

247 2713 367 2762 mortuus
392 2707 440 2770 ιιι,
464 2707 582 2776 quamvis
606 2707 663 2762 sine
687 2709 747 2762 dole
766 2709 836 2762 malo
854 2715 881 2762 et
899 2709 977 2776 culpa
995 2725 1056 2776 pes-

247 2777 366 2840 sesseris,
385 2783 473 2830 tamen
486 2775 620 2830 interdum
635 2777 704 2830 tenti
719 2775 885 2830 damnandus
902 2781 949 2840 est,
965 2777 1058 2844 quanti

247 2845 345 2898 actoris
362 2843 513 2896 interfuerit
530 2859 577 2912 per
596 2857 655 2896 enm
673 2861 727 2898 ιοι
746 2843 881 2908 effectum,
900 2859 952 2912 qne
971 2845 1057 2898 minus

246 2917 311 2966 tunc
338 2929 399 2966 cum
424 2911 552 2964 iudicium
578 2911 743 2980 acciperetur
767 2911 846 2966 hemo
875 2911 1056 2967 exhiberetur:

246 2985 320 3034 tante
338 2979 422 3050 magis
441 2979 463 3034 si
481 2977 621 3048 apparebit
638 2995 668 3034 ee
688 2997 753 3034 casu
771 2987 904 3034 mertuum
923 2995 994 3044 esse,
1013 2981 1057 3048 qui

247 3053 261 3102 5
297 3065 351 3102 neu
368 3049 519 3112 incidisset,
538 3049 561 3100 si
578 3053 634 3100 tum
652 3049 785 3100 exhibitus
802 3047 905 3100 fuisset.
941 3047 970 3100 st
986 3049 1058 3100 iusta

246 3133 279 3170 ex
297 3133 380 3170 causa
398 3115 488 3170 stetim
507 3115 624 3168 exhiberi
641 3131 684 3168 res
702 3131 757 3168 non
773 3115 873 3184 pessit,
897 3115 971 3170 iussu
989 3115 1056 3168 iudi-

247 3189 261 3238 6
298 3185 335 3238 cis
354 3199 448 3238 cavere
467 3183 573 3238 debebit
590 3199 618 3238 se
635 3183 680 3236 ille
699 3183 741 3236 die
759 3183 945 3236 exhibiturum.
972 3183 1056 3236 Heres

245 3269 299 3306 non
323 3253 399 3320 quasi
422 3253 513 3316 heres,
540 3251 588 3304 sed
611 3267 659 3304 sno
683 3251 789 3304 nemine
814 3251 866 3304 hac
890 3251 996 3304 actione
1017 3251 1057 3304 uti

245 3325 349 3400 potest:
373 3321 436 3374 item
458 3319 535 3372 heres
559 3319 721 3388 possessoris
746 3335 795 3372 suo
813 3319 918 3372 nomine
935 3323 1055 3372 tenetur:

245 3389 324 3456 igitur
342 3403 396 3442 non
413 3387 535 3456 precedit
552 3401 694 3454 quaerere,
719 3403 756 3440 an
778 3385 869 3440 heredi
893 3391 919 3440 et
935 3385 963 3440 in
980 3387 1055 3440 here·

246 3457 305 3508 dem
324 3455 413 3510 danda
430 3457 472 3508 sit.
500 3457 580 3524 plane
598 3469 630 3508 ex
647 3455 708 3508 dele
728 3453 846 3508 defuncti
865 3453 952 3508 danda
970 3461 1011 3508 est
1028 3455 1056 3508 in

245 3523 368 3578 heredem
386 3523 453 3578 haec
470 3523 554 3586 actio,
578 3523 602 3576 ιι
625 3523 686 3576 locu
706 3523 783 3576 letior
806 3523 940 3576 hereditas
959 3537 989 3574 eo
1008 3539 1055 3576 ue·

245 3591 414 3712 mincfltlaota
440 3591 487 3658 sit,
520 3591 600 3646 veluti
626 3541 704 3660 :predJ
722 3589 837 3660 pretium
862 3591 900 3644 rei
927 3607 1054 3646 censecu-

245 3671 288 3712 tus
307 3675 348 3714 ιι.

282 3725 319 3784 13
341 3727 434 3784 Gales
449 3727 517 3782 libro
620 3725 657 3782 ed
674 3727 788 3780 edictum
804 3727 941 3796 praeteris
959 3727 1058 3778 cerberei

246 3797 323 3850 litate
341 3795 375 3850 dc
398 3795 504 3850 liberae·
525 3811 608 3850 cetero
643 3793 671 3848 Si
694 3793 762 3848 liber
785 3795 864 3848 homo
888 3793 998 3848 detineri
1022 3795 1055 3848 ab

245 3865 333 3932 aliquo
352 3865 470 3928 dicatur,
494 3863 665 3916 interdictum
683 3863 808 3918 adversus
827 3879 900 3928 eum,
926 3863 971 3932 qui
989 3863 1054 3916 deti-

245 3947 308 3986 nere
326 3931 436 3996 dicitur,
465 3931 496 3986 de
520 3931 668 3986 exhibendo
693 3947 724 3986 ee
747 3937 837 4000 petest
862 3931 919 4000 quis
942 3931 1054 3984 habere:

245 4015 307 4052 nam
325 3999 360 4052 ad
377 3999 554 4054 exhibendum
578 4001 648 4054 actio
671 4001 699 4054 iu
717 4015 775 4054 cam
792 4015 848 4054 rem
865 3999 965 4054 inutilis
983 3999 1055 4054 ride-

245 4239 274 4300 (t)
292 4239 579 4304 uenpotestFerneries
665 4245 697 4306 (a)
716 4241 870 4292 exhiberiF¹
956 4241 988 4306 (ιι
1007 4259 1058 4292 rem

245 4307 289 4354 ιιι.
360 4311 391 4370 ιι)
410 4323 569 4360 cum...csse
581 4311 651 4360 bisF
717 4311 749 4374 (t)
768 4309 930 4376 peculiariter
938 4311 972 4374 N,
983 4327 1057 4378 pecu-

1055 349 1112 420 tle

1841 359 1913 422 X4

1109 541 1162 600 tur,
1181 537 1242 604 quia
1259 537 1326 592 haec
1343 541 1413 594 actio
1430 541 1455 594 ei
1472 541 1586 596 creditur
1604 541 1758 604 competere,
1778 537 1852 590 cuius
1866 553 1912 604 pe-

1112 603 1270 658 cuniariter⁵
1286 605 1404 658 interest.

1147 667 1185 724 tt
1202 671 1372 724 Postremus
1391 673 1458 726 libre
1482 681 1578 742 quarte
1602 671 1702 728 decime
1726 669 1763 724 ιι
1784 669 1913 724 Sabinam

1111 737 1140 790 Si
1155 737 1194 790 vir
1211 755 1331 792 nummos
1354 739 1388 792 ab
1412 757 1495 794 uxore
1518 741 1569 796 sibi
1590 741 1717 802 denetes,
1741 737 1827 790 sciens
1850 753 1914 792 suos

1110 803 1197 860 factos
1214 821 1268 860 nen
1290 821 1361 872 esse,
1385 823 1433 874 pre
1457 823 1486 860 re
1509 813 1596 876 empta
1621 807 1735 872 dederit,
1760 805 1819 860 dolo
1844 805 1914 860 male

1109 873 1173 928 fecit
1196 889 1248 942 que
1274 875 1359 928 minus
1382 873 1519 944 possideat
1541 881 1567 928 et
1592 877 1653 932 ideo
1679 877 1713 932 ad
1739 873 1914 928 exhibendum

1110 943 1215 996 actione
1231 947 1344 996 tenetur.

1147 1007 1184 1066 15
1202 1009 1281 1064 Iena
1295 1011 1362 1066 libre
1381 1015 1474 1066 ecteee
1493 1009 1592 1064 decimo
1611 1011 1647 1066 cd
1661 1011 1790 1068 Sabinam
1825 1009 1914 1064 Theu-

1110 1093 1205 1132 saurus
1228 1093 1302 1132 meus
1324 1081 1352 1132 in
1373 1083 1420 1132 tue
1444 1075 1527 1132 funde
1552 1083 1593 1132 est
1614 1095 1663 1132 nec
1681 1079 1857 1150 compateris
1874 1093 1917 1132 me

1110 1147 1238 1200 effodere:
1263 1163 1323 1200 curu
1348 1163 1407 1200 eun:
1424 1147 1484 1200 lece
1503 1161 1557 1198 nen
1573 1147 1698 1212 moveris,
1721 1149 1787 1204 furti
1811 1147 1916 1216 quidem

1110 1219 1157 1266 aut
1175 1213 1209 1266 ad
1227 1213 1403 1268 exhibendum
1420 1231 1451 1268 eo
1469 1213 1575 1268 nemine
1589 1229 1667 1280 agere
1681 1223 1754 1270 recto
1769 1233 1823 1270 non
1837 1231 1917 1284 pesse

1109 1297 1151 1336 me
1163 1281 1253 1336 Labeo
1272 1283 1317 1348 ait,
1337 1283 1398 1350 quia
1416 1297 1501 1350 neque
1517 1279 1665 1350 possideres
1679 1297 1738 1336 enm
1753 1299 1839 1364 neque
1856 1285 1916 1338 dole

1108 1351 1203 1406 feceris
1222 1367 1274 1418 ιιι
1291 1351 1377 1404 minus
1394 1351 1552 1418 possideres,
1570 1353 1662 1416 utpote
1676 1365 1737 1404 cum
1751 1351 1808 1406 fien
1823 1353 1914 1420 pessit,

1109 1425 1140 1473 ut
1157 1417 1260 1472 nescias
1279 1433 1339 1472 eum
1355 1417 1527 1472 thensaurum
1544 1417 1572 1470 in
1589 1423 1636 1470 tue
1661 1417 1745 1472 fundo
1770 1435 1836 1474 esse.
1864 1435 1917 1474 non

1110 1491 1266 1540 assecutam
1280 1487 1400 1554 iniquum
1414 1485 1512 1540 iuranti
1526 1485 1590 1538 mihi
1604 1501 1659 1540 nen
1674 1485 1822 1540 calumniae
1836 1503 1919 1540 causa

1109 1555 1137 1608 id
1159 1555 1296 1624 postulare
1318 1555 1359 1608 vel
1382 1555 1552 1608 interdictum
1574 1555 1616 1606 ιιι
1638 1553 1764 1606 iudicium
1787 1555 1825 1606 ita
1852 1554 1917 1618 dari,

1109 1627 1153 1688 ut,
1172 1623 1260 1690 siper
1277 1637 1318 1674 me
1341 1637 1395 1676 nen
1418 1623 1505 1686 stetit,
1530 1637 1581 1690 ιιι
1605 1621 1691 1674 minus
1715 1619 1805 1672 damni
1827 1621 1919 1676 iniecti

1109 1691 1158 1744 tibi
1175 1691 1262 1758 operis
1280 1691 1386 1744 nemine
1403 1695 1534 1754 caveatur,
1554 1705 1586 1742 ue
1604 1687 1654 1742 rim
1672 1687 1757 1742 iacias
1775 1689 1847 1754 mihi,
1867 1707 1918 1758 ιιι

1110 1759 1196 1812 minus
1223 1775 1281 1812 enm
1307 1759 1478 1812 thensaurum
1505 1757 1628 1810 effodiam
1653 1757 1746 1810 tollam
1773 1763 1917 1824 expertem.

1110 1825 1181 1896 quod
1196 1827 1218 1880 si
1232 1827 1311 1882 etiam
1326 1825 1438 1880 furtivus
1452 1827 1504 1880 iste
1518 1825 1678 1880 thensaurus
1694 1831 1742 1890 est,
1762 1825 1841 1876 etiam
1855 1825 1920 1878 furti

1109 1897 1150 1948 a'
1188 1901 1265 1948 otest.
1914 1937 1915 1940 ι

1125 1911 1186 2020 ξιξ
1202 1961 1320 2016 Preces
1341 1961 1408 2016 libre
1433 1961 1533 2016 dentem
1557 1961 1593 2014 ed
1609 1959 1738 2014 Sabinam
1774 1959 1840 2014 Cum
1852 1983 1853 1988 ¹
1864 1975 1919 2014 ser-

1109 2047 1157 2086 vus
1174 2035 1248 2084 tenet
1265 2029 1377 2098 aliquid,
1402 2029 1522 2084 deminus
1546 2029 1581 2082 ad
1604 2029 1781 2084 exhibendum
1804 2045 1852 2082 suc
1871 2045 1918 2084 no-

1109 2099 1179 2152 mine
1196 2105 1316 2152 tenetur:
1336 2099 1359 2152 si
1376 2103 1465 2152 autem
1479 2113 1571 2152 servus
1586 2099 1653 2152 citra
1668 2097 1807 2152 scientiam
1822 2097 1920 2152 demini

1110 2167 1170 2220 dele
1189 2167 1253 2220 lecit
1270 2183 1322 2236 quo
1340 2167 1426 2218 minus
1444 2167 1556 2230 habeat,
1580 2167 1620 2218 vel
1643 2165 1709 2218 furti
1733 2165 1804 2220 actio
1829 2165 1871 2218 vel
1889 2167 1921 2218 de

1110 2233 1170 2288 dele
1190 2233 1257 2288 male
1276 2233 1378 2288 noxalis
1396 2233 1464 2286 servi
1481 2233 1586 2288 nemine
1604 2233 1692 2286 danda
1709 2239 1764 2298 est,
1789 2233 1824 2286 ad
1847 2233 1919 2286 exhi·

1109 2301 1226 2354 bendum
1244 2307 1332 2354 autem
1350 2301 1421 2354 utilis
1439 2301 1513 2356 nulla
1532 2301 1718 2356 constituenda
1736 2305 1785 2356 est.

1147 2365 1182 2422 17
1208 2369 1353 2422 [lunenses
1374 2367 1442 2422 libre
1460 2385 1531 2422 raone
1550 2369 1583 2422 dc
1601 2369 1723 2424 emrtibes
1741 2369 1921 2422 triburealibas

1110 2435 1137 2488 Si
1156 2437 1214 2506 quis
1231 2437 1362 2490 homiuem
1380 2437 1545 2490 debilitatum
1560 2437 1682 2492 exhibeat
1698 2437 1741 2492 ιιι
1766 2437 1921 2500 ιιιιιιιιιι,

1109 2503 1144 2556 ad
1163 2503 1338 2560 exhibendum
1354 2503 1459 2574 quidem
1475 2505 1575 2560 absolvi
1584 2505 1675 2560 debet:
1694 2505 1835 2560 ιιιιιιιιι6
1853 2505 1921 2558 enim

1111 2577 1137 2626 et
1161 2573 1227 2626 nihil
1249 2571 1359 2642 impedit
1379 2573 1508 2626 directam
1533 2573 1664 2628 actionem
1690 2573 1752 2626 talis
1778 2573 1920 2626 exhibitio:

1109 2641 1208 2760 peterit
1230 2647 1320 2696 tamen
1346 2657 1423 2710 egere
1446 2647 1521 2696 actor
1544 2657 1577 2694 ex
1599 2643 1655 2710 lege
1678 2641 1787 2710 Aquilia
1813 2641 1845 2694 de
1869 2641 1926 2694 hoc

1129 2721 1217 2762 amne.

1146 2771 1183 2830 18
1202 2775 1281 2828 lenm
1297 2777 1365 2830 libre
1382 2781 1460 2832 sexte
1478 2779 1636 2848 optationem
1670 2775 1808 2830 Solutione
1833 2777 1920 2830 chiro-

1109 2845 1210 2910 grapho
1228 2845 1301 2896 inani
1318 2843 1390 2898 facte
1409 2851 1435 2896 et
1452 2845 1606 2914 pignoribus
1625 2845 1743 2898 liberatis
1766 2845 1848 2898 nihilo
1874 2845 1922 2896 mi-

1110 2927 1160 2964 nus
1179 2911 1300 2976 creditor,
1319 2917 1349 2966 ut
1365 2911 1542 2966 instrumenta
1556 2911 1591 2966 ad
1605 2929 1664 2968 eum
1680 2919 1848 2966 contractum
1862 2929 1921 2980 per-

1110 2979 1221 3032 tinentia
1247 2981 1280 3034 ab
1307 2981 1359 3034 alie
1384 2995 1462 3048 quam
1486 2981 1605 3034 debitore
1629 2979 1818 3048 exhibeantur,
1847 2995 1923 3048 agere

1130 3053 1206 3100 otest.

1109 3065 1409 3172 praetermisero
1434 3121 1531 3184 paerte
1557 3117 1734 3184 ephemerum
1752 3115 1848 3184 Alfctet'
1880 3115 1923 3168 Ad

1110 3181 1286 3236 exhibendum
1308 3187 1421 3252 possunt
1444 3197 1521 3250 agere
1544 3197 1635 3236 omnes
1660 3199 1775 3302 puerum
1800 3183 1920 3238 interest.

1110 3249 1158 3304 sed
1175 3249 1281 3320 quidam
1300 3251 1446 3314 consuluit,
1472 3265 1506 3302 an
1530 3249 1616 3318 pessit
1634 3249 1662 3304 ei
1680 3265 1741 3304 cere
1758 3251 1825 3304 haec
1844 3251 1922 3316 actio,

1109 3321 1140 3370 ιι
1156 3319 1272 3372 ιιιιοιιι
1291 3317 1434 3370 adversarii
1458 3317 1509 3370 sibi
1532 3317 1732 3384 exhiberentur,
1758 3333 1824 3386 quas
1849 3319 1928 3370 exhi-¹

1108 3385 1166 3436 beri
1189 3385 1276 3464 magni
1301 3385 1357 3438 eius
1380 3385 1528 3438 interesset.
1561 3385 1698 3506 respondit
1721 3401 1775 3440 nen
1800 3391 1923 3454 opertere

1108 3451 1149 3506 ius
1169 3453 1243 3508 civile
1262 3453 1417 3508 calumniari
1434 3455 1538 3520 ιιιιιτ
1556 3469 1601 3506 ver
1620 3469 1636 3506 a
1654 3459 1770 3520 captam,
1798 3453 1845 3508 sed
1868 3469 1921 3520 ιιι

1109 3525 1195 3574 mente
1213 3523 1276 3590 quid
1294 3521 1439 3586 diceretur,
1458 3521 1665 3574 animadvertere
1683 3521 1832 3576 convenire.
1859 3537 1921 3574 nam

1109 3589 1153 3640 illa
1169 3589 1272 3644 ratione
1286 3589 1365 3642 etiam
1380 3589 1546 3642 ιιιιιιοιιιι8
1561 3589 1672 3642 alicuius
1689 3589 1828 3642 doctrinae
1841 3605 1922 3658 pesse

1109 3655 1197 3710 dicere
1214 3673 1263 3712 sua
1280 3657 1408 3712 interesse
1423 3657 1481 3712 illes
1497 3663 1545 3712 aut
1558 3657 1617 3712 illes
1631 3657 1713 3710 libres
1729 3657 1779 3710 sibi
1794 3655 1920 3722 exhiberi,

1109 3725 1185 3794 quie,
1205 3725 1226 3778 si
1244 3733 1332 3780 essent
1350 3727 1472 3790 exhibiti,
1492 3743 1552 3778 cum
1571 3725 1754 3794 conlegisset,
1773 3723 1877 3778 dectior
1895 3731 1920 3778 et

1108 3793 1201 3846 melier
1217 3793 1324 3848 futurus
1343 3799 1420 3848 esset.

1142 3857 1182 3920 20
1205 3859 1350 3916 Uarianos
1364 3863 1432 3916 libre
1449 3861 1566 3916 seconde
1584 3859 1741 3934 repuleram
1778 3859 1918 3928 Quaestio·

1107 3931 1149 3984 nis
1166 3929 1304 3984 habendae
1322 3945 1404 3986 causa
1422 3931 1457 3982 ad
1475 3931 1650 3984 exhibendum
1665 3929 1752 3998 agitur
1767 3945 1800 3984 ex
1816 3929 1919 3984 delictis

1108 4015 1243 4054 serverum
1261 3997 1295 4052 ad
1312 3997 1503 4054 ιιιιιιιιιιιοιο
1522 3997 1642 4054 ιιιιιιιι
1660 4013 1731 4052 ιιιι.

1111 4243 1185 4292 liater
1201 4241 1226 4292 F
1308 4243 1340 4304 (a)
1360 4239 1492 4304 exignitE
1550 4243 1582 4304 lt)
1601 4237 1688 4288 uecN
1762 4237 1795 4302 (8)
1814 4235 1923 4302 ricmis,

1111 4313 1250 4380 studiorum
1258 4309 1297 4360 Fe
1366 4311 1400 4372 (9)
1418 4309 1566 4358 indicandos
1577 4309 1633 4360 dett.
