4366 6258
255 389 290 436 ii'i·
308 387 340 432 nr
360 383 504 430 POSSESS.
526 383 694 430 austros.

254 547 366 676 ffiriaesiit:
397 549 437 598 tes
450 545 559 598 atricem
581 545 654 612 apud
676 543 801 598 nasutum
824 559 915 610 suum,
943 559 976 598 ex
993 555 1045 610 quo

285 633 325 672 um
338 613 487 680 reliquerat,
505 625 549 666 res
566 611 721 678 deposuisse
737 625 792 664 non
809 617 905 664 exacta
922 611 1047 666 cautione

255 681 425 754 depositionis:
444 695 485 758 ‘an
503 695 534 732 ea
551 693 594 732 res
610 679 683 746 patri
698 677 792 758 heredi
807 677 1047 760 restituidebeat?

255 765 354 832 ..aa
372 761 497 868 ilbi
510 745 989 870 tiriballtuttrhhh
1004 743 1047 866 ti

255 817 456 952 nfirbbbiebeaupiud
467 895 545 950 quem
555 881 603 936 dos
614 829 810 936 remansis’seti)
820 883 966 952 respondit,
976 879 1047 952 quod

1037 355 1097 424 iii

1719 349 1859 412 XXXVI
1883 353 1901 412 4

1097 537 1197 600 datum,
1216 537 1365 604 quaesitum
1374 543 1423 604 est,
1442 553 1477 592 an
1495 537 1575 592 etiam
1591 547 1684 588 rursus
1702 529 1847 584 carendum
1862 531 1904 596 sit,

1097 605 1119 658 si
1143 603 1214 658 forte
1237 605 1341 658 dicatur
1365 621 1461 674 egenos
1485 605 1653 658 fideiussores
1676 613 1734 654 esse
1756 596 1843 652 dator.
1865 605 1905 678 'ct

1097 671 1181 738 magis
1194 677 1242 736 est,
1260 677 1292 724 ιιι
1303 675 1389 726 careri
1400 689 1455 728 uon
1472 673 1580 728 debeat:
1598 671 1650 726 hoc
1669 667 1737 724 euim
1755 667 1830 722 divus
1840 667 1905 722 Pius

1097 737 1235 808 rescripsit
1246 739 1377 792 Pacuuiae
1387 739 1554 796 Licinianae:
1571 739 1657 808 ipsam
1672 737 1741 794 enim
1754 735 1875 790 facilitati
1886 739 1905 768 '⁴

1097 821 1164 862 suae
1181 821 1326 876 expensum
1343 805 1413 862 ferre
1430 807 1534 874 debere,
1554 823 1621 878 quoe
1637 807 1725 862 minus
1736 805 1905 860 fideiussores

1098 873 1209 928 idoneos
1221 875 1338 944 accepit:
1357 877 1524 942 nequeenim
1542 883 1647 956 oportet
1663 893 1710 946 per
1728 873 1832 946 singula
1848 889 1902 928 mo·

255 955 357 1012 nuberis
377 949 517 1006 mansisset
536 963 588 1004 nec
604 949 634 1002 in
650 949 713 1004 dote
728 949 837 1014 fuisset,
855 949 1047 1004 restituendum
1097 949 1187 996 menta
1205 943 1310 998 onerari
1328 957 1395 1006 eum,
1413 957 1430 994 a
1448 959 1500 1012 quo
1518 949 1583 998 satis
1599 945 1707 1012 petitur.

257 1031 268 1078 i
296 1037 348 1078 esse
370 1015 468 1072 heredi.
503 1017 600 1082 Tutor,
623 1015 669 1084 qu
691 1021 719 1072 ct
742 1017 852 1072 coheres
869 1017 964 1086 pupilli
981 1021 1047 1080 erat,

1130 1007 1152 1066 4
1169 1007 1353 1064 Pherraria
1367 1011 1435 1066 libro
1454 1011 1593 1066 vicensimo
1609 1019 1701 1068 octavo
1720 1015 1904 1084 quaestionum

257 1093 352 1146 absecto
362 1085 471 1164 pupillo,
485 1101 546 1140 cum
554 1083 751 1138 admonuerunt
762 1099 824 1138 eum
833 1085 962 1154 legatarii,
972 1083 1047 1138 fidoi
1097 1077 1182 1132 Plane
1198 1075 1222 1132 si
1238 1093 1307 1132 nora
1325 1093 1407 1132 causa
1424 1077 1561 1144 allegetur,
1579 1079 1659 1134 veluti
1676 1079 1748 1150 quod
1764 1079 1906 1136 fideiussor

256 1155 373 1214 commissi
395 1169 502 1208 nomine
522 1153 552 1206 in
573 1151 687 1206 solidum
708 1153 768 1222 ipse
785 1153 863 1208 cavit.
899 1153 1047 1222 quaesitum

1098 1145 1242 1200 decesserit
1265 1151 1313 1200 aut
1335 1147 1413 1198 etiam
1436 1159 1493 1198 rem
1514 1145 1670 1202 familiarem
1691 1149 1828 1218 inopinato
1850 1147 1905 1204 for-

256 1231 300 1290 est,
316 1239 348 1280 an
363 1221 392 1276 in
413 1237 450 1288 pu
469 1219 544 1274 iilum
561 1219 681 1274 adultum
698 1219 800 1276 factum
818 1219 906 1276 danda
923 1219 958 1274 sit
974 1219 1047 1276 utilis
1097 1219 1179 1268 tunae
1202 1213 1302 1282 impetu
1325 1213 1456 1278 amiserit,
1479 1229 1592 1282 aequum
1616 1215 1665 1270 erit
1686 1219 1819 1288 praestari
1841 1231 1905 1272 cau-

257 1295 323 1350 aotio.
355 1303 453 1358 respon
473 1289 493 1342 't
509 1287 633 1344 dandam

601 1493 688 1556 11111.

257 1597 291 1648 ill
307 1595 342 1646 IN
357 1593 605 1646 POSSESSIONEM
621 1593 833 1648 resarcitum
853 1593 922 1646 me
939 1593 1048 1646 rioni-

287 1661 520 1714 OOMMISSORUM
538 1661 791 1780 SEXXbXbORUM
807 1661 917 1714 CAUSA
932 1663 1015 1714 ESSE

285 1827 318 1886 1²
346 1827 489 1882 narraras
514 1827 582 1884 libro
605 1831 847 1900 quinquagessimo
869 1829 987 1886 sccuaclo
1013 1827 1050 1882 od

257 1897 356 1952 ediciam
389 1895 511 1966 Siquis,
536 1913 596 1950 eum
612 1897 708 1954 vetitus
733 1903 804 1952 esset
828 1897 894 1952 satis
918 1897 1048 2016 εεείἑιειε,

257 1963 387 2032 acceperit,
411 1979 446 2016 an
461 1963 547 2032 repeti
563 1965 702 2020 satisdatio
719 1965 790 2020 ista³
806 1965 906 2034 possit,
923 1969 955 2018 ut
991 1979 1048 2018 eres

257 2033 366 2088 tondeat
388 2029 588 2086 liberationem?
616 2035 771 2104 etquidem
796 2033 837 2086 sii
860 2033 947 2086 sciens
972 2031 1048 2086 heres

257 2101 389 2156 indebitum
413 2101 495 2164 cavit,
518 2107 637 2168 repetere
659 2117 713 2156 non
729 2105 827 2170 potest.
864 2099 928 2170 quid
944 2099 1047 2164 deiude,

257 2167 558 2288 reric
575 2167 1047 2302 rr

334 2275 339 2286 ·
1041 2275 1047 2298 a

258 2299 370 2368 numquid
393 2301 532 2356 condicere
557 2303 643 2370 possit
666 2301 711 2368 qui
734 2303 775 2356 ius
792 2301 942 2368 ignoravit?
961 2301 1048 2356 adhuc

257 2373 333 2422 amer
342 2367 450 2438 benigne
462 2369 521 2449 quis
533 2369 628 2422 dixerit
635 2367 838 2424 satisdationem
848 2369 952 2424 oonffici
960 2385 1047 2436 posse.

258 2435 310 2504 quid
330 2435 435 2500 deinde,
459 2453 483 2490 ει
506 2437 646 2492 commissa
663 2437 698 2490 sit
715 2437 860 2504 stipulatio,
878 2435 1047 2492 fideiussores

257 2509 366 2572 pommus
383 2503 538 2572 exceptione
554 2503 594 2558 uti
611 2519 690 2572 posse
707 2519 741 2556 an
760 2503 832 2556 non?
856 2509 882 2558 et
899 2505 983 2572 magis
1001 2511 1048 2566 est,

257 2577 281 2624 ut
299 2575 403 2624 utantur
427 2571 597 2638 exceptione,
620 2569 682 2640 quia
699 2585 732 2624 cx
749 2585 781 2624 ea
800 2585 882 2624 causa
899 2571 1050 2626 intercessit

259 2643 268 2692 1
298 2637 438 2702 sadadatio,
458 2653 491 2692 ex
502 2653 619 2704 quanoa
630 2637 730 2692 debuit.
756 2637 818 2692 Non
836 2637 915 2704 exigit
931 2643 1048 2706 praetor,

257 2709 282 2758 ut
290 2719 333 2772 per
342 2705 465 2758 heredem
475 2709 535 2770 stet,
554 2707 706 2772 quominus
725 2709 825 2770 caveat,
845 2705 892 2758 sed
909 2711 1049 2760 contentus

257 2771 299 2826 ioit
313 2785 357 2840 per
374 2773 528 2840 legatarium
545 2773 585 2826 vel
602 2773 874 2826 fideicommissariam
891 2787 945 2826 uon
968 2777 1048 2836 stare,

257 2855 300 2908 quo
315 2839 397 2892 minus
416 2839 440 2892 ei
458 2845 591 2894 careatur.
626 2855 708 2908 quare
726 2839 749 2894 si
766 2855 821 2894 non
837 2839 926 2904 fuerit,
944 2839 990 2908 qui
1008 2839 1048 2892 in·

257 2905 395 2974 terpelietur
407 2905 538 2962 cautionis
554 2907 668 2974 nomine,
686 2907 738 2960 hoc
756 2909 815 2960 est⁵
830 2907 855 2962 is
872 2919 890 2960 a
907 2923 958 2974 quo
976 2905 1048 2974 lega·

258 2983 304 3028 tum
312 2973 401 3028 fideire
413 2975 580 3028 commissum
591 2975 712 3028 relictum
725 2979 774 3040 est,
788 2973 939 3028 omnimodo
951 2977 1050 3044 poterit

257 3041 384 3108 legatarius
408 3047 435 3094 et
458 3041 716 3096 fideicommissariis
740 3043 769 3094 in
794 3043 992 3112 possessiouem
1017 3059 1050 3096 ex

259 3111 302 3162 hoc
313 3109 394 3160 edicto
413 3109 489 3172 mitti,
507 3109 570 3188 quia
582 3123 673 3162 verum
689 3115 732 3164 est
748 3123 797 3178 per
814 3125 883 3172 eum,
902 3109 946 3162 oui
963 3109 1050 3164 caveri

257 3175 383 3244 oportebit,
401 3191 455 3228 non
473 3175 538 3240 fieri,
573 3191 608 3230 uo
625 3177 713 3230 minus
731 3181 866 3230 careatur.
896 3181 1051 3232 nontamen

257 3251 279 3298 ει
293 3241 424 3298 satisdatio
442 3243 520 3298 debet
537 3193 627 3298 oberti
643 3243 781 3310 legatario,
800 3243 848 3298 sed
865 3241 978 3310 sufficit,
996 3243 1051 3298 sive

257 3311 399 3366 desideravit
416 3311 461 3364 eti
477 3325 531 3364 non
548 3315 671 3374 caretur,
689 3311 743 3364 sire
759 3327 814 3364 nou
831 3309 944 3376 habeat,
962 3325 980 3364 a
997 3327 1049 3378 quo

258 3383 270 3432 i
298 3379 359 3434 satis
380 3375 517 3430 desideret.
558 3375 586 3430 Si
609 3377 722 3432 debitori
743 3377 866 3430 liberatio
890 3377 925 3430 sit
947 3377 1049 3442 relicta,

257 3463 302 3502 nou
311 3451 349 3500 est
358 3445 486 3512 exigenda
500 3445 596 3508 cautio,
606 3447 669 3512 quia
678 3445 759 3498 hahet
771 3459 853 3514 penes
872 3459 901 3498 se
917 3445 1049 3514 legatum:

257 3515 348 3582 quiere
367 3511 389 3568 si
407 3511 586 3576 conveniatur,
605 3513 761 3580 exceptione
779 3511 833 3572 doli
851 3511 914 3564 mali
929 3513 970 3564 uti
986 3527 1049 3580 pos·

258 3587 269 3634 3
299 3581 344 3634 sit⁷
361 3581 384 3634 ei
408 3579 450 3634 cui
473 3579 589 3646 legatum
613 3581 746 3634 εοΙιιιιιιιι8
770 3585 819 3634 est.
857 3579 923 3632 Cum
947 3583 1050 3634 constet

257 3649 357 3716 legatum
372 3663 427 3700 non
444 3647 543 3712 deberi,
563 3647 637 3700 dirus
655 3647 719 3700 Pius
737 3647 772 3700 ad
786 3647 928 3700 Aemilium
945 3647 1049 3716 Eques-

257 3721 312 3770 trem
333 3715 468 3784 rescripsit
491 3731 545 3768 ιιοιι
566 3713 661 3768 debere
701 3721 833 3770 raetorem
851 3715 1053 3768 satisdationem

258 3791 270 3838 t
300 3783 439 3838 admittere.
475 3781 551 3836 Tunc
573 3787 635 3836 ante
657 3797 673 3834 a
694 3783 757 3836 'tam
780 3781 954 3838 hereditatem
971 3781 1049 3836 satis-

257 3851 360 3906 dandum
383 3850 415 3904 de
436 3849 531 3918 legatis
553 3853 606 3914 est,
631 3865 692 3904 oum
710 3851 798 3904 adhuc
815 3849 925 3908 dubium
943 3855 996 3912 est,
1016 3865 1050 3902 an

257 3919 375 3974 hereditas
386 3917 506 3970 adeatur.
533 3921 650 3972 ceterum
662 3917 684 3970 si
695 3923 796 3972 certum
814 3917 868 3972 sit⁰
884 3917 1050 3986 repudiatam

257 3989 291 4042 rel
309 3987 428 4042 omissam
449 3983 623 4040 hereditatem
640 3985 682 4040 uel
698 3987 837 4042 abstentos
848 3987 867 4018 ²⁰
883 3985 1049 4040 necessarios

257 4055 361 4120 heredes,
378 4053 541 4108 frustrahoc
552 4051 668 4108 edictum
684 4053 851 4122 imploratur,
869 4069 930 4108 cum
948 4057 1050 4106 certum

257 4123 308 4178 sith
338 4129 410 4176 aium
426 4123 468 4176 rel
485 4121 716 4178 fideicommissum
732 4137 788 4176 non
805 4119 935 4176 deberi¹¹.

284 4189 301 4246 2
332 4205 392 4244 urar
407 4189 475 4246 libro
493 4191 708 4260 sepiuapcnmmo
727 4205 798 4244 aoao
816 4189 853 4244 ud
869 4189 984 4244 edictum
1019 4187 1049 4242 Si

257 4265 333 4314 autem
342 4263 441 4312 certum
453 4257 490 4312 sit
500 4255 675 4312 hereditatem
684 4259 705 4290 ¹²
722 4257 836 4312 necdum
846 4255 946 4312 aditam
958 4255 1049 4324 fuisse,

257 4343 298 4382 nec
314 4327 447 4382 satisdatio
464 4341 515 4380 neo
532 4327 665 4406 possessio
681 4327 771 4380 locum
786 4325 878 4382 babet.

284 4393 470 4452 iinruiitro
488 4395 729 4464 qucuquupccrimo
746 4395 864 4448 secundo
881 4393 919 4446 ud
935 4393 1050 4446 edictum

257 4459 318 4526 Stis,
334 4479 351 4518 a
367 4477 418 4532 quo
430 4461 495 4516 satis
503 4463 610 4530 petitur,
628 4459 725 4516 offerat
735 4461 912 4530 cognitionem
923 4465 951 4516 et
965 4459 1048 4514 dicat:

257 4529 332 4586 ‘hodie
346 4535 448 4586 constet
466 4529 528 4584 de=¹³
545 4529 756 4598 fideicommisso,
774 4529 854 4584 hodie
865 4529 991 4598 agamus,
1010 4527 1049 4582 di-

257 4597 356 4654 teniom
368 4603 408 4654 est
419 4613 524 4654 cessare
536 4597 742 4666 satisdationem,
761 4615 822 4654 cum
838 4597 924 4668 possit
942 4603 1005 4652 ante
1016 4597 1049 4652 de

257 4669 267 4716 i
292 4665 487 4722 fideicommissa
499 4683 578 4736 quam
589 4667 622 4720 de
639 4667 811 4720 satisdatione
829 4673 960 4722 constare.
992 4665 1050 4722 Nec

256 4747 303 4786 non
322 4735 366 4790 illa
383 4735 497 4804 cognitio
515 4733 681 4804 imploranda
698 4735 747 4788 erit
764 4735 798 4786 ab
816 4735 921 4800 herede,
941 4735 964 4788 si
979 4733 1051 4790 forte

256 4799 349 4858 dicatur
360 4819 408 4872 per
418 4803 576 4858 calumniam
587 4801 652 4856 satis
667 4801 735 4870 peti:
754 4801 806 4856 hoc
824 4803 894 4856 enim
911 4817 1051 4858 commuue

257 4875 292 4948 est
305 4873 417 4926 omnium
434 4871 644 4926 satisdationum.
674 4869 748 4924 divus
766 4871 837 4924 enim
854 4869 918 4924 Pius
935 4871 1050 4942 rescrip-

256 4941 285 4990 srt
305 4953 362 4992 eum
383 4939 456 5008 apud
473 4955 550 5008 quem
567 4939 631 4994 satis
649 4939 762 5008 petitur,
787 4939 885 4994 debere
902 4939 1050 5008 explorare,

255 5017 310 5058 uum
330 5023 378 5076 per
399 5007 556 5062 calumniam
579 5007 645 5062 satis
662 5011 781 5076 petatur:
809 5005 843 5060 de
860 5023 914 5074 qua
930 5023 959 5062 re
977 5023 1050 5062 sum-

256 5071 268 5122 i
298 5077 384 5128 matini
407 5075 486 5130 dehet
503 5089 671 5146 cognoscere.
707 5075 735 5128 Si
752 5079 912 5142 procurator
929 5075 994 5130 satis
1010 5077 1050 5130 le-

254 5145 366 5260 {storum
386 5143 528 5210 desideret,
552 5143 696 5212 siquidem
713 5141 868 5196 mandatum
886 5141 911 5196 ei
927 5143 976 5208 sit,
994 5161 1051 5200 uon

270 5209 354 5264 abebit
368 5227 477 5268 necesse
493 5211 527 5266 de
542 5217 601 5266 rato
619 5227 725 5278 carere,
743 5209 859 5268 sederit
876 5211 900 5264 ei
917 5211 1051 5266 satisdan-

255 5273 323 5332 dum:
341 5279 363 5332 si
373 5295 435 5334 vero
447 5279 591 5346 dubitetur,
609 5297 645 5334 an
657 5279 812 5336 mandatum
829 5281 864 5334 sit
880 5279 922 5332 vel
939 5281 1050 5350 nonsit,

257 5345 269 5394 i
300 5343 331 5398 de
345 5351 404 5402 rato
417 5349 504 5402 cautio
518 5347 568 5402 erit
577 5349 713 5416 exigenda.
743 5349 772 5404 Si
783 5347 864 5402 semel
874 5347 958 5402 fuerit
968 5349 1050 5404 satis-

259 5581 264 5592 ·
284 5515 312 5578 tr)
327 5517 440 5570 iiiam.
452 5533 473 5572 s.
486 5529 522 5580 rm
542 5519 601 5572 Sat.
613 5533 633 5572 e.
645 5533 669 5582 ιι
689 5521 873 5590 Pcp.us...1ir
890 5521 956 5588 Arm·
966 5533 999 5572 it.
1009 5533 1049 5584 ra;

255 5599 294 5632 ιιι.
304 5593 333 5636 ιε.
343 5597 418 5636 ιι.-
431 5587 494 5638 Bas.
504 5591 546 5650 44,
555 5599 633 5640 aa-
649 5589 686 5656 Of.
700 5591 757 5642 cad.
767 5595 828 5656 esi
914 5589 947 5654 (ι)
965 5589 1000 5638 ad
1014 5597 1049 5650 §a

256 5651 323 5714 tf.D.
333 5653 372 5716 36,
380 5665 402 5718 3,
410 5665 461 5718 ii,i
539 5655 570 5718 (3)
587 5655 624 5706 iia
632 5657 818 5710 Breuemannas
892 5659 924 5720 (i)
941 5657 1018 5708 sicia
1030 5659 1056 5710 F

254 5717 282 5776 (ι)
299 5717 469 5774 theatinam.
480 5723 505 5772 Β
581 5723 615 5786 (ι)
634 5723 693 5776 eil?
762 5731 795 5788 (ι)
813 5723 951 5788 similisque
959 5725 992 5772 sit
1001 5727 1047 5776 ias.

256 5787 285 5846 ιε)
300 5785 435 5836 uolutamF
494 5791 528 5852 ιε)
545 5789 600 5840 aii*
661 5795 705 5854 (ιι)
724 5793 883 5842 absterreri*
946 5793 987 5854 (ir)
1007 5791 1049 5844 de·

1097 1283 1204 1336 tionem.

1132 1347 1151 1408 5
1175 1349 1320 1404 Urrrauns
1328 1349 1395 1404 libro
1406 1349 1647 1470 qaiagaapcasimo
1659 1335 1776 1408 secundo
1788 1353 1825 1408 ccl
1836 1353 1905 1408 edic-

1100 1423 1155 1472 iam
1187 1417 1215 1472 Is
1229 1417 1274 1472 eui
1286 1417 1434 1486 legatorum
1448 1417 1468 1472 fi
1488 1417 1543 1472 eive
1558 1419 1756 1496 commissorum
1765 1423 1787 1456 ¹⁵
1800 1423 1906 1476 nomine

1099 1501 1153 1540 non
1177 1489 1285 1540 caretur
1308 1485 1403 1540 missus
1425 1485 1455 1538 in
1476 1501 1672 1554 possessionem
1694 1505 1831 1558 nunquam
1856 1507 1906 1558 pro

1100 1555 1206 1610 domino
1229 1567 1288 1606 esse
1310 1553 1409 1622 incipit.
1450 1567 1500 1608 nec
1527 1557 1584 1606 tam
1609 1555 1743 1622 possessio
1768 1571 1858 1612 rerum
1883 1557 1905 1612 ei

1100 1639 1179 1694 quam
1190 1621 1313 1678 custodia
1325 1621 1418 1676 datur:
1436 1621 1601 1690 nequeenim
1619 1621 1766 1690 expellendi
1782 1625 1906 1680 heredem

1099 1693 1141 1746 ius
1163 1691 1258 1756 habet,
1282 1689 1329 1744 sed
1351 1689 1428 1744 simul
1451 1705 1510 1744 cunr
1533 1705 1563 1744 eo
1580 1689 1716 1756 possidere
1733 1691 1854 1756 iubetur,
1877 1699 1908 1744 ut

1100 1759 1193 1814 saltem
1202 1761 1223 1792 ²⁶
1239 1757 1329 1812 taedio
1342 1763 1490 1880 gerpetuae
1501 1757 1638 1812 custodiae
1649 1761 1806 1826 extorqueat
1815 1759 1908 1812 heredi

1103 1833 1113 1880 1
1150 1827 1308 1882 cautionem.
1361 1825 1455 1880 ialius
1474 1825 1563 1880 damni
1579 1825 1671 1880 infecti
1688 1825 1794 1880 nomine
1811 1827 1907 1880 missus

1100 1895 1134 1950 sit
1157 1895 1185 1948 in
1211 1893 1417 1964 possessionem,
1450 1893 1518 1948 alius
1544 1893 1691 1960 legatorum
1718 1893 1907 1948 servandorum

1101 1979 1190 2028 causa,
1208 1977 1288 2032 posse
1307 1977 1373 2028 eum,
1392 1963 1437 2032 qui
1454 1963 1599 2030 legatorum
1617 1961 1807 2016 servandorum
1825 1975 1908 2014 causa

1099 2031 1127 2084 in
1139 2029 1335 2098 possessionem
1346 2029 1442 2086 missus
1454 2035 1503 2096 est,
1522 2031 1602 2084 etiam
1616 2029 1704 2082 damni
1720 2027 1812 2082 infecti
1829 2029 1906 2082 satis-

1100 2099 1176 2152 dare:
1187 2099 1241 2166 ,qui
1256 2099 1279 2152 si
1297 2097 1471 2162 satisdederit,
1490 2113 1544 2152 nou
1561 2097 1638 2152 aliter
1656 2095 1784 2152 decedere
1800 2111 1907 2164 posses·

1100 2167 1173 2220 sione
1196 2167 1314 2230 debebit,
1338 2181 1416 2236 quam
1441 2167 1464 2218 ei
1488 2171 1595 2218 cautum
1616 2163 1695 2218 srierit
1712 2165 1793 2218 etiam
1810 2179 1841 2218 eo
1859 2177 1907 2218 no·

1100 2237 1114 2286 2
1143 2233 1221 2296 mine,
1240 2233 1341 2302 ιιιιοιιΠ
1358 2249 1388 2288 se
1404 2233 1493 2288 damni
1509 2233 1601 2286 iniecti
1613 2231 1744 2300 obligarit.
1772 2231 1801 2284 Si
1817 2231 1907 2298 plures

1098 2301 1218 2368 legatarii
1235 2301 1305 2354 mitti
1320 2303 1349 2354 iu
1365 2299 1559 2370 possessionem
1577 2299 1794 2364 desideraverint,
1816 2309 1907 2352 omnes

1099 2369 1187 2422 venire
1199 2367 1297 2422 debent
1306 2369 1327 2402 ¹⁸
1343 2369 1371 2422 in
1382 2369 1590 2438 possessionem:
1607 2369 1629 2422 is
1643 2367 1712 2422 euim
1723 2365 1768 2436 qui
1781 2383 1813 2420 ex
1826 2381 1911 2422 causa,

1098 2437 1245 2504 legatorum
1269 2435 1389 2504 possidet
1409 2437 1473 2500 sibi,
1497 2451 1551 2488 non
1569 2437 1616 2488 alii
1631 2435 1760 2504 possidet.
1795 2433 1848 2486 alia
1866 2439 1907 2488 est

1100 2519 1191 2568 causa,
1210 2519 1271 2558 cum
1288 2503 1431 2558 creditores
1448 2503 1487 2556 rei
1504 2503 1648 2558 servandae
1666 2517 1748 2558 causa
1766 2499 1907 2554 mittuntur

1100 2571 1127 2624 in
1148 2569 1356 2638 possessionem:
1379 2587 1441 2626 nam
1462 2571 1485 2624 is
1509 2571 1555 2640 qui
1577 2569 1696 2638 possidet
1712 2585 1767 2624 non
1784 2567 1842 2634 sihi,
1861 2569 1907 2622 sed

1100 2641 1115 2692 3
1145 2637 1269 2692 omnibus
1281 2637 1407 2706 possidet.
1435 2637 1487 2704 Qui
1503 2639 1576 2706 prior
1592 2637 1688 2692 missus
1706 2641 1748 2692 est
1763 2635 1907 2704 legatarius

1099 2705 1127 2758 in
1136 2705 1340 2774 possessionem,
1358 2721 1412 2758 non
1423 2707 1575 2774 praefertur
1583 2707 1605 2740 ¹⁹
1622 2707 1646 2758 ei
1663 2703 1709 2774 qui
1720 2709 1815 2772 postea
1826 2703 1908 2758 mitti·

1098 2777 1156 2824 tur:
1169 2773 1239 2824 inter
1249 2773 1392 2838 legatarios
1406 2773 1475 2826 enim
1487 2773 1588 2826 nullum
1598 2773 1716 2828 ordinem
1727 2773 1906 2836 observamus,

1101 2845 1117 2890 4
1152 2839 1199 2892 sed
1214 2839 1293 2892 simul
1308 2853 1398 2892 omnes
1412 2841 1558 2908 aequaliter
1570 2845 1683 2894 tuemur.
1708 2839 1855 2908 Postquam
1868 2839 1908 2894 rei

1100 2905 1245 2960 servandae
1263 2905 1406 2962 creditores
1424 2907 1562 2974 possidere
1579 2911 1736 2976 coepemut‚
1759 2905 1908 2974 legatorum

1100 2973 1290 3028 servandorum
1305 2975 1389 3042 gratia
1406 2973 1503 3028 missus
1519 2975 1548 3028 in
1563 2975 1758 3042 possessionem
1769 2975 1908 3028 creditori·

1101 3047 1115 3094 5
1150 3043 1201 3094 bus
1223 3041 1314 3108 potior
1335 3057 1389 3094 nou
1409 3041 1560 3096 habebitur.
1595 3043 1645 3110 Qui
1667 3043 1695 3094 in
1712 3043 1907 3120 possessionem

1099 3109 1248 3176 legatorum
1265 3109 1454 3162 servandorum
1472 3123 1553 3162 causa
1569 3109 1696 3172 mittitur,
1713 3125 1743 3160 ιιι
1779 3109 1907 3164 assessio-

1099 3191 1159 3228 nem
1177 3173 1284 3242 quidem
1300 3189 1389 3228 rerum
1406 3175 1626 3228 hereditariamm
1643 3125 1795 3232 omnimobo
1812 3175 1907 3242 veniet,

1100 3243 1152 3296 hoo
1177 3247 1218 3296 est
1242 3255 1333 3294 earum
1355 3255 1424 3310 quae
1446 3241 1474 3292 in
1498 3257 1579 3296 causa
1601 3241 1762 3296 hereditaria
1784 3249 1906 3298 manent:

1100 3325 1192 3362 earum
1215 3313 1317 3372 autem,
1341 3323 1409 3376 quae
1426 3307 1454 3360 in
1472 3325 1555 3364 causa
1571 3307 1731 3364 hereditaria
1748 3325 1802 3364 non
1819 3317 1907 3374 erunt,

1100 3391 1155 3430 nou
1172 3373 1239 3428 alias
1256 3373 1383 3442 mittitur,
1409 3389 1488 3444 quam
1511 3375 1535 3430 si
1557 3373 1617 3430 dolo
1640 3377 1710 3430 malo
1727 3375 1756 3430 io
1774 3391 1806 3430 ea
1824 3391 1908 3434 causa

1100 3457 1159 3498 esse
1191 3441 1354 3508 desierint20,
1385 3457 1434 3496 nec
1460 3457 1578 3510 semper,
1610 3443 1657 3496 sed
1684 3459 1766 3498 causa
1793 3445 1907 3512 cognita.

1101 3517 1116 3564 6
1151 3509 1304 3562 ‘Bonorum’
1327 3513 1416 3564 autem
1439 3511 1617 3578 appellatione
1638 3511 1689 3564 hae
1718 3525 1761 3564 res
1787 3525 1907 3580 compre·

1100 3579 1199 3632 hensae
1220 3577 1394 3642 videbuntur,
1418 3591 1531 3658 quamm
1571 3579 1701 3646 roprietas
1726 3577 1761 3630 ad
1782 3579 1907 3634 heredem

1101 3649 1114 3698 i
1149 3643 1272 3712 pertinet.
1302 3643 1355 3698 Sed
1372 3649 1399 3698 et
1415 3661 1439 3698 ει
1455 3645 1523 3700 vecti
1568 3661 1596 3700 es
1613 3645 1671 3714 agri
1688 3651 1751 3700 sunt
1769 3651 1795 3700 et
1812 3645 1836 3700 si
1854 3661 1907 3716 qua

1099 3711 1210 3782 pignora
1233 3713 1356 3766 testatori
1379 3711 1457 3778 data,
1486 3711 1514 3766 in
1541 3727 1633 3766 eorum
1658 3727 1763 3782 quoque
1787 3715 1908 3768 mittetur

1101 3785 1115 3832 8
1151 3781 1354 3848 possessionem.
1394 3779 1448 3834 Sed
1476 3787 1504 3834 et
1528 3779 1557 3832 in
1584 3785 1679 3850 partus
1702 3781 1859 3834 ancillarum
1881 3789 1907 3836 et

1100 3847 1170 3902 fetus
1187 3861 1328 3928 pecorum,
1346 3847 1409 3902 item
1426 3847 1531 3902 fructus
1549 3861 1632 3914 aeque
1649 3847 1721 3902 omui
1738 3847 1816 3902 modo
1835 3849 1906 3916 lega-

1100 3919 1116 3968 9
1150 3921 1235 3970 tarius
1253 3919 1279 3970 et
1296 3913 1554 3970 fideicommissarius
1571 3915 1716 3970 mittentur.
1744 3913 1796 3970 Sed
1810 3919 1866 3970 et²¹
1885 3917 1908 3970 si

1100 3997 1157 4036 rem
1170 3983 1284 4036 ahenam
1300 3983 1443 4038 defunctus
1455 3983 1527 4036 bona
1539 3981 1591 4036 fide
1605 3983 1704 4048 emerit,
1718 3983 1748 4036 in
1758 3985 1907 4054 possessio-

1100 4067 1160 4106 uem
1178 4051 1234 4106 eius
1251 4051 1409 4106 mittendum
1423 4051 1579 4120 legatarium
1592 4055 1710 4106 constat:
1728 4063 1791 4106 nam
1802 4059 1830 4108 et
1841 4053 1906 4106 baec

1103 4123 1133 4172 ιθ
1167 4135 1211 4174 res
1233 4119 1263 4174 in
1285 4135 1367 4174 causa
1391 4119 1553 4174 hereditaria
1576 4125 1623 4174 est.
1659 4117 1688 4174 Si
1715 4119 1836 4186 deposita
1863 4135 1907 4174 res

1100 4187 1172 4254 apud
1190 4187 1344 4242 defunctum
1361 4189 1443 4242 fuerit
1458 4187 1500 4240 vel
1517 4187 1689 4252 commodata,
1707 4187 1797 4244 locum
1814 4187 1903 4240 missio

1100 4271 1155 4310 nou
1177 4255 1271 4322 habet,
1303 4255 1365 4324 quia
1392 4271 1447 4312 non
1473 4261 1536 4310 sunt
1559 4255 1626 4310 istae
1651 4271 1694 4310 res
1720 4255 1905 4310 hereditariae.

1103 4329 1131 4378 11
1168 4323 1197 4378 Si
1214 4339 1248 4378 ex
1265 4323 1370 4380 duobus
1387 4323 1528 4380 heredibus
1545 4323 1612 4378 alter
1630 4321 1761 4378 satisdare
1778 4323 1813 4378 sit
1826 4337 1905 4390 para-

1100 4397 1158 4456 tus,
1181 4391 1250 4446 alter
1271 4409 1339 4460 non,
1362 4393 1391 4446 in
1406 4397 1510 4462 partem
1527 4393 1584 4448 eius
1601 4391 1691 4446 missio
1709 4391 1798 4444 locum
1814 4389 1907 4458 utique

1100 4459 1201 4514 habere
1218 4461 1305 4516 debet.
1333 4461 1407 4516 missi
1423 4461 1513 4529 itaque
1531 4459 1651 4528 legatarii
1667 4459 1810 4528 impedient
1828 4457 1906 4510 edam

1100 4543 1168 4594 eum,
1187 4529 1233 4598 qui
1250 4529 1401 4594 satisdedit,
1424 4529 1465 4582 rei
1482 4525 1722 4582 administratione:
1744 4541 1827 4596 quare
1844 4541 1905 4582 sua·

1100 4597 1215 4652 dentium
1238 4597 1288 4654 erit
1309 4597 1412 4662 heredi,
1440 4601 1471 4650 ut
1491 4597 1520 4650 in
1542 4611 1628 4652 assem
1649 4593 1773 4660 sotiadet,
1799 4609 1833 4650 ne
1859 4594 1905 4649 ad-

1103 4669 1133 4720 12
1166 4667 1326 4722 ministratio
1338 4667 1394 4720 eius
1405 4665 1571 4736 impediatur.
1601 4663 1629 4720 Si
1640 4663 1674 4716 ah
1685 4663 1830 4732 impuberis
1843 4663 1904 4718 sub-

1101 4735 1195 4788 stituto
1206 4735 1295 4804 legata
1306 4735 1359 4792 siut
1367 4735 1461 4790 relicta
1472 4739 1499 4788 et
1511 4733 1631 4802 impubes
1647 4731 1798 4798 decesserit,
1816 4731 1905 4788 missio

1100 4819 1155 4858 nou
1172 4805 1259 4858 solum
1274 4805 1303 4858 iu
1316 4819 1347 4858 ea
1358 4803 1437 4864 bona,
1455 4819 1524 4872 quae
1534 4799 1669 4856 testatoris
1680 4797 1796 4866 firment,
1815 4817 1904 4856 verum

1101 4871 1137 4926 ad
1153 4885 1185 4926 ea
1201 4887 1319 4942 quoque,
1338 4887 1406 4942 quae
1422 4873 1545 4994 imEubes
1562 4867 1686 4938 adquisiit
1703 4867 1806 4934 ,locum
1822 4871 1904 4926 habe-

1100 4939 1152 4996 bit:
1175 4957 1237 4996 nam
1254 4943 1320 4996 haec
1337 4955 1442 5010 quoque
1478 4937 1619 4994 ereditatia
1635 4943 1711 4992 suntr
1734 4939 1793 4996 viro
1817 4947 1904 4996 autem

1100 5009 1236 5080 impubere
1253 5025 1338 5080 neque
1354 5007 1443 5062 missio
1460 5023 1548 5078 neque
1564 5005 1702 5062 satisdatio
1715 5007 1801 5062 locum
1814 5011 1903 5066 habet.

1103 5083 1134 5134 13
1168 5079 1198 5134 Si
1213 5081 1291 5134 heres
1308 5095 1363 5134 non
1380 5075 1422 5142 sit,
1440 5095 1457 5132 a
1475 5093 1527 5146 quo
1544 5075 1773 5134 fideicommissum
1784 5079 1904 5134 relictum

1101 5151 1155 5214 est,
1175 5147 1221 5202 sed
1238 5147 1348 5202 alterius
1366 5145 1478 5200 nominis
1496 5161 1649 5212 successor,
1670 5145 1808 5204 dicendum
1826 5149 1908 5212 cst22,

1100 5221 1131 5270 ut
1153 5215 1240 5270 edicto
1262 5215 1338 5270 locus
1359 5215 1394 5268 sit
1415 5221 1443 5270 et
1463 5215 1571 5272 (ιοΙιιε23
1592 5215 1647 5272 cius
1666 5217 1700 5272 sit
1717 5217 1903 5274 aestimandus.

1103 5287 1134 5338 14
1169 5281 1221 5338 Sed
1238 5288 1265 5336 et
1282 5281 1305 5338 si
1321 5281 1425 5338 heredis
1442 5283 1520 5338 heres
1537 5285 1578 5352 sit,
1597 5285 1643 5356 qui
1659 5287 1721 5344 dolo
1732 5287 1803 5356 iecit,
1822 5301 1905 5356 aeque

1103 5355 1133 5406 ib
1167 5365 1264 5404 nocere
1295 5349 1408 5406 debebit.
1448 5351 1548 5410 Dolum
1574 5355 1695 5426 accipere
1724 5357 1848 5412 debemus
1879 5359 1907 5410 et

1101 5521 1194 5572 harei*
1242 5525 1285 5584 ιιι)
1304 5523 1474 5578 hueditateF
1526 5535 1569 5596 (ιε)
1587 5533 1653 5584 aeF
1696 5527 1911 5594 comoditate?

1100 5591 1144 5650 (1⁵)
1162 5587 1385 5646 0⁰mmi⁵⁸arumlll
1480 5601 1523 5662 (it)
1541 5599 1667 5652 soltemF
1762 5601 1803 5658 titt
1823 5597 1910 5660 qqu

1101 5659 1146 5722 (ra)
1164 5655 1273 5708 ieeur
1322 5665 1367 5728 (ra)
1384 5665 1544 5730 parcitura
1595 5671 1640 5730 ιιι)
1659 5663 1909 5716 osseaseicsiaritr

1100 5725 1233 5844 ἳέίιὲεειιηίὺ
1242 5725 1269 5774 F
1285 5795 1332 5860 (²3)
1351 5731 1412 5848 diali)
1417 5747 1486 5848 benni
1499 5749 1596 5800 quoque
1607 5733 1725 5786 satisdare
1737 5731 1825 5784 debere
1838 5731 1905 5788 simi

1142 5843 1143 5846 ,
1177 5843 1178 5846 ,
1366 5813 1407 5848 oc
