4366 6258
254 377 297 422 DE
318 375 411 422 DOLO
435 379 527 424 MALO

251 541 354 594 fuerant
380 541 452 608 apud
469 555 528 594 eum
551 555 605 592 non
628 539 695 604 sint,
717 543 807 592 tamen
829 537 945 604 pretium
967 551 1058 590 661616

252 625 300 678 quo
312 607 326 668 ²,
358 607 518 686 locupletem
534 621 593 660 eum
611 607 652 658 vel
669 607 774 674 saepius
791 609 894 658 mutata
911 605 999 684 specie
1016 603 1057 656 fa·

254 673 352 736 ciendo,
370 673 480 740 perinde
494 673 593 742 obligat
600 673 618 736 ²,
638 687 669 726 ac
683 673 707 726 si
721 687 834 742 corpora
847 673 906 742 ipsa
923 689 953 726 m
966 671 1058 726 eadem

254 741 339 814 specie
357 741 523 796 mansissent.

287 805 321 868 19
343 807 505 862 Giinstr'bro
515 811 611 874 quarto
620 805 657 860 od
665 807 780 862 edictam
784 807 955 878 provinciale
981 805 1057 874 Quod

254 883 337 934 cutem
359 877 387 928 in
410 873 534 928 heredem
555 879 666 928 eatenus
683 875 823 944 pollicetur
839 875 975 930 actionem
992 891 1055 942 pro-

254 943 354 1006 consul,
372 947 501 1010 quatenus
521 941 555 994 ad
578 957 638 996 cum
661 943 824 1012 pervenerit,
849 943 1056 1010 intellegendum

254 1011 342 1068 estad
360 1015 487 1078 perpetuo
506 1009 621 1062 dandam
639 1009 771 1064 actionem
809 1009 928 1062 ertinere.

285 1075 322 1136 20
346 1075 491 1132 Uarianos
510 1077 577 1130 libro
600 1077 739 1132 undecimo
764 1027 931 1130 6161161611
967 1075 1056 1144 Quari-

255 1157 307 1202 tum
323 1149 411 1198 autem
428 1143 464 1196 ad
479 1141 603 1198 heredem
625 1143 788 1212 pervenerit,
813 1143 867 1198 litis
891 1147 1058 1198 contestatae

254 1221 367 1280 tempore
383 1209 554 1278 spectabitur,
572 1209 595 1264 si
611 1211 690 1264 niodo
709 1215 810 1264 certum
827 1211 862 1264 sit
879 1211 980 1278 aliquid
996 1225 1056 1278 per-

255 1281 359 1336 venisse.
378 1277 497 1356 ,11611161
513 1279 554 1332 611
570 1279 654 1358 ipsius
671 1279 717 1360 qpi
729 1279 782 1334 vim
797 1279 887 1332 intulit
902 1279 940 1358 sic
953 1279 983 1332 in
998 1295 1056 1334 cor-

254 1345 1044 1492 111111111111111111111111

287 1479 321 1540 21
342 1481 460 1534 Pictos
474 1481 541 1534 libro
558 1481 698 1536 andecimo
716 1481 753 1534 cd
770 1481 884 1536 edictum
918 1479 947 1534 Si
963 1483 1056 1536 mnher

256 1555 343 1606 contra
365 1553 505 1616 patronum
532 1563 609 1602 suuni
630 1549 735 1618 ingrata
756 1549 831 1604 facta
853 1549 939 1604 sciens
963 1563 992 1602 sc
1016 1549 1056 1602 in-

254 1621 359 1686 gratam,
379 1629 439 1668 cuni
456 1615 489 1670 de
506 1631 554 1670 suo
573 1621 645 1670 statu
662 1615 872 1684 periclitabatur,
890 1615 990 1684 aliquid
1006 1633 1055 1684 pa-

257 1697 327 1738 trono
347 1681 448 1738 dederit
464 1683 505 1738 vel
522 1683 686 1752 promiserit,
710 1699 744 1738 ne
766 1683 795 1736 in
818 1683 970 1738 servitutem
986 1683 1056 1738 redi·

255 1757 341 1822 gatur:
366 1753 454 1804 cessat
477 1749 607 1816 edictum,
632 1751 694 1818 quia
717 1753 788 1806 bunc
814 1751 865 1806 sibi
881 1755 983 1804 metum
998 1751 1057 1818 ipsa

258 1825 267 1870 t
302 1817 387 1870 infert.
415 1817 492 1884 Quod
507 1825 593 1872 metus
612 1833 693 1872 causa
710 1825 813 1886 gestum
830 1819 889 1882 erit,
906 1819 1055 1872 nullotem-

258 1891 270 1938 1
302 1899 365 1954 pore
389 1889 496 1952 praetor
521 1891 609 1938 ratum
633 1885 751 1938 habebit.
787 1885 838 1952 Qui
864 1885 1057 1952 possessionem

257 1969 305 2006 non
321 1951 362 2004 sui
374 1949 451 2004 iundi
464 1951 582 2016 tradidit,
599 1969 654 2006 non
669 1951 762 2020 quanti
776 1951 883 2016 fundus,
902 1951 950 2006 sed
965 1951 1058 2020 quanti

257 2017 380 2088 possessio
397 2023 445 2084 est,
459 2019 515 2074 eins
532 2019 708 2089 quadruplum
722 2019 763 2074 rel
777 2019 900 2088 simplum
914 2017 1056 2074 6111111166-

256 2087 321 2140 tibus
336 2091 522 2156 consequetur:
539 2087 696 2142 aestimatur
705 2087 774 2140 enim
782 2087 855 2154 quod
863 2087 967 2140 restitui
976 2103 1055 2156 opor·

256 2153 342 2218 totid
359 2159 399 2206 est
416 2155 487 2224 quod
504 2154 594 2208 abest:
612 2155 706 2208 abest⁴
725 2161 815 2206 autem
831 2155 905 2208 nuda
921 2155 1055 2224 possessio

257 2227 270 2276 3
304 2237 360 2272 cum
377 2221 432 2276 suis
449 2221 589 2276 fructibus.
616 2221 687 2290 quod
705 2225 731 2274 et
747 2221 813 2276 Pom
833 2221 918 2276 onius.
955 2221 983 2274 Si
1008 2221 1055 2276 dos

257 2293 321 2344 netu
337 2287 466 2356 promissa
484 2289 525 2354 sit,
544 2305 600 2342 nori
613 2293 678 2356 puto
693 2287 768 2342 nasci
782 2287 834 2342 ob‘
853 2289 975 2352 ationem,
995 2291 1056 2356 quia

257 2361 294 2410 est
315 2355 477 2409 verissimum
499 2371 549 2410 nec
571 2355 652 2408 talem
668 2355 870 2422 promissionem
888 2355 957 2410 dotis
975 2357 1056 2408 ullam

257 2427 272 2476 4
303 2437 367 2474 esse.
395 2421 423 2476 Si
440 2425 511 2476 metu
529 2427 639 2478 coactus
657 2423 706 2476 siin
723 2423 757 2476 ab
776 2423 907 2490 emptione
924 2421 1056 2476 locatione

259 2489 394 2554 discedere,
413 2489 554 2544 videndum
572 2493 625 2554 est,
644 2503 679 2542 an
695 2489 762 2542 nibil
779 2491 815 2542 sit
831 2489 885 2542 acti
901 2491 929 2542 et
946 2491 1056 2558 antiqua

258 2555 375 2624 obligatio
398 2563 547 2620 remaneat,
570 2571 606 2608 an
627 2557 679 2610 hoe
697 2555 781 2608 simile
797 2555 833 2610 sit
850 2557 1056 2624 acceptilationi,

257 2623 313 2692 quia
326 2623 399 2676 nulla
413 2639 446 2676 ex
460 2623 547 2678 bonae
559 2621 637 2676 fidei⁵
654 2623 814 2690 obligatione
828 2623 982 2690 possimus⁰
999 2623 1055 2688 niti,

259 2707 313 2744 cum
329 2689 404 2744 finita
422 2691 456 2744 sit
473 2689 536 2746 dum
553 2689 694 2744 amittitur:
713 2695 741 2742 et
757 2689 840 2758 magis
859 2695 946 2742 estut
964 2689 1054 2744 similis

257 2757 350 2824 species
374 2757 599 2826 6666111116116616ἵ
623 2757 669 2820 611,
697 2761 723 2810 61
744 2755 804 2812 1166
827 2757 962 2824 praetoria
985 2759 1055 2812 actio

259 2827 270 2878 t
303 2825 427 2878 nascitur.
463 2825 491 2878 Si
506 2829 579 2878 166111
597 2829 706 2878 coactns
722 2823 776 2876 adii
788 2823 971 2890 hereditatem,
989 2831 1055 2894 puto

257 2907 294 2944 me
317 2891 438 2944 heredem
464 2891 547 2956 effici,
574 2891 636 2958 quia
662 2891 779 2958 quamvis
806 2891 830 2944 61
851 2891 964 2944 liberum
987 2897 1057 2946 esset

257 2957 405 3024 noluissem,
428 2963 517 3010 tamen
541 2963 651 3012 coactus
668 2957 752 3010 volui:
779 2959 826 3010 sed
841 2973 891 3026 per
907 2963 1057 3024 praetorem

257 3025 427 3078 restituendus
443 3041 509 3090 sum,
527 3031 558 3078 ut
574 3025 724 3078 abstinendi
740 3025 805 3076 mihi
822 3029 940 3092 potestas
954 3025 1056 3078 tribua·

259 3097 271 3146 t
302 3097 351 3144 tur.
378 3091 406 3144 Si
424 3097 534 3146 coactus
550 3091 724 3146 hereditatem
737 3091 883 3160 repudiem,
902 3091 1002 3160 duplici
1014 3093 1057 3144 via

258 3165 357 3228 praetor
380 3159 444 3212 mibi
467 3157 599 3214 succurrit
620 3163 668 3212 aut
684 3159 762 3212 utiles
781 3159 899 3212 actiones
917 3157 994 3228 quasi
1010 3159 1056 3212 he·

258 3225 411 3280 recidendo
429 3231 478 3280 aut
493 3227 625 3280 actionem
641 3231 726 3280 metus
743 3241 825 3280 causa
837 3225 1010 3294 praestando,
1027 3231 1058 3280 ut

259 3309 331 3362 quam
347 3295 417 3346 viam
434 3309 481 3360 ego
500 3293 628 3360 elegerim,
647 3295 714 3348 haec
730 3293 795 3346 milii
811 3297 912 3360 pateat

290 3357 343 3416 22⁸
359 3359 478 3412 Pieros
485 3359 552 3412 libro
556 3361 650 3430 primo
659 3361 850 3412 sententiarum
884 3359 937 3424 Qui
952 3359 981 3412 in
998 3373 1056 3412 car·

259 3441 337 3480 cerem
352 3441 429 3496 quem
446 3425 565 3490 detrusit,
583 3431 614 3478 nt
630 3427 729 3496 aliquid
748 3425 772 3478 ei
788 3429 964 3494 extorqueret,
982 3425 1056 3492 quid·

259 3493 433 3562 quidobhanc
449 3507 557 3546 causam
568 3491 671 3546 iactum
685 3499 734 3556 est,
750 3493 847 3546 nullius
855 3491 981 3546 momenti
991 3493 1056 3546 6611.

290 3557 324 3616 23
348 3559 493 3614 cirritos
508 3559 575 3614 libro
601 3565 699 3628 quarto
710 3561 730 3592 ¹⁰
748 3561 905 3640 opinionum
938 3559 1001 3612 Non
1019 3565 1059 3614 est

259 3627 387 3682 verisimile
405 3625 570 3694 compulsum
595 3627 622 3680 in
646 3627 712 3680 urbe
734 3625 824 3694 inique
840 3625 987 3680 indebitum
1005 3626 1056 3680 sol·

257 3695 319 3748 risse
336 3709 403 3758 euin,
422 3693 468 3762 qui
485 3693 583 3748 claram
600 3693 754 3762 dignitatem
772 3709 801 3748 se
818 3695 917 3748 habere
934 3697 1056 3762 praeten-

258 3761 338 3826 debat,
357 3777 417 3816 cuin
433 3761 549 3828 potuerit
560 3763 579 3794 ¹²
596 3761 638 3814 ius
656 3761 792 3828 publicum
806 3761 931 3814 invocare
946 3765 972 3814 et
985 3761 1057 3814 adire

258 3829 363 3896 aliquem
388 3833 522 3904 potestate
547 3827 711 3894 praeditum,
738 3829 785 3896 qui
806 3829 899 3894 utique
920 3827 974 3880 vim
999 3841 1058 3880 euin

257 3897 308 3962 pati
323 3895 512 3964 prohibuisset:
532 3895 579 3946 sed
593 3893 745 3948 huiusmodi
757 3895 965 3962 praesumptioni
980 3893 1058 3946 debet

259 3967 269 4016 1
305 3961 481 4030 apertissimas
503 3961 674 4030 probationes
692 3961 833 4014 violentiae
850 3975 993 4030 opponere.
1029 3959 1058 4014 Si

256 4029 320 4082 iusto
330 4033 400 4082 metu
407 4029 564 4096 perterritus
575 4027 758 4096 cognitionem,
773 4027 900 4096 adquam
914 4033 945 4080 nt
953 4027 1057 4082 vinctus

256 4095 315 4160 iret,
337 4101 431 4162 potens
455 4095 619 4148 adversarius
636 4095 801 4160 minabatur,
825 4095 853 4148 11
870 4093 942 4162 quod
959 4093 1058 4148 habere

256 4163 347 4216 licebat
370 4163 521 4228 compulsus
543 4161 675 4226 vendidit,
704 4177 747 4216 res
771 4177 836 4216 suae
860 4161 988 4230 aequitati
1009 4177 1058 4228 per

257 4233 270 4282 2
302 4229 448 4296 praesidem
464 4229 616 4296 provinciae
633 4229 710 4282 restit
730 4229 790 4282 tur.
819 4229 847 4282 Si
854 4229 1008 4282 faenerator
1016 4229 1059 4282 in·

257 4297 359 4350 civiliter
376 4297 548 4350 custodiendo
566 4297 693 4350 athletam
711 4303 738 4350 et
755 4313 772 4350 a
789 4297 977 4350 certaminibus
995 4311 1057 4366 pro-

255 4363 363 4418 bibendo
383 4379 475 4418 661616
493 4363 650 4432 compulerit
665 4363 737 4418 ultra
755 4363 928 4432 quantitatem
953 4363 1069 4418 debitae

255 4431 385 4496 pecuniae,
403 4429 444 4484 his
462 4431 580 4498 probatis
599 4435 750 4498 competens
767 4431 847 4484 iudex
862 4447 918 4486 rein
934 4445 999 4486 suae
1013 4447 1057 4484 ae·

257 4501 270 4548 3
303 4497 395 4564 quitati
402 4497 506 4552 restitui
515 4497 648 4552 decernat.
684 4497 798 4566 Siquis
818 4499 889 4566 quod
905 4497 1057 4552 adversario

256 4579 306 4618 non
323 4565 442 4630 debebat,
461 4563 598 4634 delegante
615 4579 645 4618 eo
663 4579 712 4632 per
728 4565 788 4630 vini,
806 4565 972 4644 apparitione
981 4581 1058 4634 prae·

256 4631 315 4684 sidis
332 4633 533 4696 interveniente,
558 4633 616 4686 sirie
633 4631 741 4686 notione
758 4633 867 4698 iudicis,
891 4639 1001 4688 coactus
1019 4637 1060 4688 est

256 4697 322 4762 dare,
339 4699 418 4752 iudex
430 4699 570 4754 inciviliter
584 4705 688 4754 extorta
703 4699 808 4754 restitui
823 4699 856 4754 ab
872 4715 912 4764 eo,
931 4701 977 4768 qui
991 4701 1030 4756 rei
1039 4699 1060 4732 ¹²

257 4765 375 4818 damnum
397 4765 566 4844 praestiterit,
590 4765 690 4820 iubeat.
719 4769 789 4836 quod
813 4769 836 4822 si
860 4767 957 4822 debitis
980 4769 1059 4822 satis-

254 4831 316 4884 fecit
324 4833 435 4900 simphci
443 4833 561 4888 iussione
570 4837 598 4888 et
605 4849 660 4888 non
670 4835 821 4902 cognitione
828 4835 930 4898 habita,
941 4837 1059 4900 quamvis

255 4915 306 4954 non
316 4907 389 4954 extra
403 4903 523 4958 ordinem
533 4903 699 4956 exactionem
715 4903 781 4968 fieri,
796 4903 843 4958 sed
857 4901 967 4956 civiliter
982 4917 1061 4970 opor-

257 4969 316 5032 tuit,
340 4975 429 5026 tamen
452 4987 522 5040 quae
542 4969 667 5024 solutioni
685 4971 835 5026 debitarum
853 4969 887 5022 ab
905 4985 936 5024 eo
955 4969 1061 5038 quanti·

259 5037 348 5090 tatium
364 5037 543 5106 profecerunt,
557 5053 684 5092 revocare
701 5037 805 5092 incivile
824 5041 872 5090 est.

613 5137 696 5198 1H¹³.

512 5231 557 5280 on
575 5227 664 5280 nono
682 5227 786 5276 uino.

290 5297 303 5354 1
329 5299 862 5358 Uariniustibroundecimoadcdtctum
897 5299 957 5356 Hoc
973 5303 1065 5358 edicto

254 5371 357 5430 praetor
376 5369 499 5422 adversus
518 5373 605 5426 varios
621 5377 648 5426 et
662 5369 777 5434 dolosos,
795 5367 841 5438 qui
854 5367 912 5422 aliis
926 5367 1061 5424 offuerunt

255 5537 283 5596 11)
302 5551 453 5602 qnoqueeer.
579 5545 610 5600 111
629 5539 779 5604 obligataF
899 5541 930 5602 (t)
950 5539 972 5588 si
982 5539 1061 5590 6611Ἰ

255 5605 284 5658 111
295 5603 364 5654 abest:
380 5607 459 5670 abest]
470 5605 540 5656 abest
548 5609 594 5658 FS
635 5611 667 5674 (11
686 5605 903 5658 exboiiaiideser.
948 5611 980 5668 (11
999 5623 1056 5672 pos·

253 5673 405 5724 enniusF³S
471 5677 502 5738 (1)
521 5675 902 5740 sicataeeeptiiauonebwv
972 5675 1005 5738 (8)
1024 5701 1057 5718 a

253 5737 342 5790 Pacilus
354 5745 439 5802 1,1.111
485 5745 517 5800 (11
537 5749 573 5790 661
584 5745 703 5792 momenti
711 5747 788 5794 Pauli
796 5745 854 5794 iibri
902 5743 945 5802 11111
965 5741 1055 5802 qllinto

1057 349 1098 424 53

1762 351 1910 416 illias

1109 535 1254 592 calliditate
1271 537 1398 606 quadam,
1418 533 1552 598 subvenit,
1572 529 1661 586 nevel
1678 529 1728 586 1116
1747 529 1848 584 malitia
1865 547 1915 586 sua

1112 609 1122 654 1
1159 603 1193 654 sit
1214 601 1322 658 lucrosa
1343 607 1385 660 161
1406 605 1464 660 16116
1482 601 1635 670 simplicitas
1653 597 1789 652 damnosa.
1826 597 1915 652 Verba

1109 673 1197 724 autern
1214 671 1293 724 edicti
1308 673 1373 726 talia
1397 679 1473 728 sunt:
1499 667 1659 738 ι(16661616
1678 665 1839 746 1161616616
1858 681 1915 722 esse

1109 739 1245 802 ί11666111,
1264 739 1288 790 61
1304 739 1338 792 16
1354 739 1395 794 his
1411 743 1491 796 rebus
1508 739 1560 794 alia
1577 735 1647 790 actio
1664 749 1719 788 non
1737 739 1788 788 erit
1802 739 1829 788 61
1844 733 1916 790 iusta

1109 809 1123 858 2
1158 809 1249 858 ‘causa
1267 819 1325 858 esse
1340 805 1478 872 videbitur,
1496 807 1621 862 iudiciuin
1637 801 1724 858 dabo’
1751 801 1850 858 Dolum
1859 819 1914 856 ma-

1108 873 1163 928 lum
1180 871 1285 928 Servius
1303 873 1409 940 quidem
1424 877 1464 928 ita
1481 875 1580 930 definiit
1588 869 1810 928 machinationem
1828 887 1913 940 quan·

1109 941 1170 994 dam
1187 941 1295 994 alterius
1313 941 1371 994 deci
1390 941 1461 994 tendi
1478 959 1572 1010 causa,
1597 959 1657 998 cum
1679 939 1752 994 aliud
1775 939 1916 994 simulatur

1109 1015 1135 1062 et
1151 1009 1224 1062 aliud
1241 1009 1335 1078 agitur.
1370 957 1470 1086 1161166,
1481 1015 1569 1066 autern
1587 1027 1666 1080 posse
1684 1009 1784 1066 6161116
1808 1009 1915 1086 simula-

1107 1077 1180 1130 tione
1196 1075 1224 1130 11
1241 1077 1297 1144 agi,
1316 1079 1347 1126 ut
1364 1075 1422 1142 quis
1448 1081 1682 1132 circumveniatur:
1706 1091 1786 1148 posse
1811 1081 1838 1128 et
1860 1089 1917 1130 sine

1109 1143 1168 1198 dolo
1184 1143 1253 1198 malo
1271 1141 1344 1196 aliud
1359 1141 1409 1222 agi,
1425 1141 1496 1194 eliud
1510 1145 1635 1210 simulari,
1652 1147 1729 1202 sicuti
1745 1145 1856 1210 iaciunt,
1872 1143 1915 1212 qui

1107 1209 1917 1344 11111111111111111111111111

1107 1297 1123 1330 V
1177 1297 1194 1330 U
1376 1297 1382 1330 2
1592 1297 1617 1336 lc
1654 1299 1722 1338 elil]
1771 1297 1844 1336 011111
1861 1297 1887 1332 111
1905 1309 1916 1320 ··

1107 1345 1230 1400 1111116666
1244 1361 1347 1400 omnem
1362 1295 1531 1400 6611111161θὲ
1545 1345 1679 1402 fallaciam
1693 1349 1917 1406 machinationem

1108 1413 1143 1468 61
1160 1411 1416 1468 11611616616111611
1433 1411 1578 1468 fallendum
1596 1415 1779 1482 decipiendum
1805 1417 1918 1470 alterum

1109 1487 1122 1534 3
1158 1481 1311 1534 adhibitam.
1346 1481 1479 1534 Labeonis
1499 1479 1614 1534 definitio
1634 1497 1695 1536 1616
1712 1491 1761 1538 661.
1788 1485 1851 1540 Non
1867 1485 1918 1538 init

1109 1555 1197 1602 autem
1214 1553 1354 1602 contentus
1379 1553 1487 1618 praetor
1510 1547 1599 1600 dolum
1624 1547 1724 1614 dicere,
1749 1551 1797 1606 sed
1822 1551 1919 1608 adiecit

1108 1617 1214 1680 malum,
1230 1615 1354 1686 quoniam
1367 1621 1468 1670 veteres
1484 1615 1574 1668 dolum
1592 1615 1670 1668 etiam
1683 1615 1783 1670 bonum
1793 1619 1919 1674 dicebant

1108 1687 1134 1736 61
1151 1699 1200 1752 pro
1219 1683 1335 1738 sollertia
1356 1683 1410 1738 hoc
1433 1699 1529 1738 nomen
1552 1681 1734 1750 accipiebant,
1758 1687 1873 1742 maxime
1896 1687 1920 1742 ei

1108 1755 1124 1802 1
1158 1751 1284 1804 adversus
1298 1751 1401 1804 hostem
1416 1753 1578 1804 latronemve
1593 1749 1651 1816 quis
1667 1749 1842 1804 machinetur.
1871 1755 1919 1806 Ait

1107 1823 1227 1886 praetor:
1247 1819 1278 1872 ‘si
1296 1817 1329 1872 16
1345 1817 1386 1872 his
1404 1819 1484 1872 rebus
1502 1817 1554 1870 alia
1571 1817 1641 1870 actio
1657 1831 1712 1872 non
1728 1817 1795 1870 erit’
1823 1821 1917 1874 merito

1107 1891 1214 1954 praetor
1231 1885 1270 1938 ita
1287 1885 1392 1938 demum
1409 1885 1479 1938 hanc
1496 1883 1628 1938 actionem
1644 1885 1800 1952 pollicetur,
1825 1885 1848 1936 si
1866 1885 1920 1940 alia

1107 1969 1161 2006 non
1180 1953 1229 2016 sit,
1255 1953 1379 2020 quoniam
1394 1951 1498 2006 famosa
1515 1951 1585 2004 actio
1604 1967 1658 2004 non
1676 1955 1775 2004 temere
1792 1951 1885 2002 debuit
1902 1969 1918 2006 a

1108 2019 1353 2086 praetoredecerni,
1371 2019 1394 2084 si
1410 2019 1446 2074 sit
1463 2017 1545 2074 civilis
1562 2017 1604 2072 vel
1621 2019 1773 2080 honoraria,
1792 2031 1917 2086 quapon-

1109 2087 1143 2140 sit
1166 2089 1293 2156 experiri:
1316 2101 1400 2156 usqne
1423 2085 1504 2150 adeo,
1529 2089 1559 2138 nt
1577 2089 1603 2140 et
1619 2085 1717 2138 Pedius
1734 2085 1803 2138 libro
1817 2089 1917 2162 'octavo

1109 2155 1210 2234 scribit,
1226 2155 1330 2206 etiamsi
1343 2155 1514 2234 interdictum
1526 2153 1562 2232 sit
1583 2169 1634 2220 quo
1659 2153 1716 2222 quis
1733 2151 1858 2230 experni,
1876 2153 1917 2206 vel

1106 2217 1917 2366 111111111111111111111,11111

1108 2361 1134 2406 61
1152 2357 1175 2410 61
1192 2355 1362 2422 stipulatione
1382 2359 1458 2410 tutus
1481 2355 1517 2408 sit
1541 2371 1614 2422 qma,
1642 2369 1702 2408 eum
1725 2359 1860 2408 actionem
1885 2353 1918 2406 de

1108 2423 1168 2476 dolo
1184 2423 1283 2476 habere
1296 2437 1350 2476 nori
1365 2437 1453 2490 posse,
1472 2427 1503 2476 nt
1516 2427 1583 2488 puta
1597 2421 1620 2474 si
1635 2421 1667 2474 de
1682 2420 1743 2476 dolo
1761 2419 1920 2488 stipulatum

1108 2495 1122 2542 5
1158 2489 1200 2542 sit.
1235 2489 1310 2542 Idem
1326 2489 1490 2556 Pomponius
1508 2489 1545 2542 ait
1562 2493 1590 2542 et
1612 2489 1637 2542 si
1660 2489 1792 2542 actionem
1816 2487 1845 2540 iii
1869 2503 1919 2542 nos

1109 2555 1166 2608 dari
1182 2571 1236 2610 non
1254 2559 1385 2624 oporteat,
1404 2557 1485 2608 veluti
1497 2557 1520 2608 si
1533 2555 1669 2624 stipulatio
1684 2561 1739 2608 tam
1755 2555 1842 2624 turpis
1857 2553 1918 2608 dolo

1107 2623 1177 2676 malo
1194 2623 1269 2676 facta
1286 2623 1333 2686 sit,
1352 2629 1383 2676 ut
1400 2639 1475 2676 nemo
1494 2623 1605 2676 daturus
1623 2623 1658 2676 sit
1675 2637 1709 2674 ex
1726 2637 1759 2676 66
1776 2623 1918 2686 actionem,

1107 2705 1162 2744 non
1177 2689 1274 2744 debere
1288 2689 1419 2754 laborare,
1436 2695 1467 2742 ut
1484 2689 1595 2744 babeam
1615 2689 1647 2742 de
1665 2689 1725 2744 dolo
1744 2689 1815 2744 malo
1835 2689 1917 2744 actio·

1107 2773 1182 2820 nem,
1208 2773 1268 2810 cum
1292 2771 1368 2812 nemo
1392 2757 1427 2812 sit
1444 2757 1569 2812 adversus
1587 2773 1628 2810 166
1646 2757 1758 2810 daturus
1777 2757 1919 2812 actionem.

1109 2829 1124 2878 6
1158 2823 1397 2892 IdeinPomponins
1406 2823 1488 2878 refert
1496 2823 1648 2878 Labeonem
1658 2825 1817 2890 existimare,
1827 2825 1919 2878 etiam·

1108 2891 1131 2944 si
1145 2891 1203 2970 quis
1217 2891 1246 2944 in
1260 2891 1392 2960 integrum
1406 2891 1509 2946 restitui
1523 2891 1615 2958 possit,
1634 2907 1688 2944 non
1702 2893 1799 2946 debere
1811 2891 1836 2944 ei
1849 2891 1920 2944 hanc

1109 2963 1241 3012 actionem
1265 2963 1428 3027 competere:
1454 2963 1480 3010 et
1502 2959 1526 3012 si
1549 2959 1602 3012 alia
1619 2959 1689 3012 actio
1706 2963 1828 3028 tempore
1844 2957 1921 3010 finita

1109 3025 1157 3088 sit,
1175 3025 1245 3078 hanc
1265 3029 1414 3092 competere
1430 3041 1485 3078 non
1502 3025 1611 3090 debere,
1636 3025 1686 3080 sibi
1702 3025 1870 3094 imputatum
1890 3041 1920 3078 eo

1109 3091 1154 3160 qui
1178 3107 1255 3158 agere
1279 3091 1441 3160 supersedit:
1466 3091 1516 3144 nisi
1532 3091 1560 3144 in
1577 3094 1629 3147 hoc
1646 3109 1752 3162 qnoque
1769 3093 1848 3148 dolus
1865 3107 1922 3144 ma·

1110 3163 1123 3208 1
1158 3157 1200 3212 lus
1226 3157 1357 3212 admissus
1374 3159 1410 3212 sit
1426 3163 1458 3212 ut
1474 3163 1578 3226 tempus
1597 3159 1688 3214 exiret.
1724 3159 1754 3214 si
1777 3157 1838 3228 quis
1862 3175 1922 3214 cum

1109 3225 1241 3278 actionem
1259 3225 1361 3280 civilem
1377 3225 1489 3280 haberet
1504 3227 1546 3280 vel
1562 3227 1741 3290 honorariam,
1760 3227 1788 3278 in
1806 3227 1920 3292 stipula-

1109 3299 1165 3344 tum
1181 3291 1321 3344 deductam
1338 3293 1541 3358 acceptilatione
1554 3293 1596 3348 vel
1610 3293 1662 3346 alio
1677 3293 1756 3346 modo
1773 3291 1923 3358 sustulerit,

1110 3358 1219 3412 dedolo
1238 3359 1352 3426 experiri
1367 3373 1422 3412 non
1439 3359 1551 3426 poterit,
1576 3359 1701 3426 quoniam
1722 3359 1818 3412 habuit
1844 3361 1923 3412 aliani

1109 3425 1255 3478 actionem:
1280 3425 1332 3478 nisi
1353 3425 1382 3478 in
1406 3425 1551 3478 amittenda
1574 3427 1680 3478 actione
1704 3423 1794 3480 dolum
1820 3427 1923 3480 malum

1110 3495 1125 3544 8
1159 3505 1256 3560 passus
1283 3493 1331 3544 est.
1366 3489 1428 3544 Non
1450 3493 1536 3546 solum
1559 3497 1650 3546 autern
1673 3491 1841 3546 eiadversus
1860 3507 1923 3548 euni

1109 3559 1145 3612 sit
1163 3559 1215 3612 alia
1232 3559 1311 3622 actio,
1328 3557 1455 3612 adversus
1473 3575 1550 3628 quem
1567 3559 1600 3612 16
1618 3559 1679 3614 1616
1698 3559 1844 3628 quaeritur,

1145 3619 1164 3682 2
1181 3625 1301 3680 Pictos
1315 3625 1383 3680 libro
1400 3625 1539 3680 andecimo
1557 3625 1595 3680 ad
1611 3625 1727 3680 edictum
1761 3627 1804 3682 vel
1827 3627 1862 3682 ab
1890 3643 1921 3682 eo

1109 3709 1152 3748 res
1170 3693 1271 3748 servari
1286 3691 1392 3760 poterit,

1128 3797 1130 3802 -
1143 3755 1161 3818 3
1186 3759 1553 3814 Uariincslibroocdccr'mo
1567 3759 1605 3814 cd
1619 3759 1734 3814 edictum
1769 3763 1920 3816 nonhabet

1108 3829 1160 3880 hoc
1178 3827 1293 3880 edictum
1310 3825 1407 3892 locum,
1425 3841 1517 3880 verum
1534 3825 1639 3880 etiamsi
1657 3827 1785 3882 adversus
1802 3829 1887 3882 alium

1142 3891 1387 3948 4111111116
1409 3893 1551 3948 undecimo
1576 3893 1613 3946 od
1637 3895 1752 3948 edictum
1786 3895 1821 3950 sit
1847 3895 1919 3950 actio

1108 3961 1149 4016 vel
1167 3961 1190 4014 si
1207 3959 1241 4014 ab
1259 3961 1312 4016 alio
1329 3975 1372 4012 res
1389 3959 1454 4012 mihi
1472 3961 1570 4014 servari
1586 3965 1683 4030 potest.

1143 4025 1161 4084 5
1185 4027 1332 4082 Uarianos
1351 4027 1419 4084 libro
1445 4027 1583 4082 1161111116
1601 4027 1639 4084 ad
1654 4027 1770 4084 edictam
1802 4027 1920 4098 Ideoque

1109 4093 1132 4146 si
1149 4095 1207 4162 quis
1225 4095 1343 4164 pupillus
1360 4111 1377 4148 a
1394 4093 1481 4158 Titio,
1504 4099 1594 4150 tutore
1617 4099 1727 4150 auctore
1752 4095 1919 4158 conludente,

1109 4161 1325 4228 circumscriptus
1343 4161 1386 4226 sit,
1403 4177 1458 4216 non
1475 4159 1571 4216 debere
1589 4177 1650 4216 eum
1664 4161 1697 4216 de
1712 4163 1772 4216 dolo
1787 4163 1920 4214 actionem

1109 4227 1236 4282 adversus
1254 4227 1355 4282 Titium
1371 4229 1484 4294 habere,
1508 4243 1569 4284 cum
1590 4231 1690 4284 habeat
1712 4229 1812 4282 tutelae
1836 4229 1919 4282 actio·

1109 4309 1177 4360 neni,
1194 4311 1242 4364 per
1260 4311 1340 4366 quarn
1358 4297 1625 4366 consequaturquod
1643 4311 1692 4350 sua
1708 4293 1821 4348 intersit.
1839 4295 1920 4362 plane

1109 4363 1132 4416 si
1154 4367 1228 4420 tutor
1251 4363 1377 4418 solvendo
1400 4381 1455 4418 non
1472 4363 1519 4430 sit,
1544 4363 1684 4420 dicendum
1702 4359 1833 4414 61111116
1857 4361 1918 4414 dolo

1109 4429 1241 4484 actionem
1259 4431 1316 4484 dari
1334 4431 1365 4484 el.

1144 4493 1163 4552 6
1184 4495 1276 4552 Giius
1288 4497 1356 4552 libro
1365 4501 1463 4568 quarto
1479 4497 1515 4552 od
1527 4497 1642 4552 edictum
1647 4493 1818 4572 praetractata
1850 4495 1921 4550 llam

1109 4567 1133 4618 is
1148 4565 1251 4644 nullam
1267 4563 1654 4646 videtqrtaetipnemhabere,
1680 4575 1725 4614 cui
1748 4567 1859 4630 propter
1881 4563 1921 4618 in-

1110 4633 1636 4756 οΡ1Π11111161111Ϊ11111111Π1111111111116668111
1658 4693 1774 4774 edictam
1807 4697 1845 4750 Et
1870 4699 1921 4754 ele-

1111 4773 1205 4836 ganter
1220 4767 1384 4836 Pomponius
1407 4767 1475 4820 haec
1498 4765 1580 4818 rerba
1596 4765 1629 4816 ‘si
1646 4761 1699 4816 aba
1717 4767 1787 4818 actio
1805 4781 1861 4820 nori
1878 4767 1921 4822 sit'

1112 4835 1150 4890 sic
1177 4837 1289 4904 excipit,
1313 4833 1389 4904 quasi
1412 4847 1455 4886 res
1474 4829 1621 4886 6116111616
1640 4829 1716 4884 6161
1733 4847 1811 4900 quein
1829 4849 1862 4888 ea
1879 4849 1922 4888 res

1111 4903 1227 4972 pertinet
1244 4903 1318 4958 salva
1335 4915 1393 4956 6666
1410 4915 1466 4954 non
1502 4897 1587 4954 oterit.
1615 4915 1664 4954 nec
1675 4899 1779 4954 videtur
1786 4901 1851 4956 huic
1861 4917 1921 4956 seu-

1112 4971 1212 5024 tentiae
1229 4969 1378 5032 adversaii,
1396 4965 1468 5046 quod
1482 4915 1604 5044 1611611116
1620 4967 1687 5023 libro
1706 4973 1802 5038 quarto
1820 4969 1924 5034 scribit,

1112 5039 1136 5092 si
1151 5039 1238 5092 minor
1255 5035 1332 5090 armis
1349 5035 1440 5102 viginti
1458 5049 1574 5104 qmnque
1592 5035 1701 5092 consilio
1721 5037 1790 5092 serii
1807 5037 1923 5092 circnm-

1112 5105 1229 5172 scriptus
1253 5119 1312 5156 enm
1335 5099 1454 5156 vendidit
1472 5117 1532 5160 cum
1553 5103 1658 5172 peculio
1684 5119 1725 5158 eru
1743 5107 1840 5172 torque
1864 5119 1923 5158 eum

1112 5169 1272 5234 manumisit,
1287 5167 1403 5224 dandam
1416 5169 1445 5222 in
1458 5171 1650 5224 manumissum
1664 5173 1697 5228 16
1731 5173 1773 5226 616
1791 5171 1924 5226 actionem

1113 5239 1173 5302 (hoc
1191 5237 1260 5290 enim
1277 5235 1317 5290 sic
1339 5235 1485 5306 accipimus
1509 5253 1602 5294 carere
1624 5239 1686 5294 dolo
1710 5245 1871 5306 emptorem,
1895 5245 1925 5292 ut

1113 5321 1147 5358 ex
1164 5309 1258 5382 empto¹
1271 5303 1357 5358 teneri
1373 5319 1427 5358 non
1443 5307 1537 5374 possit)
1562 5311 1610 5362 aut
1631 5307 1732 5362 nudam
1756 5323 1815 5360 6666
1832 5305 1923 5362 vendi-

1112 5373 1218 5434 tionem,
1236 5385 1260 5422 sr
1275 5371 1305 5424 in
1321 5371 1373 5426 hoc
1386 5373 1445 5440 ipso
1458 5377 1489 5428 ut
1503 5375 1628 5430 venderet
1642 5375 1857 5442 circumscriptus
1874 5377 1923 5428 est.

1106 5539 1133 5588 F
1136 5539 1170 5588 ³3
1237 5541 1278 5604 (11)
1297 5543 1464 5606 9616111113(ι
1529 5545 1572 5608 (11)
1593 5543 1615 5594 61
1625 5561 1672 5594 scr.

1142 5607 1185 5670 (is)
1203 5607 1254 5658 Ed.
1264 5619 1334 5662 i...rs.
1348 5619 1434 5664 io...ei.
1444 5623 1487 5674 so:
1498 5613 1589 5676 Papio
1598 5629 1604 5670 ;
1614 5611 1681 5674 App.
1691 5619 1725 5662 aa
1737 5619 1781 5668 io:
1797 5607 1860 5656 Sao.
1869 5617 1914 5658 aa..

1107 5683 1143 5724 aa.
1152 5701 1186 5710 —
1197 5675 1259 5726 Bas.
1274 5679 1311 5740 10,
1320 5689 1340 5728 1.
1352 5705 1385 5716 -
1396 5679 1434 5746 Of.
1448 5679 1506 5730 Coit.
1517 5681 1540 5740 2,
1551 5689 1574 5728 ‘ir
1652 5677 1693 5734 tii)
1714 5671 1890 5722 attenderit?
