4366 6258
285 361 440 430 XXXVII
459 367 481 430 t

285 553 435 618 acceptam,
452 549 505 604 boc
521 547 609 604 minus
626 547 744 616 confert,
768 549 819 606 etsi
836 553 901 602 ante
917 563 987 604 uxor
1003 547 1095 604 deces-

287 621 316 670 m
353 619 426 672 serit.
461 617 491 672 Si
506 615 654 684 impuberi¹
671 617 801 688 adrogato
819 615 968 674 secundum
984 615 1038 670 diri
1053 617 1096 670 Pii

285 683 443 754 rescriptum
485 689 564 738 unrta
590 683 727 752 debetur2,
752 685 896 740 videndum
919 689 972 754 est,
998 699 1046 752 an,
1072 683 1096 740 ai

285 751 369 822 patris
381 757 462 806 natur
490 751 510 804 ‘s
524 751 654 806 bonorum
666 753 864 822 possessionem
876 757 959 820 petat,
974 751 1097 808 conferre

287 825 408 886 quartam
427 819 530 874 debeat.
565 821 685 886 quaestio
701 821 731 874 in
747 835 779 876 eo
797 823 850 886 est,
876 835 912 872 an
931 819 1024 874 heredi
1046 835 1095 874 suo

285 887 419 954 relinquat
435 893 546 954 quartae
563 885 696 942 actionem
712 901 747 942 an
764 901 827 940 non.
852 891 880 940 et
896 887 981 954 magis
998 891 1047 950 est,
1066 891 1098 940 ut

287 955 322 1008 ad
338 953 462 1006 heredem
479 953 631 1020 enunieret,
650 953 712 1024 qnia
746 953 876 1008 ersonalie
890 953 960 1006 actio
975 959 1029 1006 est:
1046 953 1096 1020 igi·

285 1027 330 1074 tur
344 1021 423 1074 etium
435 1021 468 1074 de
498 1027 576 1072 uerte
592 969 753 1076 conieremllt
767 1035 861 1074 carme
878 1035 939 1074 eum
953 1021 1096 1090 oportebit,

287 1087 333 1142 sed
350 1087 402 1140 hoc
419 1087 458 1166 ita
475 1037 593 1152 (lenum,
612 1089 635 1144 si
651 1089 705 1142 iarn
722 1091 788 1140 nata
804 1091 846 1140 ιιι
862 1093 975 1168 quartae
990 1087 1095 1168 petitio.

287 1157 403 1208 ceterum
426 1171 450 1208 s1
472 1153 560 1208 adhuc
582 1161 659 1224 pater
681 1153 823 1222 adoptivus
845 1159 933 1216 meat,
963 1171 1010 1222 qm
1036 1169 1096 1206 eum

286 1221 468 1290 emancipavit,
485 1221 623 1276 dicendum
635 1227 678 1278 est
690 1219 842 1276 cautionem
855 1235 963 1290 quoque
975 1235 1095 1276 cessare:

285 1291 456 1358 praematura
480 1295 522 1342 est
548 1291 618 1344 enim
641 1305 655 1344 ε
674 1303 703 1342 es
731 1287 895 1354 collatoris,
922 1303 985 1342 cum
1007 1287 1097 1342 adhuc

286 1359 330 1434 22‘
353 1355 424 1408 uvat
443 1355 482 1422 is,
505 1357 580 1412 cuius
602 1357 636 1410 de
655 1305 735 1410 Bonis
755 1363 853 1426 quarta
869 1355 992 1420 debetur.
1028 1353 1097 1410 siis

286 1437 332 1490 qm
347 1423 420 1476 bona
437 1423 583 1478 collatorem
601 1429 642 1480 est
658 1423 757 1476 habeat
772 1423 857 1476 filium
878 1423 1016 1492 peculium
1037 1435 1096 1476 cas-

286 1495 375 1544 trense
392 1489 547 1558 habentem,
570 1507 624 1546 non
646 1495 756 1558 cogetur
777 1489 869 1558 utique
885 1491 1022 1558 peculium
1039 1489 1096 1568 ειεε

287 1555 417 1612 conterre.
452 1557 500 1612 sed
521 1559 543 1612 si
566 1559 619 1612 iam
642 1563 707 1612 tunc
728 1561 849 1612 mortuus
870 1561 929 1612 erat
949 1557 1021 1612 filium
1040 1571 1097 1610 erus

287 1629 315 1678 et
331 1631 467 1680 castrense
483 1625 617 1696 peculium
632 1623 768 1690 habebit³‚
787 1639 849 1678 cum
865 1625 993 1678 morietur
1008 1623 1033 1678 is
1048 1637 1096 1678 cu·

287 1693 329 1748 ius
341 1693 473 1748 bonorum
486 1693 620 1762 possessio
632 1691 749 1760 petenda
764 1697 817 1746 eet:
836 1707 871 1744 au
884 1691 1006 1746 conferre
1016 1705 1096 1760 eoga-

286 1761 350 1816 turl
372 1777 432 1816 cum
455 1765 545 1816 εειεεε
566 1759 692 1814 vmdcari
712 1759 741 1812 id
761 1759 840 1828 patri
854 1775 908 1814 non
925 1759 962 1814 sit
977 1773 1096 1828 necesse,

287 1829 340 1884 dici
357 1829 492 1898 oportebit
509 1825 711 1882 conferendum:
730 1843 786 1882 non
803 1827 871 1882 enim
888 1843 960 1882 nunc
977 1827 1096 1894 adquiri·

286 1903 340 1962 tur,
358 1897 405 1950 sed
422 1913 477 1950 non
494 1895 627 1948 adimitur.
655 1895 769 1964 amplius
787 1895 855 1964 dico,
873 1899 900 1948 et
917 1895 940 1950 si
956 1897 1096 1950 institutus

286 1963 369 2018 luerit
391 1979 408 2018 a
429 1963 485 2018 lilio
507 1963 585 2018 heres
602 1977 651 2016 nec
669 1963 732 2018 dum
749 1963 846 2020 adierit
861 1963 1014 2032 habeatque
1031 1963 1095 2018 sub-

287 2031 421 2098 stitutum,
443 2031 507 2098 quia
528 2047 583 2086 non
600 2029 702 2098 magis*
719 2047 791 2086 mmo
826 2031 946 2086 meritur
962 2031 1096 2102 peculium

288 2105 320 2154 23
355 2115 434 2170 quam
451 2115 522 2152 nunc
535 2115 590 2154 non
604 2099 744 2166 alienatur,
756 2117 796 2156 ,co
827 2101 880 2156 erri
893 2099 998 2156 debere.
1025 2099 1095 2156 (lou-

287 2167 374 2224 iertur
390 2173 480 2222 autem
497 2167 576 2224 etiam
589 2167 689 2242 siquid
704 2168 761 2224 eius
774 2185 830 2224 non
842 2167 931 2236 fuerit,
950 2167 1011 2224 dolo
1025 2169 1095 2224 malo

287 2241 377 2292 auum
392 2235 495 2292 iactum
511 2237 560 2302 sit,
578 2253 630 2308 quo
648 2239 735 2292 minus
753 2243 837 2294 esset:
861 2237 909 2292 sed
924 2237 977 2294 hoc
995 2237 1035 2294 sie
1052 2253 1096 2292 ac-

287 2305 439 2374 cipiendum
455 2311 509 2374 est,
525 2311 558 2360 ut
573 2305 626 2362 boc
642 2305 747 2362 demum
765 2305 931 2372 conferatur,
949 2305 1022 2376 quod
1039 2305 1097 2362 eius

287 2389 346 2428 esse
364 2373 442 2429 desiit
458 2373 519 2428 dolo
537 2375 620 2428 malos
642 2379 759 2430 ceterum
777 2375 801 2430 si
816 2373 846 2428 id
861 2373 927 2442 egit,
950 2389 985 2430 ne
1001 2373 1096 2444 adqui-

287 2447 372 2506 reret,
392 2457 448 2496 non
464 2441 536 2498 venit
552 2441 581 2496 in
599 2441 780 2496 cenationem:
802 2459 864 2496 nam
881 2443 926 2496 hie
944 2447 971 2496 ει
987 2441 1039 2498 sibi
1055 2443 1096 2498 in·

285 2515 318 2566 24
353 2509 464 2566 sidiatus
494 2515 544 2566 εει.
584 2509 724 2566 Portiones
750 2509 921 2566 collationum
950 2511 989 2566 ita
1018 2515 1098 2566 erunt

287 2579 439 2634 iaciendas:
462 2583 494 2634 ut
532 2583 580 2634 uta
598 2577 650 2634 duo
668 2583 731 2634 aunt
746 2579 796 2634 filii
812 2581 840 2632 in
857 2583 1003 2650 potestate,
1027 2595 1096 2636 unus

287 2647 470 2718 emancipatus
487 2647 522 2702 ha
542 2663 589 2704 ens
606 2653 740 2704 trecenta:
758 2647 875 2704 ducenta
887 2647 1017 2704 fratribus
1032 2663 1096 2704 con-

287 2717 366 2784 reue
388 2717 439 2773 sibi
461 2721 580 2772 eentum:
605 2713 670 2772 facit
686 2715 755 2770 eninr
771 2717 812 2782 eis
854 2719 953 2782 artem,
976 2717 1096 2786 quamvis

238 2817 239 2820 =
287 2785 311 2842 is
328 2787 375 2854 sit,
400 2785 444 2842 cui
466 2785 582 2842 conferri
599 2801 652 2842 non
669 2785 744 2842 solet.
779 2733 852 2856 ques
868 2785 891 2840 si
909 2783 961 2842 duo
978 2785 1032 2842 sint
1048 2785 1097 2842 lilii

287 2857 447 2926 emancipati
473 2855 603 2912 habentes
630 2861 739 2912 nenena
767 2861 795 2910 et
821 2853 930 2928 dunin
953 2859 1096 2938 potestate,

287 2941 372 2994 aeque
394 2923 535 2980 dicendum
557 2929 599 2980 εει
622 2923 740 2994 singulos
764 2923 887 2992 singulis,
915 2941 962 2992 qm
982 2929 1047 2980 sunt
1067 2925 1097 2980 in

287 2999 434 3076 potestate,
462 2999 575 3050 centena
599 2991 732 3062 conferre,
762 2999 875 3048 εεειεεε
895 2993 1021 3060 retinere,
1049 2993 1097 3048 aed

286 3079 360 3134 rpsoa
380 3063 492 3120 invicem
513 3061 579 3118 nihil
603 3061 732 3120 conferre.
767 3061 837 3118 dotis
859 3079 974 3134 quoque
988 3061 1095 3118 cubatio

287 3133 315 3188 in
332 3133 444 3188 eundem
462 3133 569 3188 medum
585 3129 641 3200 fiet,
658 3139 688 3188 ut
706 3131 866 3202 quicumque
883 3131 994 3198 confert,
1017 3133 1096 3190 etiarn

287 3217 363 3258 suam
399 3217 521 3258 creonam
539 3207 659 3258 numeret
674 3203 703 3258 in
719 3203 843 3272 partibus
860 3199 1000 3258 faciendis.

323 3267 341 3328 2
383 3285 479 3328 nunus
493 3271 560 3328 libro
579 3271 807 3344 quadrupeusu’uw
819 3271 913 3344 primo
931 3271 968 3326 au
980 3271 1096 3326 edietum

288 3339 356 3394 (lum
372 3339 532 3412 emancipati
548 3339 597 3394 filii
613 3339 719 3396 nomine
732 3343 857 3408 nepotem
869 3343 1023 3410 postumum
1034 3345 1098 3410 post

288 3409 330 3464 ari
350 3413 462 3466 mortem
485 3409 718 3470 autumaremus
744 3409 876 3464 bonorum
900 3409 1096 3478 possessionem

287 3477 410 3548 accipere
428 3483 562 3548 oportere,
586 3477 765 3534 necessarium
783 3477 835 3532 erit
851 3475 940 3532 dicere
957 3477 1029 3532 bona
1046 3493 1097 3532 sua

277 3561 348 3604 ,eum
365 3547 498 3614 conferre,
522 3547 586 3602 licet
608 3563 662 3604 non
682 3549 773 3616 potest
796 3545 849 3602 dici
864 3545 959 3602 mortis
976 3549 1096 3616 tempore

287 3615 330 3670 avi
346 3615 419 3670 bona
434 3615 568 3682 habuisse,
587 3615 632 3686 qni
648 3613 707 3684 ipse
724 3613 843 3670 nondum
853 3613 883 3670 in
896 3631 986 3670 rerum
998 3619 1096 3670 natura

287 3689 354 3738 erat.
387 3683 470 3752 igitur
491 3685 547 3740 sive
567 3683 741 3740 hereditatem
763 3697 780 3738 a
798 3689 880 3766 patre
902 3683 957 3738 siue
978 3683 1096 3754 legatum

290 3757 301 3806 1
338 3751 485 3822 acceperit,
501 3753 554 3808 hoc
572 3751 693 3808 conterre
711 3751 827 3808 debebit
860 3751 932 3806 lllud
949 3757 1038 3808 autem
1054 3751 1095 3804 in·

287 3821 462 3890 tellegendum
480 3827 521 3878 εει
537 3821 621 3876 tilium
637 3819 666 3874 in
678 3819 756 3876 bonis
769 3819 876 3888 habere,
895 3818 966 3890 quod
979 3819 1095 3876 deducto

287 3907 350 3946 aere
366 3889 453 3946 alieno
471 3895 600 3960 superest.
636 3889 683 3946 sed
705 3889 730 3946 si
747 3889 799 3946 sub
817 3889 973 3962 condicione
990 3889 1095 3958 debeat,

287 3975 341 4014 non
358 3961 448 4014 statim
464 3959 493 4014 id
509 3959 640 4016 deducere
658 3957 777 4026 debebit,
799 3957 846 4012 sed
861 3957 891 4012 id
908 3973 1014 4030 quoque
1031 3973 1095 4014 con·

287 4027 372 4084 ferre:
389 4033 485 4084 contra
499 4035 590 4084 autem
608 4027 696 4086 careri
713 4027 739 4084 ei
755 4027 891 4108 oportebit
907 4029 941 4082 ab
955 4041 987 4084 eo
1006 4027 1051 4096 qui
1067 4025 1096 4082 in

287 4101 420 4166 potestate
437 4103 486 4164 εει,
503 4103 534 4150 ει
551 4097 680 4152 existente
698 4095 854 4152 condicione
871 4095 1032 4150 defendatur
1045 4111 1095 4164 pro

288 4171 303 4218 2
338 4179 371 4220 ea
386 4171 464 4234 parte
481 4181 561 4234 quam
578 4165 699 4222 contulit.
725 4163 767 4218 De
782 4163 844 4232 illis,
862 4179 930 4234 εεεε
943 4165 1001 4220 sine
1016 4165 1096 4234 culpa

288 4231 336 4288 lilii
353 4233 512 4302 emancipati
527 4239 717 4302 postmortem
733 4231 818 4300 patris
840 4231 990 4302 perierunt,
1013 4249 1095 4300 quae·

287 4301 368 4366 riter,
393 4301 429 4356 ad
455 4303 531 4356 emus
551 4301 738 4356 detrimentum
760 4315 794 4356 ea
835 4301 949 4358 ertinere
971 4301 1095 4356 debeant.

288 4375 315 4424 et
331 4369 450 4438 plerique
467 4375 564 4438 putant
581 4385 625 4438 ea,
647 4385 717 4440 quae
737 4369 795 4426 sine
815 4317 879 4426 Solo
899 4375 927 4424 et
947 4369 1028 4438 culpa
1047 4385 1095 4438 pe-

288 4437 387 4504 rierint,
406 4437 441 4492 ad
460 4437 609 4494 collationis
625 4453 693 4494 ontis
710 4453 765 4492 nou
781 4437 927 4508 pertinere:
948 4441 976 4492 et
992 4439 1045 4492 hoc
1061 4453 1096 4492 ex

287 4507 339 4562 illis
365 4507 452 4562 uerbis
477 4505 681 4574 intellegendum
707 4511 760 4572 est,
790 4507 888 4576 quibus
913 4509 1023 4576 praetor
1046 4507 1096 4562 viri

287 4573 353 4630 boni
368 4573 501 4630 arbitratu
516 4573 593 4630 iubet
609 4573 726 4630 conferri
740 4575 827 4630 bona:
843 4573 885 4630 uir
901 4579 991 4630 εειεει
1007 4575 1095 4630 bonus

288 4657 342 4698 non
360 4643 395 4696 sit
411 4643 590 4696 arbitraturus
608 4641 798 4698 conferendum
809 4641 846 4710 id,
863 4641 936 4710 quod
950 4644 1096 4698 nechabet

289 4717 303 4764 3
338 4723 388 4764 nec
413 4711 476 4766 dolo
500 4725 552 4764 nee
577 4709 657 4780 culpa
680 4709 760 4766 desit
780 4711 888 4766 habere.
926 4711 959 4764 Id
979 4725 1093 4780 quoque,

288 4777 361 4848 quod
381 4779 432 4834 sub
455 4777 611 4834 condicione
632 4791 667 4832 ex
687 4777 817 4846 stipulatu
842 4779 955 4834 debetur
978 4779 1094 4834 emanci-

289 4849 365 4916 pato„
377 4845 494 4902 conferri
510 4845 597 4900 debet.
632 4845 765 4900 diversum
785 4851 827 4900 est
846 4847 876 4900 in
896 4847 983 4916 legato
1003 4847 1095 4902 condi·

287 4913 398 4980 cioneli,
420 4915 483 4984 quia
502 4917 530 4968 et
551 4913 575 4968 si
594 4913 624 4968 in
638 4917 772 4994 potestate
788 4913 885 4968 luisset
901 4919 927 4968 ει
944 4921 1007 4984 post
1022 4929 1093 4968 mor-

287 4987 341 5038 tem
377 4981 441 5036 atrls
459 4979 580 5038 condicio
597 4981 735 5046 exhtisset,
752 4981 810 5050 ipse
825 4981 937 5038 haberet
953 4981 1092 5038 achonem.

1086 359 1150 430 552

1487 385 1534 434 nn
1556 381 1770 430 COLIATIONE
1791 379 1941 430 mouendi

1145 547 1295 620 accipiant,
1318 547 1381 618 quia
1401 549 1430 604 in
1451 553 1584 620 potestate
1607 565 1701 604 eorum
1721 547 1804 604 inerit
1825 549 1941 608 bonorum

1145 617 1342 688 possessiouem
1363 619 1493 672 omittere.
1526 617 1648 672 Indianus
1670 631 1776 686 quoque
1795 617 1878 672 Gassii
1893 631 1941 670 seo·

1147 691 1162 740 6
1196 685 1308 740 mutiam
1328 685 1457 754 seqnitur.
1496 685 1526 740 si
1547 697 1581 738 ex
1604 685 1772 752 emancipato
1795 685 1850 738 lilio
1872 699 1940 752 nepos

1146 751 1329 820 emancipatus
1341 757 1447 808 mortuo
1461 757 1539 822 patre
1552 751 1631 806 simul
1647 757 1675 808 et
1687 767 1737 806 avo
1750 751 1880 806 bonorum
1891 769 1939 820 pos-

1146 819 1292 874 sessionem
1313 819 1454 888 uniusque
1475 819 1622 888 acceperit,
1648 835 1710 874 cum
1731 829 1844 886 uterque
1864 835 1939 876 corun

1147 901 1225 940 suum
1240 885 1365 940 heredem
1382 887 1531 954 reliquerit:
1553 901 1586 940 eo
1607 885 1686 942 modo
1704 885 1812 940 collatio
1829 885 1940 952 explicati

1146 957 1249 1022 potest,
1270 957 1313 1018 ut,
1334 953 1360 1008 ai
1382 955 1458 1010 verbi
1478 953 1565 1022 gratia
1587 957 1693 1008 centum
1716 955 1745 1006 in
1761 953 1839 1006 bonis
1855 953 1939 1022 babuit,

1147 1025 1174 1074 et
1195 1025 1293 1090 patruo
1316 1019 1509 1090 quinquaginta
1531 1025 1560 1074 ει
1580 1021 1659 1074 fratri
1680 1019 1869 1088 quinquaginta
1891 1035 1939 1074 con·

1146 1087 1218 1142 ierre
1233 1087 1327 1142 debet:
1344 1087 1397 1142 boe
1414 1087 1485 1140 enim
1502 1087 1570 1142 ratio
1587 1087 1667 1152 iacit,
1685 1087 1740 1142 sive
1757 1101 1884 1154 personas
1899 1087 1939 1144 sire

1147 1159 1161 1208 ι
1197 1153 1335 1222 portiones
1356 1171 1534 1210 numeremus.
1574 1153 1602 1208 Si
1628 1153 1680 1208 duo
1706 1159 1818 1222 nepotes
1844 1167 1876 1206 ex
1898 1153 1938 1212 filio

1147 1227 1252 1276 mortuo
1270 1221 1431 1290 emancipati
1447 1223 1578 1276 bonorum
1590 1221 1786 1290 possessionem
1801 1219 1844 1274 avi
1856 1225 1938 1292 petam,

1147 1293 1236 1342 utrum
1253 1287 1377 1344 dimidias
1395 1303 1431 1342 an
1447 1293 1558 1356 quartas
1575 1293 1671 1358 patruo
1692 1287 1815 1342 conterre
1836 1287 1938 1360 debeant,

1148 1357 1307 1424 quaeritur.
1328 1363 1355 1410 et
1371 1355 1459 1408 uerius
1477 1361 1518 1410 est
1535 1357 1656 1410 semisses
1675 1355 1797 1410 conferre
1814 1369 1860 1408 eos
1876 1369 1938 1422 opor-

1148 1429 1212 1488 tere,
1231 1423 1293 1492 quia
1307 1429 1335 1478 et
1346 1423 1371 1478 si
1384 1423 1443 1476 sivo
1455 1437 1512 1488 avo,
1531 1439 1592 1476 cum
1604 1423 1632 1476 in
1644 1421 1701 1476 eius
1714 1425 1848 1502 potestate
1861 1429 1938 1492 essert,

1148 1489 1263 1546 ducenta
1279 1495 1347 1558 puta
1361 1489 1396 1544 ad
1414 1489 1548 1556 misissent,
1566 1495 1674 1544 centum
1686 1489 1766 1554 iilius,
1785 1495 1888 1542 centurn
1899 1489 1938 1548 duo

1148 1561 1163 1610 8
1197 1555 1293 1612 iratres
1342 1573 1372 1612 er
1397 1505 1574 1612 hereditatem
1604 1557 1647 1610 ari
1671 1557 1809 1612 haberent.
1849 1555 1937 1616 Sidou

1148 1625 1308 1692 emancipati
1323 1573 1462 1678 lionorum
1483 1625 1679 1692 possessionem
1701 1623 1827 1692 petierim
1844 1627 1871 1678 et
1885 1639 1938 1686 unos

1148 1691 1302 1760 contulerit,
1321 1691 1389 1744 alter
1406 1707 1461 1746 non
1478 1693 1633 1756 contulerit,
1652 1691 1731 1746 huius
1748 1691 1836 1760 portio
1853 1695 1937 1754 tantia

1148 1759 1172 1814 ei
1199 1759 1244 1830 qui
1265 1759 1293 1812 in
1314 1763 1450 1828 potestate
1472 1759 1659 1828 est-prodesse
1681 1759 1772 1826 debet,
1798 1775 1853 1814 non
1877 1759 1937 1822 etium

1147 1827 1323 1898 emancipato,
1340 1827 1468 1896 quoniam
1484 1827 1541 1882 eius
1559 1843 1641 1882 causa
1659 1827 1705 1894 qui
1721 1827 1751 1882 in
1766 1831 1897 1896 potestate
1911 1841 1938 1888 eu

1148 1899 1164 1948 9
1199 1895 1362 1964 denegantur
1379 1895 1404 1950 ei
1422 1895 1550 1952 actiones.
1585 1895 1614 1950 Si
1635 1909 1685 1966 per
1705 1895 1822 1966 inopiam
1841 1899 1936 1952 emund.

1146 1967 1227 2084 fatus
1248 1979 1341 2018 carere
1365 1979 1419 2018 non
1440 1963 1538 2044 possit,
1564 1979 1619 2018 non
1644 1963 1734 2018 statim
1758 1963 1793 2018 ab
1816 1979 1848 2018 eo
1868 1969 1936 2020 trans-

1159 2031 1259 2086 erenda
1276 2037 1317 2086 est
1332 2047 1476 2100 possesso,
1495 2031 1542 2086 sed
1558 2029 1748 2096 coemendum,
1769 2031 1855 2086 donee
1871 2035 1937 2100 possit

1147 2097 1265 2156 invenire
1285 2099 1470 2166 fideiussores,
1496 2105 1527 2152 ut
1548 2103 1638 2154 tamen
1659 2099 1692 2154 de
1714 2099 1769 2164 his,
1792 2113 1860 2170 quae
1880 2115 1937 2160 mors

1148 2167 1280 2224 deteriora
1297 2167 1390 2224 futura
1406 2173 1479 2236 sunt,
1495 2167 1537 2224 his
1556 2167 1645 2236 quiin
1661 2173 1795 2236 potestate
1809 2173 1872 2224 sunt
1884 2171 1936 2228 actio

1148 2235 1225 2292 detur
1249 2237 1353 2308 ipsique
1381 2239 1509 2294 careantl
1534 2237 1563 2292 in
1591 2237 1705 2292 medium
1733 2235 1876 2294 collaturos
1884 2239 1901 2304 ⁸,
1923 2245 1937 2298 u

1148 2311 1256 2362 cautum
1274 2305 1311 2360 eis
1328 2305 1418 2362 fuerit.

1181 2371 1200 2434 3
1229 2373 1389 2430 ”Iunmnns
1416 2373 1485 2430 libro
1513 2375 1656 2428 uicensimo
1682 2375 1761 2428 tertio
1793 2373 1936 2446 clipeatorum

1146 2443 1260 2498 Praetor
1275 2457 1332 2498 nou
1348 2443 1399 2498 sub
1418 2441 1573 2498 confflcione
1587 2441 1736 2498 collationis
1750 2443 1880 2498 bonorum
1891 2459 1936 2512 pos·

1148 2511 1293 2566 cessionem
1307 2515 1401 2566 contra
1412 2511 1520 2568 tabulas
1532 2511 1664 2580 promittit
1672 2513 1700 2578 ¹⁰,
1719 2511 1767 2566 sed
1784 2511 1936 2582 demonstrat,

1147 2579 1213 2650 quid
1234 2579 1302 2634 data
1318 2581 1450 2634 bonorum
1470 2581 1640 2650 possessione
1661 2579 1720 2634 lieri
1742 2585 1855 2662 oportet.
1888 2581 1935 2636 alio·

1147 2649 1212 2718 quin
1237 2663 1333 2718 magna
1361 2649 1450 2716 captio
1475 2647 1526 2704 erit
1553 2649 1725 2720 emancipati,
1752 2665 1776 2704 ει
1800 2665 1855 2704 non
1879 2649 1937 2706 alitor

1146 2717 1278 2774 bonorum
1304 2717 1502 2786 possessionem
1527 2717 1649 2788 accipere
1670 2717 1878 2786 intellegeretur,
1901 2719 1936 2776 nisi

1147 2787 1262 2842 cavisset
1278 2785 1312 2842 de
1329 2785 1485 2842 collatiouer
1507 2801 1570 2842 nam
1591 2785 1737 2842 siinterim
1751 2787 1810 2856 ipse
1827 2785 1936 2842 decessis-

1148 2857 1226 2922 ret¹¹,
1253 2855 1346 2912 heredi
1371 2870 1421 2911 suo
1447 2853 1514 2910 nihil
1538 2855 1707 2926 relinqueret.
1745 2857 1809 2912 item
1829 2857 1853 2910 si
1874 2855 1937 2914 irater

1148 2923 1205 2980 eius
1223 2921 1393 2990 decessisset,
1412 2939 1473 2978 non
1493 2923 1679 2980 admitteretur
1694 2924 1730 2980 ad
1745 2924 1877 2980 bonorum
1892 2941 1937 2994 pos·
1952 2947 1955 2952 ·

1147 2993 1299 3048 sessionem.
1336 2991 1400 3064 quid
1421 3007 1485 3064 ergo
1506 2995 1566 3048 esti
1593 2991 1797 3064 intellegendum
1814 2999 1856 3048 est
1871 2995 1953 3058 bono,

1146 3079 1207 3118 rum
1223 3061 1419 3134 possessionem
1436 3061 1559 3132 accipere
1577 3067 1604 3118 ει
1620 3067 1764 3132 antequam
1784 3067 1886 3130 caveat,
1905 3063 1936 3118 sei
1954 3069 1955 3072 ’

1147 3133 1170 3188 ai
1183 3149 1238 3188 non
1251 3133 1357 3202 carent,
1371 3133 1410 3188 ita
1423 3133 1615 3200 observabitur,
1628 3139 1659 3188 ut
1670 3137 1730 3186 tota
1740 3131 1874 3188 hereditas
1884 3133 1936 3202 apul
1953 3149 1954 3152 ¹

1149 3205 1161 3256 1
1198 3217 1270 3270 eum,
1292 3201 1339 3270 qui
1358 3199 1388 3256 in
1409 3205 1543 3270 potestate
1559 3199 1653 3268 fuerit,
1677 3205 1820 3256 remaneat.
1856 3199 1953 3272 Emaup

1148 3271 1254 3340 cipatus
1276 3269 1349 3326 filins
1371 3271 1578 3326 commoremiam
1599 3269 1665 3326 lacit
1685 3269 1830 3352 impuberi,
1857 3271 1899 3340 qui
1918 3285 1953 3324 se¹

1146 3339 1231 3394 lilium
1254 3343 1281 3394 et
1302 3339 1332 3394 in
1346 3343 1481 3410 potestate
1497 3339 1581 3408 patris
1599 3337 1682 3396 fuisse
1699 3337 1776 3394 dreit:
1799 3353 1907 3408 quaero,
1922 3337 1953 3392 oi,

1146 3409 1218 3464 bona
1238 3423 1288 3464 sna
1309 3405 1334 3464 ei
1354 3409 1538 3478 emancipatus
1559 3407 1681 3464 conierre
1703 3409 1806 3462 debeat.
1841 3407 1937 3462 Proin

1146 3483 1237 3544 uetat·
1261 3482 1327 3548 puto
1352 3475 1542 3532 conferendum
1563 3493 1623 3532 esse
1645 3481 1740 3532 exacta
1763 3475 1898 3542 cendone,
1917 3481 1953 3546 ut

1146 3545 1232 3602 rictus
1256 3545 1538 3612 cantharedarum,
1563 3545 1603 3600 ita
1627 3551 1654 3602 et
1679 3561 1748 3616 quae
1774 3545 1872 3600 collata
1892 3547 1936 3600 sunt

1146 3617 1161 3668 ι
1196 3619 1323 3684 praestet.
1354 3613 1509 3670 Incuruas:
1526 3613 1654 3682 Quotiens
1673 3619 1767 3670 eontra
1783 3613 1889 3670 tabulm
1904 3613 1955 3666 bo»

1145 3699 1242 3738 norum
1277 3683 1392 3740 ossessio
1411 3683 1498 3750 datur,
1515 3683 1677 3754 emancipati
1687 3685 1759 3740 bona
1772 3699 1822 3740 aua
1835 3681 1935 3740 conferre

1145 3751 1244 3808 debent
1258 3699 1302 3808 la
1320 3751 1392 3818 solis,
1412 3751 1458 3820 qni
1474 3751 1503 3806 in
1519 3757 1653 3822 potestate
1668 3751 1752 3822 patris
1762 3751 1877 3836 tuerint.
1901 3751 1936 3804 hut

1146 3819 1953 3960 ttttttttttttttattestantibus‡

1146 3957 1320 4014 conferantur
1340 3963 1368 4012 et
1387 3957 1427 4012 ita
1445 3957 1534 4014 viriles
1555 3963 1646 4030 partes
1668 3965 1820 4026 sumantur,
1846 3959 1935 4020 credet
1951 3987 1954 4030 J

1146 4033 1224 4082 utet
1246 4027 1419 4096 emancipatis
1445 4043 1551 4097 quoque
1576 4027 1716 4084 collatio²²
1736 4029 1772 4084 ab
1794 4027 1860 4098 ipsis
1882 4027 1935 4082 lactu

1145 4095 1240 4178 prosit.
1265 4095 1401 4150 rideamus
1418 4111 1490 4166 ergo,
1507 4111 1542 4150 ne
1559 4097 1799 4178 commodissimum
1816 4099 1851 4152 sit
1865 4111 1935 4150 eman·
1952 4099 1955 4150 ἴ

1145 4165 1955 4312 ἓεῗῂῖἓεβειειῗεεᾞεέἓηὲῗεοῗεξᾚιξῦξξῗειὶῗεεῖιθιῗεθίεῗξ

1145 4317 1276 4370 ponamus
1298 4305 1401 4372 patrem
1423 4301 1617 4370 quadringenta
1625 4303 1645 4336 ¹³
1670 4303 1809 4370 requsse
1838 4307 1864 4354 et
1886 4301 1953 4366 dnorj

1145 4371 1173 4424 in
1190 4375 1323 4438 potestate
1338 4369 1417 4436 filios,
1436 4369 1503 4426 duos
1520 4369 1711 4438 emancipatos,
1730 4387 1764 4424 ex
1778 4369 1873 4438 quibus
1887 4369 1935 4424 alte·

1145 4453 1206 4492 rum
1223 4443 1341 4504 centum,
1365 4439 1479 4494 alterum
1501 4437 1638 4506 sexaginta
1654 4437 1682 4494 in
1699 4437 1777 4492 bouis
1793 4439 1903 4492 babere:
1921 4435 1935 4490 is

1164 4507 1193 4560 ui
1209 4511 1315 4562 centum
1331 4507 1443 4562 habebit
1459 4513 1564 4562 centum
1580 4507 1690 4576 triginta
1711 4507 1764 4560 tria
1784 4513 1812 4560 et
1832 4507 1935 4562 ιειεειεε

1145 4523 1222 4642 leret,
1239 4575 1262 4630 is
1273 4591 1342 4638 ,vero
1361 4575 1406 4642 qui
1423 4575 1560 4642 smaglnte
1577 4573 1720 4630 contulerit
1735 4579 1841 4630 eentum
1854 4569 1935 4642 vigint

1146 4643 1278 4766 {tquejta
1287 4641 1816 4766 evenqigt’qglqtqcfflafionisfflqnolunxnffl
1828 4643 1935 4764 ειΕεοΙὲῃι

1214 4729 1290 4766 mm
1331 4727 1389 4766 οε
1496 4727 1629 4766 manserm
1739 4727 1753 4766 ε
1811 4751 1818 4766 .
1877 4729 1901 4766 m

1145 4725 1955 4916 rtuluuuuruis

1145 4919 1194 4980 εει,
1212 4915 1300 4968 dotem
1317 4915 1409 4970 uxoris
1426 4915 1563 4984 praecipit,
1583 4915 1621 4968 ita
1638 4861 1821 4984 emancipatus
1839 4927 1935 4984 quoque

1144 4987 1160 5036 t
1196 4981 1272 5050 quasi
1298 4981 1459 5050 praecipiat,
1473 4999 1476 5002 ·
1490 4981 1605 5036 retinere
1630 4981 1716 5036 debet
1759 4981 1955 5050 emancipatur

287 5057 303 5104 4
406 5049 529 5118 ncipatus
543 5049 613 5104 lilius
626 5047 651 5104 si
663 5049 820 5104 iniuriarum
837 5051 936 5104 habet⁰
953 5053 1092 5116 achonem,
1143 5049 1305 5120 praeteritus
1330 5049 1367 5116 si,
1394 5051 1457 5104 dum
1481 5049 1620 5118 deliberat,
1646 5049 1746 5104 caverit
1768 5051 1801 5106 de
1822 5027 1956 5114 bonorum}

286 5117 353 5172 nihil
378 5117 500 5172 conferre
524 5117 615 5172 dehet:
644 5117 729 5184 magis
761 5119 830 5172 enim
854 5117 987 5172 vindictae
1014 5133 1094 5186 quam
1144 5119 1287 5174 cubatione
1303 5133 1354 5172 nec
1370 5119 1502 5172 bonorum
1519 5119 1714 5186 possessionem
1725 5119 1839 5188 petierit,
1857 5117 1955 5194 εεεειιξ

286 5185 415 5254 meoniae
438 5185 519 5240 habet
539 5185 764 5252 perseeutionemr
791 5185 839 5240 sed
860 5185 885 5240 si
906 5185 973 5238 furti
994 5187 1093 5240 habeat
1143 5185 1227 5240 fratre
1250 5201 1282 5240 ex
1304 5185 1432 5254 stipulatu
1453 5185 1512 5254 ipso
1534 5187 1593 5240 iure
1613 5191 1687 5241 tutus
1709 5185 1767 5242 erit.
1806 5185 1854 5240 aed
1878 5191 1903 5242 ει
1919 5197 1934 5238 u

274 5259 301 5306 ‘t
336 5251 480 5320 achonem,
503 5251 625 5308 conferre
646 5251 761 5306 debebit.
796 5251 826 5308 Si
845 5257 900 5308 tres
922 5251 1092 5322 emancipati,
1142 5253 1284 5322 pecuniam
1302 5251 1452 5320 contulerit,
1471 5251 1636 5308 condictione
1651 5269 1710 5308 eam
1724 5255 1835 5322 repetit:
1854 5255 1956 5320 omisca}

287 5321 339 5376 duo
362 5321 390 5376 in
410 5323 543 5388 potestate
563 5321 630 5386 sint,
655 5319 738 5374 euius
760 5319 868 5376 Cassius
889 5321 958 5376 libro
978 5323 1092 5402 septimo
1142 5321 1213 5376 enim
1230 5323 1361 5376 bonorum
1377 5321 1546 5392 possessione
1562 5323 1659 5392 incipit
1671 5323 1786 5392 pecunia
1798 5323 1855 5378 sine
1868 5331 1957 5394 causti

284 5389 351 5442 iuris
368 5389 451 5444 ciuilis
469 5387 561 5444 tertias
580 5385 752 5444 conferendas
770 5393 855 5468 putat,
876 5393 906 5442 ut
923 5389 1091 5458 emanemati,
1142 5395 1158 5444 6
1193 5405 1252 5446 esse
1268 5389 1342 5458 apud
1358 5389 1491 5444 heredem.
1526 5389 1578 5458 Qui
1599 5389 1666 5446 duos
1688 5389 1756 5446 libes
1773 5391 1801 5446 in
1818 5395 1955 5464 potestatui

303 5455 348 5508 uia
365 5455 477 5510 invicem
493 5471 547 5510 non
564 5455 713 5520 conferunt,
730 5471 810 5512 umus
827 5455 886 5512 loco
900 5455 967 5512 sint:
985 5473 1035 5512 nec
1049 5459 1090 5512 in-
1141 5455 1259 5512 habebat
1271 5463 1298 5512 et
1307 5473 1341 5512 ex
1353 5475 1407 5512 uno
1421 5473 1512 5512 eorum
1524 5473 1559 5512 ne
1578 5463 1656 5524 ctam,
1670 5459 1848 5528 emanciparit
1858 5459 1933 5518 filium

287 5473 389 5590 liquari
415 5539 461 5580 eos
486 5527 623 5592 oportere,
650 5521 672 5578 si
697 5522 759 5592 plns
785 5521 924 5578 conferant
952 5529 979 5578 et
1004 5525 1091 5580 minus
1142 5539 1177 5578 ex
1193 5541 1246 5594 quo
1262 5531 1386 5596 nepotem
1403 5527 1534 5582 habebat:
1553 5473 1648 5584 lende
1664 5527 1847 5596 emancipatus
1859 5527 1954 5594 factm}

1840 5639 1932 5652 —..-....-
1952 5629 1955 5640 ³

286 5699 317 5764 (tl
335 5697 463 5768 impubere
476 5699 501 5750 F
599 5701 631 5766 (ι)
649 5697 768 5752 debeatur
782 5701 829 5752 Ρ
919 5701 951 5764 (3)
968 5697 1097 5752 nahmen
1143 5701 1376 5766 4,1a,s.37,s,r,a
1442 5701 1487 5764 (ιι)
1503 5699 1667 5768 promisitffl
1724 5703 1766 5768 (ιι)
1784 5671 1954 5760 decissimetll

287 5767 503 5834 fflmmm

290 5839 321 5900 (t)
339 5839 411 5890 mm
428 5833 469 5890 F,
602 5771 634 5836 (ὃ)
652 5769 810 5822 emacem
905 5771 938 5832 (e)
956 5767 1093 5820 bnbeatF‘
1142 5769 1187 5834 (tal
1204 5771 1311 5824 nonina
1377 5773 1422 5836 tte)
1439 5767 1641 5836 quadragintap'
1700 5773 1743 5836 (14)
1762 5773 1872 5854 mmm
1949 5761 1953 5800 r

545 5839 578 5902 (8)
596 5837 717 5890 collatura
725 5839 753 5890 F
824 5839 856 5904 (a)
875 5839 910 5890 cd
920 5845 931 5898 i
943 5849 955 5890 ι
965 5839 997 5906 qss
1007 5837 1041 5890 D.
1052 5839 1092 5902 37,
