4366 6258
257 371 366 424 TITULI

1032 349 1124 414 Villi

1796 377 1904 424 TITULI

927 445 1233 460 ffl-

274 543 292 604 β
323 543 344 590 Β
368 535 411 590 Ad
427 535 509 602 legem
527 533 703 588 Falcidiam.¹

273 625 290 676 y
326 611 345 658 R
370 603 397 658 Si
410 603 452 658 cui
462 601 530 670 plus,
548 617 628 670 quam
641 615 690 670 per
700 599 784 670 legem
796 601 943 656 Falcidiam
953 601 1053 664 liceret.

404 673 518 738 legatum
535 685 594 724 esse
610 669 719 724 dicetur

1114 551 1139 586 rc
1176 541 1196 588 R
1222 535 1263 592 De
1280 537 1335 592 suis
1352 541 1378 592 et
1394 535 1515 606 legitimis
1532 535 1679 590 heredibus,

1115 601 1143 662 ag
1177 607 1197 654 R
1222 603 1393 726 Adfiassslaitps
1416 605 1563 660 consultum
1582 603 1773 658 Tertullianum
1793 609 1821 658 et
1838 603 1905 658 Orti-

1105 771 1284 854 Explicitus
1316 781 1364 840 est
1394 777 1475 844 liber
1505 797 1545 842 ex
1577 775 1686 840 ordine
1716 775 1906 856 digestorum

277 843 389 926 issssipii
411 859 450 908 θΧ
472 841 582 906 Ordine
603 841 684 908 libel*
698 841 899 924 trigensimus
915 843 1032 904 flexilis·
1108 857 1308 940 ffigsnsimus
1330 865 1473 942 (pompus,
1503 859 1543 926 ds
1565 861 1716 926 bonorum
1737 857 1905 940 possessio.

273 981 290 1012 a
323 965 343 1012 R
367 957 409 1012 Ad
417 959 533 1036 'senatus
551 955 700 1012 consultum
716 955 911 1010 Trebellianum
928 957 955 1008 et
968 953 1052 1020 Pega-

271 1099 290 1162 β
322 1099 340 1146 Β
366 1039 548 1158 Βυῗιῖἓὲωᾶίεε
564 1089 711 1156 legatorum
732 1089 773 1144 rel
790 1087 1050 1144 fideicommissorum

269 1249 285 1300 y
321 1233 339 1280 R
363 1159 565 1292 Utciigaei'torum
588 1239 635 1278 seu
658 1225 917 1280 fideicommissorum
942 1237 1046 1276 servam

399 1293 490 1346 dorum
508 1307 589 1346 cause
607 1297 738 1346 caveatur.

271 1361 286 1416 «l
318 1369 336 1414 R
362 1361 398 1414 Ut
419 1359 447 1412 in
468 1359 661 1428 possessionem
683 1361 831 1428 legatorum
852 1361 894 1414 uel
914 1357 1050 1412 fideicom-

398 1427 537 1480 missorum
554 1441 636 1480 causa
653 1441 711 1480 esse
727 1427 815 1480 liceat.

254 1531 386 1616 Explicit
417 1529 457 1594 de
485 1529 598 1610 legatis
630 1537 662 1594 et
689 1527 937 1596 fideicommissis
968 1531 1051 1594 liber

253 1617 408 1700 septimus,
431 1633 471 1678 ex
492 1613 602 1678 ordine
623 1613 816 1696 digestorum
838 1615 918 1680 liber
934 1615 1050 1694 trigen-

529 1699 624 1762 simru
647 1704 765 1763 sextus.

254 1899 361 1982 Incipit
383 1897 423 1962 de
443 1897 597 1960 bonorum
618 1897 870 1980 possessionibus
890 1898 975 1964 liber
989 1897 1051 1982 pri·

270 2005 345 2062 mus,
368 1999 408 2046 ex
424 1981 630 2046 ordinaliter
648 1983 849 2064 ingemimus
865 1981 1029 2066 septimus.

268 2125 283 2152 a
316 2107 335 2152 R
359 2097 400 2150 De
417 2097 547 2152 bonorum
563 2097 785 2164 possessionibus.

266 2175 285 2236 β
316 2173 333 2218 Β
359 2165 387 2218 Si
404 2165 511 2220 tabulae
528 2165 680 2218 testamenti
697 2167 834 2218 extabunt.

266 2257 280 2308 y
315 2239 333 2286 R
358 2233 398 2284 De
416 2233 545 2288 bonorum
562 2233 729 2298 possessione
746 2231 848 2286 furioso
866 2233 963 2284 infanti
977 2235 1050 2284 muto

393 2299 473 2352 surdo
492 2315 572 2352 caeco
591 2301 750 2368 conpetenti.

268 2367 282 2420 d
314 2375 333 2420 R
358 2365 397 2420 De
414 2369 543 2422 bonorum
561 2367 729 2434 possessione
748 2371 841 2422 eontra
857 2367 975 2422 tabulas.

314 2443 332 2488 R
357 2435 397 2488 De
414 2435 507 2500 legatis
530 2435 697 2500 praestandis
720 2441 813 2488 contra
834 2435 941 2488 tabulas
966 2435 1049 2488 bono·

392 2517 451 2554 rum
467 2501 635 2568 possessione
652 2501 744 2568 petita.

312 2575 329 2622 R
355 2569 395 2622 De
413 2567 553 2622 collatione
569 2569 707 2622 bonorum.

311 2645 330 2690 R
355 2637 394 2688 De
413 2633 553 2690 collatione
571 2635 648 2690 dotis.

312 2711 330 2758 R
356 2705 395 2756 De
413 2703 601 2770 coniungendis
619 2719 680 2756 cum
695 2703 861 2770 emancipato
878 2701 966 2760 liberis
983 2703 1049 2758 eius.

313 2779 331 2824 R
356 2771 402 2890 Det
413 2775 502 2852 rentqe
519 2773 548 2824 in
565 2771 760 2838 possessionem
777 2771 906 2826 mittendo
927 2777 953 2824 et
971 2785 1048 2824 cura·

404 2853 447 2892 ore
466 2855 531 2892 erus.

313 2913 331 2958 R
356 2905 396 2956 De
414 2905 599 2960 Carboniano*
617 2905 713 2958 edicto.

312 2979 330 3028 R
355 2973 395 3024 De
412 2973 543 3026 bonorum
559 2973 727 3040 possessione
745 2973 894 3028 secundum
911 2971 1026 3026 tabulas.

257 3045 282 3106 ιβ
311 3047 329 3094 Β
355 3039 381 3092 Si
399 3055 415 3092 a
432 3043 542 3108 parente
560 3039 618 3106 quis
635 3043 814 3094 manumissus
833 3043 875 3094 sit.

257 3129 279 3178 p
311 3115 330 3160 R
354 3107 394 3160 De
409 3107 538 3162 bonorum
551 3109 719 3176 possessione
731 3123 765 3160 ex
778 3113 936 3164 testamento
948 3107 1047 3160 militis.

257 3173 281 3226 ιδ
313 3181 330 3228 Β
355 3175 396 3226 De
412 3175 470 3228 iure
487 3177 670 3244 patronatuse.

250 3279 379 3362 Explicit
410 3297 450 3344 ex
481 3277 591 3342 ordine
619 3277 816 3426 sigestorum
845 3277 1047 3360 trigensimus

561 3383 617 3444 sep
632 3383 723 3428 rmus.

267 2457 278 2488 a

265 2591 275 2624 ἒ

266 2639 279 2698 ζ

265 2725 279 2770 71

266 2775 286 2824 θ

266 2929 273 2956 ι

258 2995 282 3024 ια

1368 943 1460 1010 nibus
1481 945 1646 1010 secundus.

1103 1139 1218 1222 Incipit
1245 1159 1285 1204 ex
1313 1139 1422 1204 ordine
1454 1143 1535 1210 liber
1561 1145 1761 1228 trigensimus
1789 1159 1899 1204 nonus.

1120 1277 1137 1306 a
1171 1261 1191 1310 R
1217 1255 1258 1310 De
1275 1255 1364 1324 operis
1381 1255 1441 1308 novi
1458 1259 1628 1312 nuntiatione.

1117 1327 1137 1390 β
1170 1329 1190 1378 R
1215 1323 1256 1378 De
1273 1323 1368 1442 dansque
1391 1321 1489 1376 iniecto
1513 1329 1539 1376 at
1561 1327 1765 1392 proiectionibus
1790 1327 1817 1378 et
1839 1337 1899 1390 sug·

1250 1405 1317 1456 gron
1336 1405 1365 1444 rs.

1117 1477 1134 1526 p
1170 1459 1257 1510 RDc
1274 1471 1344 1524 aqua
1360 1461 1387 1510 et
1404 1471 1488 1524 aquae
1505 1457 1608 1522 pluviae
1626 1459 1763 1514 arcendae.
1897 1519 1899 1522 ,

1120 1521 1136 1576 d
1169 1531 1190 1578 R
1214 1525 1256 1580 De
1292 1525 1419 1578 ublicauis
1437 1531 1464 1576 et
1480 1525 1650 1592 vectigalibus
1668 1533 1695 1578 et
1712 1525 1864 1582 commissis.

1118 1611 1131 1642 ε
1169 1597 1189 1646 Β
1213 1591 1254 1646 De
1272 1541 1466 1646 donationibus.

1118 1677 1129 1712 s
1169 1665 1188 1712 R
1214 1661 1254 1714 De
1271 1661 1363 1714 mortis
1382 1675 1463 1712 causa
1480 1657 1673 1714 donationibus.

1100 1761 1239 1844 Explicit
1267 1763 1348 1828 liber
1376 1781 1416 1826 ex
1445 1761 1554 1826 ordine
1577 1761 1766 1842 digestorum
1787 1765 1900 1844 trigen-

1391 1845 1487 1912 simus
1508 1865 1620 1910 nouus.

1144 2047 1259 2132 incipit
1280 2067 1320 2112 ex
1342 2047 1452 2114 ordine
1474 2047 1554 2114 liber
1577 2045 1866 2128 quadragessimus.

1120 2185 1137 2214 α
1171 2169 1191 2218 R
1217 2163 1259 2218 De
1275 2163 1533 2218 manumissionibus.

1170 2237 1191 2284 R
1216 2231 1257 2284 De
1275 2229 1442 2284 manumissis
1460 2231 1582 2284 vindicta.

1215 2299 1257 2352 De
1274 2299 1531 2362 manumissionibus,
1550 2313 1618 2366 quae
1636 2297 1716 2350 seruis
1739 2295 1775 2348 ad
1796 2295 1903 2350 uniuer-

1251 2365 1374 2420 simmae
1391 2365 1584 2434 pertinentibus
1602 2365 1780 2434 imponuntur.

1215 2433 1257 2486 De
1274 2433 1440 2488 manumissis
1457 2437 1623 2488 testamento.

1213 2499 1254 2554 De
1271 2497 1516 2554 fideicommissariis
1535 2499 1711 2554 libertatibus.

1213 2567 1254 2620 De
1271 2567 1347 2622 adem
1367 2569 1439 2622 tione
1455 2569 1594 2622 libertatis.

1213 2635 1253 2688 De
1271 2587 1442 2690 statuimus.

1250 2771 1335 2824 niunt.

1216 2839 1268 2902 Qui
1285 2841 1311 2890 et
1329 2853 1346 2890 a
1364 2839 1457 2904 quibus
1475 2837 1628 2890 manumissi
1644 2837 1720 2890 liberi
1740 2853 1794 2890 non
1811 2837 1896 2892 sumt⁴

1215 2905 1259 2958 Ad
1275 2905 1359 2970 legem
1376 2905 1479 2956 Aeliam
1497 2905 1640 2958 Sentiaml.

1216 2971 1257 3024 De
1274 2973 1332 3024 iure
1349 2987 1488 3026 aureorum
1506 2971 1653 3026 anulorum.

1214 3039 1256 3092 De
1273 3039 1407 3092 natalibus
1425 3041 1603 3094 restituendis.

1117 2837 1140 2954 Φςρ
1116 2235 1137 2766 δῶτὮε-υφρῖ-Εξ,

1110 2993 1137 3022 Ξ

1170 2305 1191 2352 Β

1169 2439 1189 2486 Β

1168 2505 1188 2554 Β

1168 2575 1187 2620 Β

1166 2641 1187 2688 Β

1168 2709 1188 2756 Β
1214 2703 1266 2770 Qui
1288 2701 1345 2758 sine
1367 2703 1571 2758 manumissione
1593 2703 1627 2758 ad
1648 2703 1796 2758 libertatem
1814 2717 1904 2770 perue-

1170 2845 1190 2890 R

1171 2911 1190 2956 R

1171 2977 1190 3024 R

1169 3045 1188 3090 Β

1169 3111 1188 3158 Β

1215 3105 1257 3158 De
1273 3107 1379 3160 liberali
1397 3121 1485 3160 eausa.

1170 3181 1191 3228 R
1217 3173 1317 3240 Quibus
1336 3175 1371 3226 ad
1386 3175 1535 3228 libertatem
1556 3175 1722 3242 proclamare
1742 3189 1794 3228 non
1817 3175 1904 3230 liceat.

1121 3261 1132 3292 a
1170 3247 1191 3296 R
1216 3243 1244 3296 si
1261 3241 1391 3310 ingenuus
1410 3259 1468 3298 esse
1485 3241 1597 3296 dicatur.

1109 3329 1131 3364 rs
1169 3315 1190 3362 R
1215 3309 1257 3364 Ne
1274 3309 1307 3364 de
1325 3315 1398 3364 statu
1416 3307 1602 3364 defunctorum
1618 3317 1681 3378 post
1699 3311 1905 3380 quinquennium

1109 3445 1135 3506 ιζ
1168 3451 1188 3498 Β
1214 3383 1419 3500 Deqlditiiitasiiiie
1436 3443 1590 3512 detegenda.

1109 3043 1137 3292 *QZ-30

249 3566 354 3648 Incipit
368 3565 448 3630 liber
464 3565 665 3646 trigessimus
679 3569 818 3644 octavus,
839 3563 879 3628 de
893 3563 1047 3628 bonorum
1099 3547 1239 3630 Explissii
1260 3547 1341 3612 libes
1364 3567 1401 3610 θΧ
1424 3545 1535 3610 Ordine
1558 3547 1750 3628 digitiffl'llffl
1773 3549 1905 3628 quadra·

419 3649 672 3730 possessionibus
695 3647 862 3714 secundus.

263 3785 278 3814 a
310 3771 328 3818 R
353 3765 393 3818 De
410 3763 497 3832 operis
514 3763 678 3818 libertorum.

261 3835 278 3894 β
311 3839 328 3886 Β
353 3833 393 3886 De
411 3831 487 3886 bonis
504 3831 600 3886 liberti.

261 3919 275 3966 p
310 3907 327 3952 R
353 3901 393 3952 De
410 3897 511 3952 libertis
529 3899 692 3968 municipum
713 3903 740 3952 et
758 3899 871 3952 aliarum
889 3897 1046 3952 universita-

387 3967 461 4018 tium.

262 4027 276 4080 d
308 4039 325 4084 R
351 4033 391 4086 De
410 4033 579 4100 adsignandis
596 4033 706 4088 libertis.

263 4117 274 4148 a
306 4105 324 4152 R
350 4099 376 4154 Si
394 4099 456 4168 quid
473 4101 501 4150 in
518 4099 639 4154 fraudem
656 4101 764 4168 patroni
781 4099 882 4152 iactum
900 4099 943 4152 sit.

260 4185 270 4216 r
306 4171 324 4220 R
350 4167 376 4220 Si
386 4167 501 4288 lssbulae
524 4169 676 4222 testamenti
698 4166 786 4220 nullae
808 4169 953 4230 extabunt,
976 4165 1047 4218 unde

425 4251 468 4288 err.

263 4303 275 4360 ζ
310 4307 328 4354 R
352 4303 427 4356 Unde
443 4301 559 4368 legitimi.

262 4387 275 4428 u
308 4375 327 4420 R
350 4369 426 4422 Unde
443 4369 558 4436 cognati.

263 4435 281 4480 d
309 4441 327 4488 R
353 4435 392 4488 De
409 4437 574 4490 successorio
593 4437 688 4490 edicto.

262 4521 270 4548 ι
311 4507 328 4554 Β
354 4503 393 4558 be
410 4503 537 4570 gradibus
553 4509 580 4558 et
596 4505 729 4558 adfinibus
742 4507 768 4556 et
782 4501 933 4556 nominibus
947 4515 1047 4556 eorum.

254 4587 279 4616 ια
311 4575 328 4620 R
353 4569 429 4624 Unde
445 4571 485 4624 vir
502 4577 530 4624 et
547 4587 621 4624 uxor.

254 4639 279 4696 ιβ
310 4641 327 4688 Β
352 4635 594 4716 Debveteranorum
612 4637 768 4716 etumilitum
786 4637 965 4716 successione.

254 4723 277 4816 {i
309 4703 452 4826 litte
468 4705 1048 4852 titsitietis‘’ttetttttt...

386 4855 520 4904 possessio
539 4837 615 4892 detur
623 4839 642 4892 ².

254 4921 274 4948 ιε
309 4909 327 4956 R
353 4903 417 4970 Quis
434 4907 498 4960 ordo
518 4907 545 4958 in
561 4907 692 4968 bonorum
710 4905 925 4972 possessionibus
944 4905 1029 4958 detur.

250 5031 255 5038 ¹
259 5031 262 5034 ¹
267 5033 522 5042 -ffl—-h———u-a--m
525 5035 755 5042 ..m-...m--m-..n--ma

243 5101 270 5162 (t)
287 5103 423 5154 carbouauo
437 5107 462 5154 F
528 5109 559 5170 (2)
579 5107 672 5160 titulum
687 5107 729 5168 37,
744 5119 768 5156 rs
784 5107 814 5156 de
829 5105 944 5170 obsequis
956 5119 1047 5168 paren·

243 5169 303 5218 tibus
318 5175 342 5222 et
355 5173 466 5236 patronis
479 5173 633 5238 praestandis
653 5191 696 5224 sao
720 5173 771 5222 ioco
792 5177 872 5224 omisit
889 5175 924 5224 Fr
948 5175 1047 5224 eundem

241 5247 292 5298 post
308 5239 347 5302 38,
365 5251 388 5290 14
407 5243 507 5292 inseruit
524 5253 547 5292 et
563 5261 673 5292 numeros
691 5243 732 5302 38,
747 5251 822 5292 timii
841 5241 869 5290 in
887 5251 964 5292 16...Ιὸ
983 5259 1045 5290 cooa-

242 5307 334 5356 mntcvit
350 5307 387 5356 ΡΒ
489 5309 522 5370 (3)
540 5307 703 5358 universitate
719 5309 744 5356 F
844 5311 876 5370 (4)
896 5309 979 5358 debuit
996 5325 1047 5358 esse

245 5455 372 5468 -ι--ῌη

242 5549 293 5590 ante
311 5539 324 5590 1.
341 5539 472 5590 XXXV!
488 5559 531 5590 nec
544 5543 690 5608 subscriptio
705 5561 781 5608 neque
795 5539 922 5604 inscriptio
938 5539 965 5588 F'

242 5617 293 5668 post
311 5609 324 5656 1.
338 5607 469 5656 XXXVI
484 5607 591 5656 feliciter
606 5609 630 5656 F

245 5685 294 5722 cate
312 5673 325 5722 L
340 5673 430 5724 XXX
435 5673 498 5722 Viii
513 5671 616 5738 explicit
629 5673 673 5724 lib.
689 5673 775 5730 xxxvii
797 5671 891 5738 incipit
910 5687 939 5722 ex
956 5671 1045 5720 ordine

273 5739 320 5802 dig.
335 5739 377 5790 lib.
393 5741 488 5792 xxxviii
503 5743 528 5788 F

1418 3631 1587 3712 gensimus.

1149 3833 1265 3922 Incipit
1286 3853 1326 3912 ex
1349 3833 1458 3898 ordine
1479 3835 1561 3934 liber
1583 3835 1864 3916 quadragessimus

1440 3939 1567 4000 pumus.

1117 4055 1134 4084 α
1168 4037 1189 4084 Β
1215 4033 1257 4086 De
1275 4033 1436 4100 adquirendo
1454 4049 1542 4086 rerum
1560 4033 1683 4088 dominio.

1114 4105 1134 4168 β
1168 4105 1188 4154 Β
1213 4099 1256 4154 De
1273 4101 1437 4168 adquirenda
1454 4101 1494 4154 uel
1511 4101 1674 4154 amittenda⁵
1691 4099 1866 4168 possessione.

1115 4187 1132 4238 p
1169 4173 1188 4220 R
1214 4167 1257 4222 De
1274 4169 1492 4234 usurpationibus
1511 4183 1558 4222 seu
1576 4169 1798 4236 usucapionibus.

1117 4233 1134 4288 d
1167 4243 1187 4288 R
1212 4235 1266 4288 Pro
1285 4243 1413 4304 emptore.

1118 4323 1130 4354 a
1169 4309 1188 4356 R
1214 4303 1267 4356 Pro
1286 4303 1383 4356 herede
1401 4307 1428 4356 et
1444 4317 1493 4372 pro
1511 4317 1672 4370 possessore.

1117 4391 1128 4424 s
1169 4377 1188 4422 R
1213 4369 1268 4424 Pro
1286 4369 1394 4424 donato.

1118 4439 1133 4500 ζ
1170 4443 1191 4490 Β
1216 4437 1269 4492 Pro
1289 4437 1422 4490 derelicto.

1117 4525 1134 4570 η
1169 4511 1190 4558 Β
1214 4505 1268 4558 Pro
1286 4505 1381 4570 legato.

1116 4573 1140 4624 d
1168 4579 1189 4624 R
1214 4571 1268 4624 Pro
1286 4573 1356 4624 dote.

1118 4661 1128 4690 ι

1109 4729 1137 4758 ια
1170 4645 1190 4760 X
1215 4639 1372 4758 liiiinririronia
1390 4703 1422 4758 de
1440 4699 1638 4756 accessionibus
1657 4701 1879 4768 possessionuml.

1099 4807 1240 4890 Explicit
1262 4807 1343 4870 liber
1364 4825 1405 4868 ex
1428 4803 1539 4900 prdine
1561 4801 1754 4900 digestorum
1776 4805 1910 4888 quadra-

1349 4907 1509 4968 gessimus
1530 4907 1659 4968 primus.

1197 5031 1425 5038 —............-....-...·1-.-.-....

1099 5107 1149 5162 Qui
1220 5103 1285 5152 fiuant
1303 5105 1328 5152 et
1340 5103 1372 5152 ad
1387 5101 1467 5168 legem
1481 5103 1578 5154 Aeliam
1593 5105 1703 5154 Sentium
1719 5125 1813 5156 nutriero
1832 5125 1841 5154 ι
1855 5109 1910 5156 sub-

1100 5175 1149 5224 iato
1217 5173 1251 5234 (5)
1268 5169 1407 5220 omittenda
1421 5169 1457 5220 ff²
1525 5175 1558 5238 (o)
1578 5175 1725 5224 andaclanam
1740 5175 1801 5224 bunc
1816 5175 1910 5224 titutum

1100 5259 1155 5304 apso
1171 5241 1266 5306 clipeata
1281 5257 1328 5288 aaa
1343 5239 1431 5290 dobant

1863 5457 1910 5466 -η

1094 5503 1151 5588 onte
1170 5539 1186 5588 1.
1200 5537 1274 5588 111111
1280 5539 1359 5590 171111
1374 5539 1437 5604 expl.
1454 5539 1497 5590 lib.
1511 5541 1607 5590 xxxviii
1621 5539 1697 5602 incip.
1712 5539 1755 5590 lib.
1768 5539 1873 5588 xxxviiii
1889 5539 1914 5584 F

1098 5617 1154 5654 onie
1172 5605 1188 5656 i.
1204 5605 1302 5656 XXXX
1319 5607 1426 5656 feliciter
1442 5607 1545 5672 explicit
1559 5607 1602 5656 lib.
1616 5607 1728 5668 xxxixF,
1742 5605 1833 5668 incipit
1846 5605 1911 5652 liber

1130 5687 1196 5720 xxxx
1211 5675 1268 5722 odd.
1286 5673 1323 5722 F²

1099 5749 1153 5788 unte
1172 5741 1186 5790 1.
1205 5737 1316 5790 XXXX!
1332 5743 1395 5806 expl,
1412 5741 1455 5792 lib.
1470 5757 1536 5790 xxxx
1554 5743 1629 5804 incip.
1646 5739 1688 5788 lib.
1703 5737 1779 5788 xxxxi
1796 5739 1854 5788 add.
1874 5737 1910 5788 F2

1683 5835 1707 5872 11
