4366 6258
288 355 490 428 xxxxviii
514 359 758 426 teletam
844 329 845 332 ¹
1081 349 1170 450 111111Ι
1341 343 1342 346 ’
1450 367 1552 418 ¹nn
1571 359 1933 420 murmuraremus

287 561 384 616 corpus
406 545 695 610 66166616,·661166
716 543 836 600 dicendo.
871 541 999 598 sedeam
1020 559 1086 612 quo·
1136 557 1275 612 possessor
1297 555 1351 594 non
1367 543 1485 606 tenetur,
1508 539 1536 594 id
1552 543 1593 594 661
1615 539 1659 622 qui
1675 539 1817 610 ignorabat
1832 553 1935 594 servum

288 631 339 682 que
355 613 398 668 lex
413 611 483 670 16116
499 613 663 668 residuorum
679 619 743 682 post
764 629 862 668 annum
879 609 1012 668 residuam
1029 627 1088 666 esse
1136 611 1263 676 alienum,
1286 613 1314 664 ct
1336 607 1380 678 qui
1403 609 1538 664 voluntate
1555 607 1653 664 dommi
1673 609 1788 678 putabat
1802 607 1830 662 id
1847 623 1906 662 666
1916 609 1935 640 ¹⁰

287 681 372 736 iussit.
762 727 763 730 ,
1136 695 1223 748 agere.
1241 677 1699 746 61116(1616661166666666666Η
1712 675 1935 754 ipsalexscripta

323 745 362 804 ta
374 745 434 814 (111)
452 747 626 802 Marcianos
641 745 709 802 libro
723 751 813 820 primo
825 747 983 802 iudiciorum
996 745 1086 820 publi·
1131 751 1190 802 est:
1214 763 1275 800 nam
1297 745 1410 798 adicitur
1431 745 1464 800 ‘si
1479 745 1566 800 sciens
1589 745 1650 800 dolo
1667 745 1736 800 malo
1754 745 1806 800 hoo
1822 745 1935 800 tecent’:

288 831 379 868 coram
421 815 479 870 Hac
499 817 556 884 lege
582 821 702 882 tenetur,
748 817 774 870 ui
796 815 825 868 in
852 815 950 868 tabulis
972 815 1102 884 publicis
1137 821 1165 868 et
1181 813 1334 880 saepissime
1351 829 1368 868 6
1385 811 1548 880 principibus
1565 811 1661 892 Severo
1679 819 1707 868 61
1721 813 1855 868 Antonino
1874 829 1935 866 con·

287 881 414 936 minorem
429 883 579 952 pecuniam,
597 899 675 952 quam
692 833 755 952 quid
771 883 880 938 venierit
893 889 940 934 aut
950 881 1086 948 locaverit,
1137 883 1259 936 stitutum
1281 887 1333 946 est,
1361 895 1395 934 ne
1417 881 1503 934 bonae
1528 879 1591 934 fider
1611 895 1780 948 possessores
1808 881 1860 934 hac
1881 881 1936 950 lega

291 955 300 1000 t
338 949 474 1018 scripserit
487 949 592 1004 aliudve
609 951 672 1018 quid
689 951 772 1006 simile
785 949 951 1004 commiserit.
986 949 1086 1002 111666ι
1139 953 1335 1002 1166666166.
1368 947 1439 1002 Illud
1457 963 1510 1002 non
1532 953 1575 1002 est
1595 949 1780 1014 omittendum,
1805 947 1876 1018 quod
1891 963 1935 1002 66-

288 1015 399 1070 Severus
416 1017 605 1072 etAntoniuus
623 1017 942 1086 quendam'clarissimum
957 1015 1086 1084 iuvenem,
1131 1015 1221 1086 empto
1244 1015 1310 1084 legis
1332 1015 1467 1084 Aquiliae,
1491 1015 1515 1070 si
1536 1015 1573 1078 is,
1596 1023 1707 1084 propter
1730 1033 1807 1086 quem
1829 1015 1888 1084 quis
1910 1019 1937 1072 16

288 1099 348 1138 cum
365 1083 486 1138 inventus
508 1093 578 1138 esset
599 1087 718 1138 arculam
734 1087 762 1138 iu
778 1085 905 1154 templum
921 1099 1019 1154 ponere
1035 1085 1086 1138 ibi·
1137 1083 1248 1138 Fabiam
1277 1085 1419 1150 commisit,
1448 1083 1601 1148 decesserit,
1634 1083 1722 1138 adhuc
1749 1083 1884 1138 accusatio
1912 1093 1937 1138 et

287 1167 339 1220 que
354 1153 485 1204 hominem
497 1153 639 1216 includere,
658 1153 704 1222 qui
718 1159 780 1270 poet
794 1153 895 1206 clusum
912 1153 1039 1222 templum
1054 1153 1086 1206 de
1136 1167 1223 1220 poena
1238 1153 1302 1220 legis
1316 1153 1416 1206 Fabiae
1433 1157 1561 1220 superest,
1579 1157 1609 1204 ut
1625 1157 1653 1204 et
1664 1151 1740 1206 divus
1749 1153 1769 1184 ¹²
1785 1153 1897 1206 Severus
1911 1159 1938 1206 et

287 1233 351 1272 arca
368 1219 451 1272 exiret
472 1223 499 1272 et
516 1217 548 1272 de
565 1221 663 1288 templo
685 1237 729 1274 mu
740 1225 768 1274 16
784 1219 953 1274 subtraberet
969 1225 997 1274 et
1013 1235 1042 1274 se
1058 1219 1086 1272 in
1136 1219 1287 1274 Antoninus
1304 1219 1506 1288 rescripserunt.

287 1287 406 1340 arculam
426 1287 522 1340 iterum
543 1287 666 1354 referret,
692 1287 838 1342 6666161661
858 1285 892 1340 in
908 1285 1023 1342 1666166
1041 1286 1086 1342 de·
1171 1285 1191 1342 4
1211 1285 1302 1342 Gerus
1316 1287 1384 1342 libro
1402 1289 1542 1340 6166661666
1559 1285 1674 1340 666-66ιί6
1692 1287 1729 1340 661
1745 1287 1859 1342 edictam
1871 1303 1937 1358 pro·

287 1357 466 1420 portaverunt.
1137 1355 1250 1408 cinciaie
1277 1355 1348 1422 Lege
1365 1355 1451 1408 Fabia
1467 1359 1581 1420 tenetur,
1598 1353 1644 1422 qui
1660 1353 1746 1408 sciens
1763 1353 1875 1408 liberum
1889 1355 1937 1408 ho·

323 1417 360 1476 13
379 1417 440 1486 (11)
463 1419 606 1476 Uarianos
629 1423 697 1478 fibro
724 1421 911 1490 scrupeasimo
934 1425 1027 1476 octauo
1051 1421 1089 1474 ad
1137 1421 1233 1476 minem
1255 1421 1392 1476 donaverit
1414 1423 1456 1476 vel
1478 1421 1742 1486 16161661616611,
1764 1421 1827 1476 item
1844 1421 1890 1490 qui
1905 1435 1938 1476 ex

287 1489 401 1542 edictum
440 1487 491 1554 Qui
512 1491 685 1558 perforaverit
706 1489 813 1542 muros²
839 1489 965 1544 6611616
987 1487 1087 1558 aliquid
1137 1503 1229 1542 earum
1247 1505 1299 1558 qua
1316 1505 1398 1544 66666
1415 1489 1502 1544 661666
1523 1489 1633 1542 liberum
1649 1505 1708 1544 esse
1725 1489 1866 1558 acceperit,
1887 1489 1938 1544 ¹³in

289 1553 432 1620 abstulerit,
450 1557 590 1622 peculatus
607 1557 712 1610 actione
728 1561 841 1610 tenetur.
1137 1555 1229 1610 eadem
1247 1573 1328 1612 causa
1344 1557 1438 1612 haberi
1455 1557 1563 1620 debeat,
1588 1573 1641 1624 qua
1656 1555 1777 1612 venditor
1793 1563 1821 1612 et
1837 1561 1939 1626 emptor

323 1621 362 1678 14
375 1619 436 1688 (12)
449 1623 625 1678 Macenites
638 1623 854 1678 librooiocnrimo
866 1623 957 1692 quinio
972 1621 1086 1692 digesto·
1137 1623 1260 1678 habetur.
1294 1625 1364 1678 idem
1381 1625 1515 1694 6161666
1532 1639 1564 1678 66
1581 1639 1624 1678 666
1641 1629 1791 1692 permutata
1808 1625 1896 1678 fuerit

287 1705 347 1744 rum
380 1689 522 1744 Peculatus
545 1705 711 1758 nequaquam
733 1689 914 1756 committitur,
938 1689 962 1744 si
983 1691 1086 1756 exigam
1172 1691 1397 1746 5Monnsrrrvus
1417 1693 1484 1746 libro
1502 1693 1733 1770 septimodecimo
1751 1707 1938 1762 responsorum

287 1757 321 1810 ab
335 1773 367 1810 eo
382 1759 528 1825 pecuniam,
547 1759 591 1826 qui
604 1763 632 1810 et
645 1759 709 1810 mihi
723 1757 828 1810 611666
842 1757 931 1810 debet:
950 1759 1087 1810 nonenim
1137 1759 1286 1828 Respondit
1302 1775 1376 1824 eum,
1400 1759 1446 1828 qui
1462 1759 1599 1826 fugitivum
1617 1757 1732 1814 alienum
1748 1759 1896 1828 suscepisse
1913 1765 1941 1814 et

287 1825 399 1892 pecnnia
416 1825 491 1878 firci³
507 1825 687 1892 intercipitur,
710 1839 778 1892 quae
795 1825 907 1878 debitori
925 1825 981 1878 eius
998 1825 1086 1878 aufer·
1138 1825 1239 1880 celasse
1255 1825 1394 1892 doceatur,
1413 1843 1446 1880 ex
1463 1843 1509 1890 eo,
1533 1825 1603 1894 quod
1619 1825 1790 1894 proprietatis
1808 1827 1939 1894 quaestio·

286 1897 339 1956 tur,
359 1891 460 1946 scilicet
495 1893 540 1944 616
555 1897 645 1946 manet
661 1891 765 1944 debitor
780 1891 839 1946 fisci
855 1891 937 1946 nihilo
954 1891 1050 1946 minus.
1137 1909 1197 1948 nem
1218 1893 1341 1960 referret,
1367 1893 1479 1958 crimen,
1505 1893 1527 1948 si
1549 1893 1689 1960 probetur,
1718 1895 1816 1948 evitare
1836 1895 1939 1948 minime

322 1955 359 2014 15
377 1955 438 2026 (13)
488 1959 1021 2028 6666616661116666666616(16666616
1051 1959 1086 2026 Ι6,
1136 1975 1225 2028 66666.
1874 1985 1878 1996 ’

287 2025 794 2148 1111111111111111111
802 2026 952 2150 stilti
966 2027 1023 2096 ¹³³⁰
1040 2043 1086 2096 ¹³⁹·
1137 2025 1504 2152 .,.t.f²t'tttl⁸tt⁰
1521 2027 1941 2152 “inframittit

323 2159 360 2220 16
378 2161 439 2230 (14)
457 2113 639 2218 Parturire}
653 2113 892 2232 iitroptripcusimo
908 2169 988 2218 66616
1006 2179 1086 2232 6666-
1137 2165 1238 2218 6116666
1250 2113 1415 2232 1611666166
1432 2113 1551 2230 1666161,
1569 2163 1644 2218 divus
1661 2163 1813 2218 Hadrianus
1829 2163 1940 2218 161666

285 2231 400 2284 sticarum
432 2229 544 2284 Publica
566 2229 664 2284 iudicia
681 2229 819 2298 peculatus
837 2235 864 2284 et
881 2229 913 2284 de
929 2229 1043 2284 residuis
1061 2235 1089 2284 et
1137 2233 1218 2286 verba
1232 2231 1381 2302 rescripsit:
1400 2231 1505 2286 ‘Servos
1520 2231 1619 2286 alienos
1637 2231 1683 2300 qui
1700 2231 1880 2286 sollicitaverit
1895 2237 1941 2284 aut

286 2297 490 2366 repetundarum
506 2297 626 2350 similiter
644 2297 768 2352 adversus
785 2297 908 2352 heredem
922 2303 1086 2362 exercentur,
1139 2299 1329 2368 interceperit,
1361 2299 1471 2352 erimina
1497 2299 1591 2368 plagii,
1625 2299 1696 2366 quod
1724 2299 1763 2352 illi
1788 2299 1939 2364 intenditur,

286 2379 336 2420 nec
351 2365 479 2428 inmerito,
498 2379 558 2418 cum
575 2363 602 2416 in
618 2365 661 2418 bis
680 2365 798 2434 quaestio
815 2365 969 2434 principalis
983 2367 1088 2420 ablatae
1139 2371 1270 2422 ‘teneatur
1291 2383 1342 2422 nec
1361 2383 1409 2432 ne,
1433 2365 1499 2422 facit
1520 2365 1701 2434 quaestionem
1709 2367 1742 2422 ¹⁴:
1768 2373 1795 2420 et
1810 2365 1871 2422 ideo
1887 2383 1941 2422 nou

275 2431 415 2500 ’66666166
431 2437 574 2488 moveatur.
961 2501 962 2504 Ἴ
1140 2439 1188 2488 ‘me
1207 2435 1309 2488 consuli
1331 2433 1365 2488 de
1382 2449 1415 2488 ea
1431 2451 1461 2488 re
1484 2439 1602 2504 oportet,
1625 2433 1673 2488 sed
1691 2433 1762 2502 quod
1777 2433 1941 2488 verissimum

1139 2503 1176 2554 ‘in
1192 2517 1222 2554 66
1243 2503 1379 2572 praesenti
1396 2503 1575 2570 cognoscitur,
1601 2517 1630 2558 66
1648 2501 1676 2554 61
1698 2501 1812 2556 iudicem
1829 2507 1940 2570 oportet.

1139 2569 1227 2638 ‘plane
1244 2575 1333 2624 autem
1348 2569 1416 2624 scire
1434 2569 1515 2624 debet
1529 2585 1608 2638 posse
1622 2571 1736 2638 a'quem
1751 2569 1818 2624 furti
1835 2569 1941 2626 erimine

632 2639 745 2698 1111114Ι
1139 2637 1182 2692 ‘ob
1200 2653 1290 2692 servos
1307 2637 1407 2692 abacos
1424 2637 1584 2704 interceptos
1607 2637 1692 2692 teneri
1713 2653 1762 2692 nec
1784 2635 1884 2692 idcirco
1900 2643 1941 2690 ta-

466 2739 512 2788 v
1136 2705 1942 2842 116666116166666161,16

322 2835 543 2894 lMonnsrrrvos
558 2839 625 2892 libro
642 2839 759 2892 66666616
776 2839 810 2892 cic
821 2837 921 2908 poeuis
953 2837 1028 2892 Haec
1045 2837 1088 2892 lex
1139 2845 1226 2908 ‘quem
1246 2857 1316 2894 unus
1339 2845 1386 2894 aut
1409 2841 1476 2894 alter
1499 2839 1580 2894 tuerit
1595 2839 1721 2908 fug'tivus
1739 2841 1874 2906 inventus,
1897 2839 1943 2908 qui

284 2907 312 2960 iu
329 2905 396 2960 urbe
411 2905 490 2960 bodie
509 2911 602 2970 cessat,
621 2905 688 2974 quia¹
701 2905 736 2960 ad
753 2921 845 2960 curam
862 2905 988 2974 principis
1004 2905 1086 2974 magi-
1139 2911 1241 2976 ‘operas
1263 2923 1325 2962 suas
1347 2907 1493 2962 locaverint
1516 2915 1546 2962 ut
1562 2913 1746 2976 pascerentur,
1770 2913 1797 2962 et
1813 2907 1905 2978 utique
1921 2909 1943 2962 61

285 2981 414 3028 stratuum
437 2973 536 3028 creatio
559 2975 686 3042 pertinet,
708 2989 763 3028 non
785 2973 820 3028 ad
842 2973 935 3044 populi
960 2973 1086 3030 favorem.
1138 2975 1217 3028 ‘idem
1233 2981 1311 3028 antea
1329 2977 1401 3044 opud
1418 2977 1484 3028 alios
1503 2991 1570 3044 opus
1587 2975 1711 3040 feceriut,
1730 2977 1801 3030 hunc
1818 2991 1942 3046 suppres-

288 3049 296 3094 1
335 3041 411 3110 Quod
439 3043 462 3096 si
490 3043 519 3094 in
545 3041 688 3110 municipio
712 3049 806 3096 contra
834 3043 903 3096 hanc
924 3041 1008 3110 legem
1031 3057 1087 3094 ma·
1139 3047 1154 3098 2
1189 3049 1285 3098 ‘sorem
1301 3059 1356 3096 non
1379 3043 1437 3096 iure
1454 3043 1512 3110 quis
1529 3043 1641 3096 dixerit’.
1675 3043 1748 3112 Lege
1766 3043 1851 3098 Fabiu
1868 3057 1942 3096 cave·

284 3109 423 3178 gistratum
446 3115 494 3162 aut
516 3109 692 3164 secerdotium
717 3109 774 3178 quis
797 3109 915 3178 petierit,
940 3125 990 3178 per
1010 3125 1087 3162 sena·
1138 3117 1194 3176 tur,
1219 3115 1248 3164 ut
1266 3111 1341 3178 iiber,
1359 3111 1404 3178 qui
1421 3111 1554 3164 homiuem
1576 3111 1718 3178 ingenuum
1735 3111 1776 3164 vel
1793 3111 1943 3166 libertinum

283 3185 327 3232 tus
345 3177 495 3232 consultum
518 3181 623 3232 centum
640 3177 726 3232 aureis
755 3193 815 3232 cum
837 3177 947 3232 infamia
968 3177 1086 3246 punitur.
1137 3179 1248 3234 invitum
1266 3179 1390 3232 celaverit
1406 3179 1551 3232 1661661661
1562 3181 1582 3212 ¹⁵
1605 3179 1729 3232 habuerit
1746 3179 1838 3232 emerit
1856 3179 1942 3234 sciens

284 3251 298 3298 'l
334 3245 393 3314 Qua
412 3247 469 3314 lege
497 3245 637 3300 damnatus
660 3245 684 3302 si
706 3245 788 3308 alium
811 3247 967 3310 convicerit,
995 3245 1023 3298 in
1046 3245 1087 3298 in·
1139 3247 1199 3302 dolo
1217 3247 1285 3300 6616
1304 3247 1380 3314 quive
1397 3247 1425 3298 iu
1444 3263 1533 3300 earum
1551 3261 1604 3316 qua
1621 3261 1650 3300 re
1667 3247 1755 3302 socius
1773 3247 1830 3310 erit,
1849 3247 1893 3316 qui
1910 3261 1943 3300 ue

284 3319 386 3382 tegrom
413 3315 576 3382 restituitur,
605 3331 659 3370 non
692 3319 780 3368 tamen
814 3315 953 3382 pecuniam
983 3313 1087 3382 recipit.
1138 3331 1213 3370 serso
1236 3315 1323 3370 611666
1346 3331 1471 3370 servaeve
1487 3315 1664 3382 persuaserit,
1688 3263 1942 3370 6161666616-

284 3387 299 3436 3
333 3381 453 3446 116616,
476 3383 522 3450 qui
539 3399 635 3436 novum
651 3383 763 3450 vectigal
779 3381 936 3448 instituerit,
960 3397 993 3436 ex
1010 3397 1087 3436 6666-
1138 3385 1241 3438 616666
1260 3383 1383 3450 16616116,
1406 3383 1448 3436 vel
1468 3399 1530 3436 eum
1546 3399 1636 3436 eamve
1658 3383 1740 3436 invito
1757 3383 1800 3436 vel
1815 3383 1943 3438 insciente

284 3457 299 3502 4
332 3455 377 3504 tus
394 3451 515 3504 66666116
533 3451 584 3502 166
601 3465 688 3518 poena
699 3451 837 3532 plectitur.
870 3451 946 3504 Etsi
964 3451 1087 3520 quireus
1139 3451 1245 3506 domino
1256 3451 1393 3506 dominove
1403 3451 1533 3516 celaverit,
1547 3451 1692 3504 invinctum
1700 3451 1721 3484 ¹⁵
1736 3451 1861 3506 habuerit
1875 3465 1942 3504 eme-

236 3569 237 3572 ,
283 3517 325 3570 vel
347 3523 487 3572 accusator
504 3517 609 3572 domum
626 3517 721 3572 iudicis
738 3517 915 3586 ingrediatur,
938 3535 987 3586 per
1004 3521 1088 3586 legem
1137 3517 1944 3586 611661666161666616661661666666661666611,6166

282 3585 378 3640 Iuliam
390 3583 557 3640 iudiciariam
570 3585 598 3638 in
614 3585 698 3652 legem
711 3585 826 3640 ambitus
839 3585 987 3652 committit,
1004 3585 1031 3640 id
1046 3591 1088 3642 est
1137 3601 1225 3656 poena
1241 3591 1371 3642 teneatur.

282 3655 441 3708 aureorum⁵
458 3659 565 3708 centum
581 3653 648 3708 fisco
665 3651 763 3706 inferre
779 3653 894 3706 iubetur.
1173 3651 1190 3710 7
1209 3653 1467 3708 Hunnoemvmrvus
1487 3655 1554 3708 libro
1573 3655 1665 3724 quinto
1684 3655 1752 3706 iuris
1768 3655 1943 3724 epitomorum

766 3755 767 3758 =
1103 3761 1104 3764 η
1136 3721 1230 3778 Ρ6666
1256 3723 1411 3792 pecuniaria
1439 3727 1539 3778 statuta
1567 3723 1623 3790 lege
1649 3721 1737 3776 Fabia
1762 3721 1791 3774 iu
1813 3737 1865 3776 usu
1887 3737 1944 3776 esse

1139 3789 1227 3844 desiit:
1250 3805 1311 3844 nam
1328 3791 1425 3844 16166
1449 3789 1557 3844 erimine
1575 3789 1670 3844 detecti
1687 3805 1736 3858 pro
1760 3789 1849 3844 delicti
1865 3787 1944 3844 modo

646 3861 728 3922 XV'.
923 3907 924 3910 ,
1138 3865 1295 3914 coercentur
1311 3865 1339 3912 et
1355 3859 1512 3928 plerumque
1528 3859 1557 3932 in
1573 3859 1709 3914 metallum
1726 3855 1894 3914 damnantur.

420 3963 466 4014 DE
483 3961 577 4014 LEGE
593 3961 761 4014 66611116
777 3959 982 4012 Phaeltltlis.

320 4057 333 4116 1
359 4059 504 4116 Uarianos
526 4061 593 4118 libro
611 4063 702 4132 primo
728 4059 883 4130 6666166666
924 4059 953 4114 Si
974 4059 1088 4114 liberum
1491 4067 1596 4126 666617,

228 4177 229 4180 Ν
282 4127 1087 4274 laurasamensispristinarum
1138 4167 1183 4216 s
1276 4231 1806 4284 mm
1902 4163 1946 4214 6.·

281 4261 402 4318 venditor
418 4279 523 4332 quoque
539 4265 572 4318 tit
587 4265 730 4330 obnoxius,
754 4279 777 4316 si
794 4263 880 4318 661666
897 4263 1010 4318 liberum
1028 4279 1087 4318 6666
1640 4327 1641 4330 ¹

283 4329 435 4386 vendiderit.
1175 4331 1188 4388 1
1207 4331 1383 4398 Macerones
1397 4331 1467 4386 libro
1478 4331 1614 4402 sicquiori
1628 4331 1785 4386 6616666166
1798 4331 1946 4386 consultum

317 4395 432 4454 2Inru
447 4399 515 4452 libro
529 4399 651 4452 aouode
664 4399 699 4468 os
713 4399 757 4454 'cio
773 4399 945 4468 proconsulis
981 4399 1086 4452 886166-
1139 4399 1337 4468 Turpillianum
1380 4401 1575 4454 Accusatorum
1598 4399 1733 4454 temeritas
1754 4399 1839 4454 tribus
1863 4399 1946 4454 modis

282 4465 349 4532 dum
369 4473 409 4522 est
431 4465 516 4534 legem
537 4465 649 4522 Fabiam
728 4481 774 4520 666
791 4483 846 4522 666
881 4465 1008 4530 ertinere,
1034 4467 1086 4534 qui,
1138 4465 1946 4536 161661666116116666661666116116666616616666·

283 4483 995 4600 666616666666666616166661,6666666111166661ε
1013 4535 1087 4588 abud
1137 4535 1302 4590 lumniantur
1325 4539 1373 4588 661
1394 4535 1614 4600 praevaricantur
1630 4537 1707 4588 66118
1730 4535 1945 4602 tergiversantur.

285 4605 295 4652 t
332 4607 375 4654 est
397 4601 592 4664 6616616666,
620 4601 694 4654 aliud
714 4601 743 4654 in
764 4601 828 4670 fuga
848 4615 912 4654 esse.
947 4601 1014 4654 Item
1031 4617 1086 4656 666
1140 4607 1151 4654 1
1189 4601 1350 4656 Calumniari
1369 4609 1409 4654 est
1426 4601 1497 4656 16166
1513 4603 1622 4656 crimina
1637 4601 1791 4668 intendere,
1814 4603 1947 4670 praevari-

281 4669 414 4738 pertiuere
437 4667 471 4722 ad
494 4683 567 4732 eum,
596 4669 642 4750 qui
663 4669 798 4722 mandavit
821 4683 926 4722 servum
948 4669 1087 4738 fugitivum
1139 4669 1194 4724 cari
1211 4683 1274 4724 vera
1292 4669 1403 4722 crimina
1420 4669 1594 4736 abscondere,
1613 4669 1781 4738 tergiversari
1797 4669 1825 4722 in
1843 4669 1946 4724 univer·

281 4735 493 4804 persequendum
521 4741 549 4790 et
578 4735 791 4792 drstrabendum:
823 4753 872 4790 nec
900 4735 971 4792 enim
996 4735 1087 4804 fugam
1139 4741 1153 4790 2
1187 4753 1247 4792 sum
1270 4737 1304 4790 ab
1328 4737 1501 4792 accusatione
1529 4737 1663 4792 desistere.
1704 4737 1946 4792 calumniatoribus

281 4809 297 4856 2
331 4805 455 4858 vendidit.
492 4803 628 4870 ”Amplius
641 4803 781 4858 dicendum
798 4809 840 4858 est
856 4807 883 4858 et
900 4803 923 4858 si
939 4803 1087 4872 1661611116
1138 4809 1153 4858 3
1188 4819 1275 4874 poena
1294 4807 1353 4872 lege
1375 4803 1497 4858 Remmia
1519 4805 1659 4874 irrogatur.
1700 4805 1754 4860 Sed
1775 4821 1830 4858 666
1858 4805 1947 4886 utique

280 4871 445 4926 mandaverit
466 4887 570 4926 6666661
593 4869 732 4938 fugitivum
758 4871 1022 4940 adprehendendum,
1047 4877 1086 4936 ut,
1138 4873 1183 4940 qui
1208 4889 1263 4926 non
1288 4873 1385 4940 probat
1409 4873 1482 4940 quod
1508 4873 1621 4926 intendit
1646 4873 1770 4942 protinus
1794 4873 1947 4928 calumniari

281 4939 304 4994 si
321 4939 552 5008 adprehendisset,
573 4953 634 4992 eum
651 4945 768 5008 emptum
786 4939 903 5004 haberet,
920 4955 1028 4994 6666666
1044 4955 1086 4994 se·
1138 4939 1254 4994 videtur:
1274 4955 1334 4992 nam
1352 4941 1410 4994 eius
1427 4939 1467 4992 rei
1483 4939 1617 5008 inquisitio
1635 4939 1746 4996 arbitrio
1765 4941 1947 5008 cognoscentis

272 5011 297 5058 ,3
331 5013 411 5062 66166
428 5005 586 5062 consultum.
624 5005 699 5060 8Η66
722 5013 810 5060 66166
831 5011 940 5062 6666166
965 5007 1087 5062 consulto
1139 5007 1323 5072 committitur,
1350 5007 1396 5076 qui
1412 5023 1460 5062 reo
1478 5009 1602 5062 absoluto
1621 5008 1655 5062 de
1672 5007 1838 5062 accusatoris
1855 5007 1947 5078 incipit

280 5071 381 5130 domini
411 5089 516 5142 quoque
545 5071 726 5140 eontinentur,
758 5075 804 5142 qui
832 5073 923 5140 fugam
950 5089 1088 5128 servorum
1139 5073 1250 5128 consilio
1265 5089 1400 5142 quaerere,
1418 5089 1472 5140 que
1485 5079 1574 5128 mente
1587 5075 1685 5128 ductus
1700 5075 1736 5128 ad
1750 5075 1947 5128 accusationem

280 5155 390 5196 suorum
406 5141 585 5196 vendiderunt
1138 5141 1282 5212 processit,
1306 5147 1334 5196 et
1355 5141 1379 5194 ri
1400 5141 1507 5210 quidem
1526 5143 1627 5196 iustum
1644 5143 1701 5196 eius
1718 5157 1836 5196 errorem
1853 5157 1945 5212 reppe-

315 5203 333 5266 3
351 5207 528 5262 Marcianus
548 5209 615 5262 libro
635 5209 724 5278 primo
741 5209 903 5262 iudiciorum
914 5209 1087 5290 publicorum
1138 5209 1212 5274 terit,
1229 5209 1343 5264 absolvit
1354 5223 1425 5274 eum,
1444 5209 1545 5262 sivero
1562 5209 1590 5262 in
1607 5209 1721 5264 evidenti
1739 5209 1872 5264 calumnis
1888 5225 1946 5264 eum

279 5275 360 5344 Legis
383 5275 485 5330 Fabiae
508 5275 616 5330 crimine
638 5275 774 5344 suppressi
797 5275 922 5346 mancipii
945 5275 1088 5330 bonafide
1138 5281 1155 5328 t
1189 5273 1401 5344 deprehenderit,
1418 5275 1561 5344 legitimam
1577 5291 1692 5346 poenam
1707 5275 1853 5344 eiirrogat.
1876 5275 1947 5344 Quo·

284 5391 1546 5402 uam—W
1748 5393 1942 5400 -.......-......-..-.,-..

278 5443 454 5512 (1)(1161666.
590 5449 624 5514 (1)
646 5445 715 5498 aedis
730 5463 813 5500 666666
836 5447 954 5500 similione
972 5449 1089 5512 deficiant
1137 5445 1204 5498 bona
1217 5445 1415 5512 fideposscsvore
1429 5449 1476 5500 del.
1559 5449 1603 5512 (12)
1622 5443 1736 5500 1161666.
1818 5449 1863 5512 (11)
1880 5449 1911 5498 61
1924 5449 1948 5498 ef

278 5513 448 5582 (3116666666.
1139 5515 1182 5578 qui
1194 5515 1290 5568 dederit
1300 5519 1326 5566 et
1336 5513 1382 5580 qui
1392 5515 1517 5580 6166666611
1532 5517 1576 5566 ins.
1655 5519 1698 5580 (11)
1717 5515 1947 5580 factiquaostioest

314 5585 345 5646 (t)
364 5585 661 5650 Ea-Bacoura—
674 5585 848 5650 01061141
900 5587 933 5648 (5)
951 5583 1038 5636 666666
1048 5583 1089 5634 F*
1138 5587 1170 5634 lt.
1180 5585 1321 5650 Stephanus
1390 5587 1435 5650 (15)
1453 5583 1620 5634 vinctumscr.
1691 5583 1863 5650 (11116661ΡΙ

314 5653 348 5716 (6)
367 5653 499 5714 Sat.1...a;
517 5653 566 5704 Ed.
576 5665 642 5710 aar
665 5653 726 5718 Pap.
737 5665 756 5704 r.
770 5681 803 5690 -
818 5653 1031 5716 11666616-
1047 5653 1087 5718 161
1149 5671 1150 5674 “
1172 5655 1215 5716 (tv)
1234 5653 1296 5718 Pop.
1313 5663 1378 5710 666
1400 5653 1461 5702 Sao.
1478 5661 1556 5708 aro:
1577 5651 1626 5702 mi.
1643 5665 1676 5704 m.
1691 5665 1776 5706 16·-
1793 5653 1857 5704 Bor.
1872 5653 1914 5716 61,
1928 5665 1947 5716 1,

281 5721 411 5788 06111111
471 5725 504 5786 (1)
523 5721 565 5772 661
575 5723 760 5772 Broucmauuus
817 5723 852 5784 (6)
871 5721 1089 5782 §obmutuerit
1138 5717 1316 5788 thalla-Cf
1329 5719 1458 5782 Oroete
1529 5721 1662 5786 (116611

278 5791 438 5858 66166611.
499 5787 702 5856 (6116616611ο
761 5791 936 5854 (6))66666161.
996 5791 1038 5854 (11)
1057 5787 1088 5838 de
