4366 6258
240 381 241 384 =
273 339 446 410 XXXVIII
468 345 518 408 15.
537 345 576 408 ts
1073 327 1137 408 585
1250 429 1251 432 Ἴ
1734 313 1968 424 'nnsmsnss

272 527 375 582 monem
401 523 547 594 acceperis,
574 523 734 596 quandoque
751 523 861 580 coheres
876 529 954 596 'xmus
981 523 1083 580 consti-
1133 523 1197 580 vivit
1214 523 1326 592 nepotes
1341 537 1398 578 non
1413 521 1570 578 succedunt.
1604 523 1718 594 proinde·
1736 525 1788 580 etsi
1803 523 1883 580 fuerit
1896 543 1946 594 sp.

272 595 356 648 ¹tnorit
372 593 552 672 nollepetere
568 591 698 656 bonorum
714 593 922 664 possessionem,
945 591 996 648 tibi
1019 591 1084 648 data
1135 589 1272 660 demptus,
1289 591 1408 646 nondum
1425 589 1591 646 succedunt⁶
1607 597 1671 646 ante
1687 591 1836 646 luidonem:
1857 595 1946 666 sedat

274 667 333 718 tota
348 661 522 728 intellegitur,
545 659 654 718 coheres
675 667 739 718 tuus
755 659 870 730 amplius
907 659 1019 716 stendee
1033 659 1083 714 bo·
1134 659 1246 714 interim
1264 659 1421 726 decesserit,
1444 675 1506 714 cum
1526 661 1634 728 placeat
1657 675 1718 712 eum
1741 663 1815 712 smtu
1836 673 1946 732 recepq

278 735 288 782 l
325 745 421 784 uorum
432 727 609 798 possessionis
618 727 774 784 facultatem
785 743 841 784 non
851 677 970 784 habebit.
998 727 1084 784 Filius
1137 731 1151 780 5
1187 726 1344 794 decessisse,
1367 727 1510 796 nepotibus
1533 727 1659 786 obstabit.
1696 725 1749 782 Sed
1769 727 1793 780 si
1814 727 1873 796 quis
1887 735 1967 796 nort?

276 813 330 852 non
347 797 434 852 solum
449 795 474 850 si
490 803 626 864 tamquam
640 795 722 862 filius,
739 795 788 852 sed
803 801 832 852 et
848 795 872 852 si
887 801 1024 868 tamquam
1037 797 1085 850 ad·
1136 795 1214 850 desiit
1230 811 1289 850 esse
1305 793 1335 848 in
1349 801 1490 864 potestate,
1508 795 1557 850 sed
1567 811 1711 866 numquam
1725 795 1821 862 coepit,
1838 799 1947 864 utpuqs
1966 823 1967 848 ;

275 871 373 934 gnatus
392 865 436 920 vel
455 869 592 934 nmquam
614 871 743 934 cognatus
768 865 804 918 ad
825 865 1085 944 bonorumposses·
1137 865 1160 918 si
1176 865 1247 918 dhus
1264 879 1338 918 meus
1355 865 1414 918 vivo
1451 869 1509 918 atre
1525 879 1584 920 meo
1601 865 1635 918 ab
1653 863 1777 918 hostibus
1790 871 1930 940 captuserq

277 933 377 988 sionem
392 937 513 998 uocatur,
531 947 648 988 annuum
662 931 778 1002 spatium
791 933 885 988 habet:
904 933 983 988 sicut1
999 937 1085 1002 pater,
1137 949 1200 986 mox
1215 931 1255 986 ibi
1271 947 1314 986 me
1331 937 1407 1000 patre
1433 931 1539 988 amilius
1560 931 1633 986 facto
1655 931 1813 996 decesserit,
1836 935 1947 1000 nepotis?
1966 987 1967 1002 2

277 1001 339 1070 qui¹
368 999 452 1054 fibum
479 999 689 1064 manumisisset,
716 999 837 1068 quamvis
859 1007 889 1054 ut
909 1001 1087 1056 manumissor
1139 999 1218 1066 tin
1234 999 1292 1054 eius
1308 999 1398 1054 locum
1415 999 1566 1054 succedent.
1593 999 1655 1054 Non
1672 997 1759 1054 minus
1777 1003 1865 1052 autem
1880 1007 1968 1072 nepa),

276 1069 409 1122 bonorum
426 1067 620 1136 possessionem
637 1067 760 1138 accipiat,
785 1073 875 1122 temen
898 1069 932 1122 ad
955 1069 1087 1124 bonorum
1137 1073 1178 1122 tes
1208 1083 1287 1136 quam
1314 1071 1425 1134 nepotes
1455 1069 1599 1122 succedent
1624 1069 1653 1120 in
1677 1067 1766 1122 locum
1789 1067 1931 1134 parentium,

278 1135 474 1206 possessionem
490 1135 674 1206 accipiendam
690 1151 809 1190 annuum
829 1137 944 1204 spatium
962 1135 1052 1192 habet.
1139 1141 1152 1188 i
1188 1135 1327 1190 Interdum
1346 1135 1410 1190 licet
1433 1151 1530 1204 parens
1554 1135 1667 1190 alicuius
1689 1135 1718 1188 in
1760 1139 1872 1188 otestate
1888 1151 1932 1196 csse
1965 1195 1966 1198 Ἴ

312 1201 534 1258 aminonens
554 1205 622 1258 libro
644 1219 717 1256 nono
739 1203 903 1272 clipeatorum
942 1201 1010 1256 Gum
1031 1201 1086 1258 filio
1139 1219 1193 1258 non
1211 1203 1326 1266 desierit,
1344 1203 1392 1270 sed
1409 1219 1458 1256 nec
1476 1203 1601 1272 coeperit,
1622 1209 1713 1258 tamen
1750 1201 1841 1256 ‘cimus
1859 1217 1932 1258 sucos

278 1269 393 1324 familias
410 1269 542 1324 bouorum
558 1269 692 1342 possessio
714 1267 809 1324 delata
820 1277 875 1336 est,
899 1269 969 1336 dies,
991 1271 1088 1340 quibus
1140 1271 1232 1324 dentes
1245 1271 1270 1324 ei
1280 1271 1379 1324 liberos
1392 1285 1456 1324 suos
1472 1271 1597 1324 existere:
1616 1277 1647 1324 ut
1661 1275 1727 1338 puta
1742 1267 1866 1336 adrogavi
1879 1285 1932 1340 eun,

280 1339 423 1394 certiorare
440 1343 544 1408 patrem
561 1355 616 1394 uon
632 1341 729 1406 potest,
747 1345 779 1390 ut
794 1339 836 1392 vel
853 1339 944 1392 iubeat
961 1339 1089 1406 adgnosci
1142 1339 1218 1392 ouius
1235 1339 1307 1392 filius
1325 1337 1359 1390 ab
1378 1339 1500 1392 hostibus
1518 1345 1575 1392 erat
1592 1345 1695 1408 captus,
1716 1353 1800 1406 nepos
1817 1343 1902 1390 autem
1914 1339 1932 1396 ir

278 1409 411 1464 bonorum
428 1407 622 1474 possessionem
638 1405 680 1460 vel
699 1411 787 1460 ratam
807 1405 907 1460 habeat
928 1405 1089 1474 agnitionem
1141 1407 1260 1462 civitate:
1289 1411 1394 1460 mortuo
1419 1405 1473 1460 filio
1497 1405 1638 1474 adrogato,
1667 1411 1772 1460 mortuo
1798 1411 1824 1460 et
1847 1405 1966 1474 captia.

279 1477 410 1530 bonorum
427 1473 618 1544 possessionis,
635 1489 691 1528 non
708 1473 814 1528 cedunt.
849 1473 981 1542 fingamus
998 1475 1090 1530 statim
1142 1475 1214 1544 apud
1239 1475 1331 1528 hostes
1361 1485 1497 1542 pronepos
1523 1475 1574 1530 iste
1603 1491 1667 1528 suus
1696 1475 1773 1528 heres
1802 1471 1866 1528 mihi
1889 1475 1933 1534 uit.
1964 1475 1968 1536 ss

228 1579 229 1582 =
280 1543 365 1614 primo
383 1541 440 1610 die,
463 1559 517 1612 quo
533 1543 615 1598 fuerit
633 1541 735 1606 delma,
752 1543 909 1612 adgnouisse
926 1557 987 1596 eum
1004 1543 1089 1596 bonu·
1142 1547 1156 1594 8
1192 1541 1335 1596 Sciendum
1358 1549 1400 1596 est
1421 1549 1510 1596 autem
1535 1549 1645 1612 nepotes
1674 1549 1701 1596 et
1719 1541 1847 1612 'deinceps
1868 1539 1933 1596 inter·

279 1627 340 1666 rum
356 1611 561 1682 possessionem,
579 1609 725 1666 certiorare
741 1617 854 1680 patrem,
877 1617 909 1666 ut
926 1611 1089 1678 comprobet,
1143 1609 1215 1676 dum,
1232 1609 1338 1666 etamsi
1352 1615 1479 1678 parentes
1503 1627 1549 1666 eos
1572 1611 1665 1666 mortis
1686 1617 1807 1680 tempore
1828 1621 1933 1678 praeces
1967 1641 1968 1644 =

280 1697 336 1736 non
351 1695 441 1750 posse,
458 1695 513 1734 non
531 1679 627 1732 cedent
643 1677 700 1732 dies
718 1683 837 1734 eentum:
856 1679 984 1748 incipient
1001 1685 1091 1734 autem
1143 1685 1248 1744 serunt,
1271 1685 1361 1732 tamen
1378 1693 1459 1748 posse
1475 1693 1538 1732 suos
1555 1679 1666 1734 heredes
1685 1679 1812 1742 existere,
1835 1679 1934 1746 quamvis
1966 1701 1967 1704 ¹

281 1747 383 1816 cedere,
397 1763 458 1802 cum
467 1747 567 1802 certior
576 1745 635 1800 fieri
644 1747 742 1816 potuit.
767 1747 917 1816 praeteritis
927 1753 1018 1802 autem
1029 1763 1091 1802 ceu·
1144 1747 1278 1802 successio
1302 1747 1330 1800 in
1353 1747 1409 1800 suis
1432 1747 1574 1802 heredibus
1596 1765 1651 1800 uon
1668 1747 1711 1802 sit.
1748 1745 1820 1816 quod
1835 1747 1873 1798 ita
1888 1763 1935 1816 pro·
1967 1793 1968 1796 ,

283 1821 296 1870 1
331 1821 390 1870 tum
406 1813 499 1870 diebus
515 1813 619 1870 frustra
635 1819 723 1870 ratum
738 1815 857 1870 habebit.
884 1813 983 1882 Quaeri
993 1821 1092 1882 potest,
1145 1815 1224 1870 cedit.
1261 1815 1284 1870 si
1306 1817 1385 1882 pater
1405 1815 1519 1870 familias
1541 1821 1700 1870 testamento
1721 1815 1794 1870 facto
1813 1813 1936 1874 decesserit

281 1883 319 1948 si,
342 1897 404 1938 eum
426 1887 519 1954 posset
539 1883 609 1938 filius
630 1889 721 1952 petere
739 1885 870 1938 bonorum
887 1883 1092 1952 possessionem,
1145 1883 1305 1936 exheredato
1328 1881 1397 1948 filio,
1427 1899 1488 1936 mox
1517 1883 1680 1936 deliberante
1709 1883 1806 1938 herede
1832 1883 1935 1940 instituta

281 1957 358 2020 patre
375 1951 414 2006 ita
430 1951 552 2018 absente,
575 1957 607 2006 ut
625 1951 767 2006 certiorare
785 1967 846 2006 eum
863 1969 917 2006 uon
933 1951 1033 2020 possit,
1050 1951 1094 2004 vel
1145 1951 1215 2006 filius
1233 1951 1362 2016 decessit,
1386 1957 1481 2020 postea
1505 1951 1599 2006 deinde
1619 1951 1770 2020 repudiavit
1786 1951 1862 2006 heres
1877 1951 1935 2008 iusti-

283 2019 361 2072 etiam
378 2017 493 2082 furente,
511 2025 603 2086 petere
620 2019 771 2088 neglexerit,
790 2035 825 2074 au
842 2019 897 2090 peti
912 2019 1026 2090 amplius
1039 2035 1094 2074 uon
1145 2025 1240 2074 tutus:
1253 2033 1336 2086 nepos
1353 2019 1453 2086 poterit
1469 2035 1533 2074 sous
1551 2019 1628 2074 heres
1646 2035 1713 2084 esse,
1731 2027 1762 2072 ut
1774 2027 1800 2074 et
1811 2019 1936 2078 Marcellus

281 2087 375 2154 possit.
410 2085 459 2140 sed
481 2085 546 2154 quid
566 2091 663 2142 noceat
683 2099 738 2142 'non
754 2089 865 2158 petitam
881 2089 1014 2142 bonorum
1029 2103 1094 2158 pos·
1145 2085 1214 2140 libro
1236 2085 1337 2140 decimo
1361 2087 1479 2154 scripsit,
1504 2087 1629 2154 quoniam
1652 2101 1701 2140 nec
1727 2087 1816 2140 delata
1839 2091 1878 2140 est
1896 2085 1936 2144 tto

282 2155 435 2222 sessionem,
454 2169 529 2222 quae,
549 2155 674 2224 sipetita
690 2161 769 2222 esset,
787 2161 877 2212 mmen
893 2161 1029 2212 conante
1046 2155 1093 2208 ad·
1145 2153 1287 2208 hereditas.
1323 2153 1393 2206 idem
1417 2155 1467 2206 erit
1490 2153 1631 2208 dicendum
1655 2161 1681 2210 et
1704 2155 1728 2210 si
1748 2153 1819 2210 filius
1842 2171 1874 2210 ex
1894 2169 1938 2212 esse

284 2227 300 2276 2
335 2221 492 2290 quinaretur,
512 2225 591 2292 quain
607 2231 684 2294 pater
702 2225 921 2294 comprobasset?
956 2223 985 2278 Si
1001 2239 1094 2278 servus
1144 2223 1197 2278 sub
1215 2221 1386 2288 condicione,
1410 2239 1479 2290 quae
1496 2221 1548 2276 fuit
1563 2221 1591 2276 in
1610 2221 1719 2278 arbitrio
1737 2221 1835 2290 ipsius,
1853 2221 1937 2278 velus

282 2291 479 2346 alienus‘heres
496 2291 634 2348 institutus
650 2293 773 2360 venisset,
792 2293 938 2362 quaeritur,
956 2299 1094 2362 anposte-
1145 2307 1195 2360 pos
1214 2291 1263 2344 sub
1283 2289 1353 2344 omni
1370 2291 1510 2344 institutus
1527 2307 1582 2344 nou
1601 2291 1710 2358 impleta
1735 2291 1938 2346 condicionale-

282 2359 348 2414 riori
366 2359 470 2414 domino
490 2359 545 2416 dies
563 2359 694 2416 bonorum
710 2359 886 2430 possessionis
900 2360 1032 2428 petendae
1046 2361 1095 2414 im-
1148 2359 1290 2414 cesserint:
1315 2375 1378 2414 nam
1402 2359 1542 2432 dicendum
1562 2357 1613 2412 erit
1630 2375 1692 2412 suos
1709 2375 1790 2428 posse
1808 2359 1938 2430 succedere,

284 2425 375 2496 putari
391 2433 535 2496 oporteret.
570 2435 598 2482 et
614 2429 717 2498 placet,
743 2435 871 2498 quantum
887 2429 971 2498 priori
989 2427 1095 2484 domiuo
1116 2457 1117 2460 π
1148 2427 1170 2482 si
1187 2427 1266 2482 modo
1283 2427 1378 2482 mortis
1395 2427 1533 2482 testatoris
1550 2433 1671 2494 tempore
1692 2427 1735 2482 vel
1756 2427 1785 2480 in
1807 2429 1886 2490 rebus
1904 2427 1938 2488 hn-

284 2493 456 2566 superfuerit,
473 2495 499 2548 ei
514 2497 648 2566 imputari.
1148 2495 1233 2550 manis
1256 2495 1298 2548 vel
1321 2495 1416 2550 saltem
1439 2495 1561 2562 concepti
1577 2495 1691 2548 fuerint:
1714 2495 1795 2564 idque
1812 2501 1839 2548 et
1855 2495 1938 2554 Iuliana

1149 2567 1164 2614 9
1200 2567 1227 2616 et
1238 2562 1367 2618 Marcello
1379 2563 1476 2632 placet.
1504 2563 1571 2616 Post
1587 2579 1651 2618 suos
1670 2563 1760 2618 statim
1772 2579 1872 2618 consen
1905 2563 1940 2620 'ei

1153 2635 1181 2686 lb
1216 2635 1354 2686 vocantur.
1392 2631 1608 2698 consanguineos
1632 2637 1721 2684 autem
1739 2631 1847 2686 Cassius
1886 2631 1941 2686 eicit

644 2705 743 2766 XVP,
1149 2713 1209 2764 eos,
1235 2699 1297 2766 qui⁷
1316 2701 1444 2766 sanguine
1460 2699 1529 2752 inter
1546 2713 1575 2754 se
1595 2699 1690 2752 conexi
1708 2707 1779 2754 sunt.
1814 2705 1841 2752 et
1860 2707 1898 2754 est
1911 2715 1947 2754 vs¹

382 2797 430 2858 π
447 2803 519 2858 ω
536 2803 581 2854 π
598 2803 1000 2888 πωπω
1149 2767 1941 2904 instauratumtatutatur:

289 2917 290 2920 ’
325 2903 360 2962 1³
387 2903 531 2960 Uarianos
553 2901 621 2960 libro
643 2903 801 2958 duodecimo
824 2903 862 2956 od
884 2901 1014 2958 Sabinum
1053 2903 1098 2956 In·
1151 2919 1242 2956 eorum
1261 2903 1416 2970 deportatus
1433 2903 1527 2968 fucrit,
1551 2903 1633 2956 nihilo
1656 2905 1744 2958 minus
1766 2905 1830 2958 eos⁸
1847 2903 1941 2958 intense

288 2971 380 3028 testati
395 2987 445 3040 pro
465 2973 505 3028 rie
521 2971 703 3040 appellantur,
728 2971 786 3040 qni,
810 2987 871 3026 cum
888 2977 999 3040 possent
1016 2977 1100 3026 testa-
1152 2987 1210 3026 esse
1228 2971 1453 3040 consanguineos,
1475 2971 1539 3026 licet
1560 2971 1631 3040 patri
1652 2971 1695 3026 sui
1715 2971 1828 3026 heredes
1845 2987 1898 3026 uon
1912 2987 1942 3028 ev·

289 3047 407 3094 mentum
464 3055 539 3106 cere,
566 3041 657 3094 testati
680 3055 735 3094 non
756 3047 828 3094 sunt.
869 3039 1025 3106 sedetis,
1055 3041 1101 3110 qui
1151 3039 1283 3094 titissent:
1302 3039 1392 3108 etqui
1409 3041 1593 3108 numquamiu
1606 3045 1740 3108 potestate
1751 3039 1867 3106 fuerunt,
1885 3049 1942 3094 cnm

288 3115 476 3166 testamentum
499 3107 576 3172 feeit,
603 3109 627 3164 si
649 3109 705 3164 eius
729 3109 863 3164 hereditas
885 3107 960 3162 adita
976 3123 1037 3164 ‘uon
1059 3115 1101 3164 est
1153 3107 1204 3162 sibi
1217 3107 1416 3176 consanguinei,
1434 3113 1542 3178 utputa
1555 3107 1600 3176 qui
1612 3113 1674 3178 post
1685 3123 1717 3162 ca
1737 3109 1866 3162 tivitatem
1877 3107 1942 3178 patri

289 3177 331 3232 vel
351 3183 460 3246 ruptum
482 3179 522 3232 vel
545 3177 651 3232 irritum
673 3181 714 3232 est
734 3181 936 3244 testamentum,
956 3177 1101 3232 intestatus
1155 3181 1183 3230 11
1220 3183 1371 3246 nascuntur
1382 3177 1423 3232 vel
1434 3177 1479 3246 qui
1488 3181 1551 3244 post
1560 3183 1681 3232 mortem.
1732 3177 1942 3232 onsolumauten

290 3261 345 3302 non
360 3247 504 3316 improprie
521 3247 625 3300 dicetur
646 3245 801 3300 decessisse.
835 3246 916 3316 plane
939 3247 985 3316 qui
1007 3245 1102 3306 testari
1153 3247 1303 3310 naturales,
1332 3259 1424 3298 verum
1451 3245 1530 3300 ctiam
1553 3245 1671 3314 adoptivi
1692 3259 1798 3314 quoque
1819 3245 1877 3298 iura
1898 3259 1942 3300 eon·

292 3331 348 3370 non
363 3315 452 3382 potuit
467 3313 576 3384 proprie
593 3321 648 3370 non
665 3319 705 3368 est
721 3313 878 3378 intestatus,
895 3319 963 3382 puta
980 3313 1101 3382 impubes
1154 3313 1340 3382 sanguinitatis
1361 3313 1500 3368 habebunt
1522 3329 1584 3368 cum
1604 3313 1646 3366 his
1668 3313 1714 3382 qui
1737 3321 1800 3366 sunt
1820 3313 1847 3366 in
1864 3313 1943 3368 fanih

283 3383 408 3438 ,furiosus
426 3383 467 3438 vel
485 3383 529 3436 cui
545 3383 623 3438 bonis
639 3381 810 3436 interdictum
827 3387 882 3436 est:
903 3381 951 3436 sed
968 3383 1017 3436 hos
1035 3397 1102 3452 quo·
1154 3381 1195 3436 vel
1211 3381 1239 3436 in
1256 3387 1333 3436 utero
1350 3383 1392 3436 vol
1409 3387 1601 3450 postmortem
1618 3383 1702 3452 patris
1719 3381 1785 3436 nati.
1937 3391 1940 3448 ἦ

292 3467 343 3520 que
383 3465 414 3504 ro
437 3451 570 3506 intestatis
593 3449 716 3520 accipere
740 3451 880 3504 debemus:
905 3465 966 3504 eum
989 3465 1041 3520 quo
1060 3465 1103 3516 ue,
1188 3445 1308 3506 Moror
1321 3451 1389 3504 libro
1408 3451 1485 3504 tertio
1504 3449 1605 3520 decimo
1622 3447 1797 3504 udSobt'aum
1824 3449 1944 3524 Postoon

293 3517 373 3586 quia
407 3517 529 3572 hostibus
548 3523 649 3598 captus
662 3523 709 3582 est,
731 3517 855 3586 quoniam
871 3535 921 3586 per
937 3517 1022 3586 legem
1037 3467 1102 3572 Hor·
1157 3517 1317 3586 sanguineos
1334 3517 1512 3572 admittuntur
1529 3517 1647 3586 adgnati,
1665 3517 1689 3572 si
1706 3517 1894 3586 consanguinei
1907 3527 1944 3590 noi

293 3585 390 3642 uellam
407 3585 542 3640 successIo
560 3587 601 3640 lus
620 3583 751 3650 defertur,
776 3585 872 3654 quibus
894 3583 1057 3650 deferretur,
1081 3585 1105 3640 si
1155 3593 1230 3650 sunt,
1253 3587 1356 3640 merito.
1391 3601 1455 3640 nam
1478 3585 1501 3640 si
1522 3591 1585 3640 sunt
1607 3585 1810 3652 consanguinei,
1833 3585 1895 3640 licet
1909 3591 1954 3652 nol¹

292 3655 321 3708 in
338 3655 446 3708 civitate
463 3653 633 3708 decessisset:
656 3667 720 3706 narn
746 3657 772 3708 et
794 3653 851 3708 eius
869 3653 1003 3708 hereditas
1022 3653 1104 3708 fulsse
1156 3655 1269 3708 adierint
1285 3653 1469 3718 hereditatem,
1487 3655 1608 3722 legitimis
1625 3669 1681 3708 non
1697 3653 1825 3708 defertur.
1853 3653 1899 3708 sed
1911 3655 1950 3708 bot

296 3727 314 3788 l
344 3721 469 3778 ereffitur.
506 3721 603 3790 Quaeri
620 3721 728 3790 poterit,
749 3721 773 3778 si
791 3737 823 3776 en
840 3739 881 3786 ea,
899 3737 968 3790 quae
984 3721 1012 3776 in
1029 3721 1104 3778 fidei·
1156 3721 1194 3776 sic
1212 3723 1263 3778 erit
1280 3721 1472 3792 accipiendum,
1491 3723 1514 3778 si
1531 3739 1581 3776 uec
1598 3727 1742 3790 sperantur
1758 3737 1830 3776 esse:
1850 3727 1946 3776 oeterun

295 3791 436 3846 commissa
458 3791 582 3846 libertate
604 3805 707 3844 moram
729 3805 810 3860 passa
833 3797 887 3856 est,
914 3797 1059 3858 conceptus
1079 3797 1105 3844 et
1157 3791 1179 3844 si
1196 3791 1238 3844 vel
1255 3791 1331 3844 nasci
1349 3793 1562 3858 consanguineus
1586 3793 1627 3844 vel
1651 3791 1683 3844 de
1701 3789 1947 3860 captivitate-reverti

294 3865 375 3914 uatus
392 3859 435 3926 sit,
453 3875 489 3914 an
506 3875 571 3916 suus
587 3859 660 3928 patri
677 3859 782 3912 existat.
810 3863 837 3910 et
855 3875 915 3912 cum
926 3859 1034 3928 placeat
1045 3873 1105 3912 eum
1161 3865 1170 3910 1
1207 3865 1305 3928 potest,
1323 3859 1432 3928 adgnati
1448 3859 1636 3928 impediuntur.
1664 3859 1781 3928 Adgnati
1798 3865 1886 3914 autem
1903 3861 1947 3914 sunl

295 3927 438 3994 ingenuum
460 3927 549 3992 nasci,
572 3933 603 3982 ut
626 3933 667 3982 est
689 3941 705 3980 a
728 3925 793 3982 divis
815 3927 911 3982 Marco
934 3933 962 3982 et
983 3925 1054 3982 Vero
1079 3931 1106 3982 et
1158 3927 1264 3994 cognati
1280 3925 1362 3982 virilis
1381 3941 1461 3982 sexus
1478 3927 1513 3980 ab
1532 3927 1624 3998 eodem
1641 3927 1701 3982 orti.
1737 3943 1799 3992 nam
1820 3933 1881 3996 post
1902 3939 1950 3982 suot

296 3997 455 4064 imperatore
471 4001 566 4052 nostro
583 3995 720 4050 Antonino
731 3997 853 4064 Augusto
870 3993 1038 4062 rescriptum,
1057 4011 1106 4048 cur
1158 4001 1184 4048 et
1208 3995 1419 4064 consanguineos
1444 3995 1534 4048 statim
1555 3995 1620 4048 mihi
1640 3995 1776 4064 proximus
1795 4003 1836 4048 est
1855 4009 1947 4050 consm-

296 4079 351 4118 non
366 4063 497 4118 intutum
513 4081 563 4134 pro
578 4063 743 4118 manumissa
755 4063 823 4118 haec
835 4063 976 4126 habeatur,
993 4069 1026 4116 ut
1038 4079 1107 4118 uxor
1157 4063 1247 4132 guinei
1263 4063 1315 4118 mei
1331 4063 1401 4116 filius
1420 4067 1447 4116 et
1463 4079 1512 4184 θὲο
1530 4063 1568 4118 ei:
1586 4063 1672 4132 patris
1691 4079 1796 4144 quoque
1813 4063 1904 4130 frater,
1918 4059 1957 4134 qvi

296 4131 377 4186 ducta
395 4147 472 4186 suum
489 4133 596 4200 pariat?
630 4147 680 4186 nee
701 4133 798 4186 mirum
821 4131 867 4198 sit,
890 4147 1017 4204 exserva
1034 4131 1106 4198 inge·
1157 4137 1270 4198 patruus
1288 4131 1453 4200 appellatur:
1497 4131 1657 4200 eincepsque
1681 4137 1773 4196 oeten,
1799 4131 1821 4186 si
1844 4131 1888 4200 qui
1904 4135 1948 4186 sunt

297 4217 380 4254 nuum
399 4199 487 4266 nasci,
510 4215 572 4254 cum
589 4205 616 4256 et
632 4215 666 4254 ex
683 4201 789 4270 captiva
805 4199 965 4268 rescriptum
982 4201 1017 4252 sit
1034 4201 1107 4268 inge·
1159 4205 1173 4252 2
1208 4199 1271 4254 hine
1288 4201 1354 4264 orti,
1377 4201 1413 4252 in·
1426 4199 1567 4254 infinitum.
1601 4201 1677 4262 Haec
1697 4199 1831 4254 hereditas
1867 4201 1947 4268 roxino

297 4285 381 4322 nuum
396 4267 480 4322 nasci.
517 4283 600 4336 quare
621 4267 707 4322 ausim
731 4267 828 4334 meere,
854 4269 903 4324 etsi
926 4273 1004 4336 pater
1027 4269 1107 4322 huius
1159 4267 1287 4336 adgnato,
1310 4267 1338 4320 id
1355 4273 1397 4322 est
1415 4267 1453 4334 ei,
1476 4283 1554 4336 quem
1577 4283 1654 4322 nemo
1673 4267 1818 4334 antecedit,
1843 4219 1944 4324 selenc

297 4337 374 4418 pueri
392 4334 507 4390 eiusdem
522 4337 601 4390 sortis
614 4335 702 4402 fuerit,
723 4335 798 4390 cuins
812 4341 899 4390 mater
912 4351 1015 4390 moram
1026 4351 1108 4404 passa
1160 4341 1193 4400 et,
1212 4337 1236 4390 si
1250 4337 1341 4404 plures
1356 4337 1410 4390 sint
1421 4337 1539 4390 eiusdem
1550 4335 1656 4404 modus,
1676 4337 1805 4406 omnibus,
1822 4333 1949 4406 incapite*

297 4423 326 4460 m
342 4403 465 4460 libertate
482 4403 693 4468 fideicommissa,
711 4405 821 4475 ipseque
831 4419 934 4458 moram
944 4419 1042 4474 passus
1057 4411 1107 4470 est,
1160 4403 1269 4458 sufficet.
1296 4407 1327 4458 ut
1343 4409 1410 4474 puta
1428 4405 1495 4458 duos
1511 4403 1611 4460 fratres
1625 4405 1706 4464 habui
1718 4405 1760 4460 vel
1770 4403 1948 4474 duospatmu

298 4489 378 4528 suum
399 4487 460 4528 eum
484 4471 556 4540 patri
576 4473 653 4528 nasci
675 4473 795 4542 exemplo
818 4473 984 4542 captivorum
1009 4489 1107 4542 paren-
1160 4489 1230 4528 unus
1247 4489 1280 4528 ex
1296 4473 1339 4528 his
1357 4489 1441 4528 unum
1457 4471 1556 4538 filium,
1580 4473 1647 4528 alius
1666 4473 1733 4528 duos
1750 4473 1869 4544 reliquit:
1892 4475 1948 4546 heta

299 4541 380 4608 dum,
408 4557 469 4596 cum
494 4541 589 4610 quibus
611 4541 714 4596 redint
753 4557 816 4610 ergo
839 4543 894 4596 sive
916 4547 1011 4610 postea
1031 4549 1109 4612 pater
1160 4547 1175 4594 3
1211 4541 1280 4596 ditas
1297 4555 1357 4596 mea
1373 4543 1401 4594 in
1419 4549 1473 4596 tres
1491 4549 1581 4610 partes
1606 4541 1744 4596 dividetur.
1778 4543 1859 4598 Parvi
1880 4545 1959 4608 autes¹

301 4609 357 4664 eius
375 4615 438 4678 post
453 4625 555 4664 moram
571 4609 786 4674 manumittatur,
809 4609 921 4678 recipiet
937 4625 997 4664 eum
1014 4609 1042 4662 in
1058 4627 1108 4678 po·
1160 4609 1250 4676 refert,
1268 4609 1398 4678 adgnatos
1416 4609 1461 4664 hic
1478 4609 1617 4664 nativitate
1634 4625 1668 4662 an
1686 4609 1829 4678 adoptione
1843 4611 1877 4666 sit
1888 4623 1962 4682 quat,

302 4683 411 4744 testate,
437 4677 492 4732 sive
508 4683 571 4732 ante
587 4677 745 4744 decesserit,
768 4675 947 4732 definiendum
964 4677 1014 4732 erit
1031 4693 1110 4732 suum
1160 4679 1241 4732 situs:
1259 4693 1322 4732 nam
1340 4679 1386 4746 qui
1403 4677 1548 4746 adoptatur
1564 4679 1648 4732 isdem
1664 4677 1695 4732 fit
1712 4679 1855 4748 adgnatos,
1873 4679 1950 4748 qmtu

301 4749 316 4800 2
351 4747 472 4800 exlatere.
513 4745 581 4800 Suos
606 4745 717 4800 heredes
743 4747 865 4814 accipere
887 4745 1014 4800 debemus
1040 4745 1110 4802 filios
1160 4751 1237 4816 pater
1264 4747 1348 4816 ipsius
1377 4747 1440 4814 fuit,
1468 4751 1496 4802 et
1519 4747 1662 4816 legitimam
1686 4761 1776 4800 eornm
1798 4747 1951 4802 hereditates

302 4819 316 4868 3
350 4813 420 4870 filius
432 4813 487 4870 sive
498 4815 634 4870 naturales
645 4813 699 4868 sive
711 4813 762 4868 ado
782 4815 859 4870 tivos.
881 4813 1019 4868 Interdum
1029 4813 1110 4870 eham
1161 4819 1177 4868 4
1211 4815 1321 4868 habebit
1337 4815 1380 4870 vel
1395 4813 1449 4882 ipsi
1465 4815 1532 4870 eius.
1567 4813 1697 4882 Legitima
1719 4813 1853 4870 hereditas
1871 4819 1961 4870 tantm,

301 4879 372 4936 filius
393 4897 458 4936 suus
480 4883 558 4936 heres
581 4881 732 4936 excluditur
786 4899 816 4936 co
835 4883 969 4950 praelato,
991 4887 1023 4936 ut
1044 4887 1111 4952 pute
1160 4883 1282 5004 proximo
1301 4880 1426 4937 defertur.
1453 4895 1503 4938 nee
1520 4883 1638 4948 interest,
1657 4897 1728 4936 unus
1745 4883 1817 4938 solus
1835 4885 1870 4938 sit
1886 4885 1964 4954 anet*

302 4949 325 5004 si
347 4951 536 5020 perduellionis
557 4951 638 5004 fuerit
661 4951 802 5004 damnatus
845 4957 903 5004 ater
919 4955 982 5020 post
998 4957 1110 5004 mortem
1180 4951 1268 5006 uobus
1290 4951 1365 5020 prior
1388 4951 1541 5020 pluribusve
1564 4965 1599 5004 an
1616 4951 1669 5006 duo
1687 4951 1809 5020 pluresve
1826 4951 1861 5006 ab
1880 4951 1936 5006 code

302 5035 386 5084 suam,
404 5019 456 5074 hoc
473 5021 553 5088 quel,
570 5023 602 5072 ut
618 5035 667 5074 uec
682 5017 744 5074 iura
760 5035 808 5088 sep
838 5019 963 5074 ebrorum
980 5017 1025 5074 hic
1040 5017 1110 5074 filius
1161 5017 1246 5086 gradu
1263 5019 1411 5086 venientes,
1436 5019 1482 5088 qui
1503 5019 1546 5074 vel
1559 5023 1670 5090 ¹ceteros
1688 5019 1848 5074 antecedant
1865 5021 1905 5074 vel
1919 5017 1966 5080 soi

302 5091 319 5140 4
351 5087 459 5142 habeat.
495 5087 523 5142 Si
539 5085 611 5142 filius
628 5101 692 5140 suus
709 5089 786 5142 heres
804 5101 863 5140 csse
880 5085 972 5152 desiit,
994 5085 1023 5140 in
1040 5087 1110 5142 eius·
1162 5087 1227 5142 sint:
1250 5089 1315 5158 quia
1332 5089 1356 5142 is
1375 5093 1416 5142 est
1433 5087 1569 5158 proximus
1587 5103 1666 5156 quem
1683 5101 1760 5142 nemo
1778 5089 1953 5156 anteceditt

303 5155 363 5210 dem
380 5161 483 5224 partem
501 5155 648 5212 succedunt
664 5157 886 5224 omnesnepotes
909 5159 1055 5226 neptesque
1079 5171 1111 5210 ex
1161 5155 1184 5212 is
1206 5155 1324 5210 ultimus
1339 5157 1422 5226 quem
1439 5171 1517 5212 nemo
1539 5155 1672 5224 sequitur,
1700 5161 1728 5210 et
1749 5155 1881 5210 interdum
1901 5155 1968 5214 itm

304 5239 335 5280 eo
353 5223 410 5278 nati
428 5223 472 5294 qui
488 5223 517 5278 in
534 5229 668 5294 potestate
684 5229 760 5278 sunt:
785 5223 858 5292 quod
880 5225 996 5278 naturali
1020 5225 1110 5292 aequi-
1163 5231 1177 5278 5
1212 5227 1315 5294 primus
1333 5231 1548 5294 postremusque,
1574 5225 1619 5292 qui
1635 5225 1709 5278 solus
1727 5225 1852 5280 occurrit.
1886 5225 1968 5296 Inter}

303 5299 360 5346 tate
377 5293 467 5346 contin
485 5293 514 5346 ἰ.
548 5293 620 5348 iilius
642 5297 732 5346 autem
753 5307 818 5348 suus
836 5293 913 5346 heres
931 5307 990 5346 esse
1008 5293 1110 5356 desinit,
1163 5293 1226 5346 dum
1243 5293 1398 5348 ulteriorem
1414 5293 1558 5362 adgnatum
1576 5293 1753 5348 admittimus:
1776 5299 1808 5346 ut
1826 5297 1893 5362 puts
1907 5289 1968 5346 fecit¹¹¹

305 5359 327 5416 si
344 5359 440 5430 capitis
457 5309 635 5416 dgemtrutone
650 5358 693 5416 vel
709 5375 807 5430 magna
823 5361 866 5416 vel
878 5359 981 5416 minore
998 5359 1062 5416 exit
1079 5359 1112 5416 de
1179 5359 1222 5416 uis
1245 5367 1447 5428 testamentum,
1470 5377 1530 5416 cum
1553 5359 1665 5416 haberet
1686 5365 1812 5432 patruum
1835 5367 1863 5416 et
1883 5355 1956 5438 patrol

304 5435 446 5500 potestate.
481 5429 554 5500 quod
574 5429 600 5486 si
622 5427 693 5484 filius
714 5429 788 5500 apud
807 5427 899 5486 hostes
916 5429 963 5494 sit,
986 5429 1112 5500 quamdiu
1193 5431 1259 5496 nm,
1285 5431 1449 5488 dehberante
1474 5429 1574 5486 herede
1594 5431 1695 5500 scripto
1716 5435 1830 5500 patruus
1852 5427 1968 5492 decessit,

305 5605 334 5664 (1)
353 5599 398 5666 qui
413 5601 492 5654 cncF
1166 5605 1197 5668 (5)
1216 5600 1330 5667 hocque]
1340 5615 1511 5664 eousquescr.
1590 5605 1623 5664 (t)
1640 5599 1752 5650 succedit
1759 5601 1807 5652 scr.
1883 5607 1913 5660 (tt
1929 5593 1960 5656 tif

340 5679 372 5730 lat
392 5669 451 5722 Sub.
461 5681 519 5722 1...t.
530 5681 552 5722 s.
562 5679 589 5728 e:
605 5671 652 5722 Ed.
665 5681 684 5722 t.
695 5681 783 5734 lo...14;
796 5671 903 5738 Pop-15.
913 5683 945 5724 lo.
955 5671 1062 5722 -Bua
1071 5673 1114 5734 45,
1166 5669 1218 5736 qui]
1233 5671 1324 5722 fratres
1338 5671 1363 5722 et
1376 5683 1472 5720 sorores
1484 5683 1515 5720 en
1529 5667 1761 5736 eodempatrequia
1775 5671 1815 5720 ccl
1824 5669 1902 5722 :mile
1911 5659 1964 5740 poti?

306 5751 324 5804 1,
333 5749 460 5792 tana-
480 5737 588 5806 ΟΜΝ).
598 5741 623 5804 3,
636 5749 691 5798 aa:
712 5741 768 5792 Ccd.
780 5743 805 5806 6,
819 5751 855 5794 bb·
868 5753 895 5794 ht
981 5741 1012 5802 (8)
1033 5743 1067 5792 ud
1080 5747 1113 5800 §1
1166 5739 1299 5806 requiritur
1367 5737 1400 5800 (8)
1418 5735 1536 5788 hosF'*
1579 5737 1614 5802 (tl)
1630 5737 1779 5800 incipitald

308 5805 408 5874 cflCod.
419 5809 443 5872 8,
452 5819 504 5872 tl,1
530 5831 531 5834 ¹
590 5811 622 5872 (t)
640 5807 707 5858 ttius
716 5809 783 5874 apud
795 5811 877 5860 hostes
889 5811 963 5860 uetus
974 5827 1018 5860 sec.
1031 5809 1113 5860 Bias.
