4366 6258
261 371 485 424 issirminunis
497 391 500 398 0
1031 437 1032 440 Ἴ
1054 349 1117 418 383
1741 355 1881 416 XXVIII
1902 359 1921 416 5

260 535 389 604 consequi.
414 535 453 588 ita
470 535 477 548 '
496 535 548 588 'tur
561 549 605 588 res
620 535 775 602 accipietur.
801 535 875 588 verbi
892 535 978 604 gratia
993 547 1065 604 poue
1115 535 1170 586 sive
1193 535 1324 600 nonduin,
1354 543 1380 590 et
1406 539 1460 594 sire
1482 537 1534 592 scit
1555 537 1609 592 sive
1631 533 1773 602 ignorarit,
1802 531 1838 586 ad
1861 549 1920 592 eum

261 607 324 662 duos
342 617 399 658 esse
414 601 478 656 here
497 617 525 656 es
541 601 688 664 Institutas,
711 617 795 654 unum
813 615 846 656 ex
862 601 946 656 funde
965 599 1064 656 Gorne-
1115 601 1238 654 heredem
1250 601 1383 670 pertinere
1392 607 1421 670 ¹²,
1440 607 1484 658 cui
1494 605 1605 660 Italicae
1621 617 1664 658 res
1682 605 1745 656 sunt
1762 599 1920 670 adscrIptae.

260 675 336 734 hanc,
353 667 735 732 alterumexfunchivianc,
754 673 780 722 et
794 667 938 724 fundorum
952 669 1065 722 alterum
1150 663 1190 724 36
1206 667 1287 720 Ionii
1306 669 1374 724 libro
1393 677 1486 724 octono
1505 673 1713 742 disputationum
1748 667 1777 722 st
1800 667 1858 736 quis
1883 667 1922 722 ita

261 737 361 810 quidem
374 737 463 790 facere
477 735 635 788 dodrantem
647 733 788 800 benonim,
806 735 918 792 alterum
929 735 1063 804 quadran·
1115 733 1252 802 scripserit
1273 733 1409 788 heredem:
1436 741 1478 790 ‘ex
1502 755 1554 808 qua
1577 745 1654 808 parte
1677 735 1804 792 codicillis
1821 733 1921 790 Titium

260 815 324 862 terii:
342 807 419 856 emunt
429 803 534 872 quidem
545 801 674 856 heredes¹
689 817 722 856 ex
734 805 825 872 aequis
837 805 968 872 partibus,
987 799 1065 872 quasi
1115 801 1246 856 ‘heredem
1263 801 1403 870 scripsero,
1420 803 1499 858 heres
1517 807 1590 872 esto',
1610 805 1712 860 etianmi
1727 819 1790 874 pars
1805 803 1833 856 in
1847 801 1920 856 ccdi-

261 877 312 930 sine
339 871 459 940 partibus
486 869 615 934 instituti,
644 875 827 924 verumtamen
852 869 941 924 officio
967 871 1063 922 iudicis
1115 869 1182 924 ciliis
1205 885 1259 922 non
1280 869 1362 922 inerit
1383 867 1532 940 adscripta,
1561 873 1611 928 erit
1633 879 1723 928 tamen
1745 875 1821 944 heres
1845 869 1921 940 quasi

260 937 440 1000 tenebuntur2,
458 943 489 990 ut
506 937 648 1006 uuicuique
665 951 758 990 eorum
774 937 874 990 fundus
892 937 938 1006 qui
953 937 1063 992 relictus
1115 939 1173 990 siue
1208 943 1266 992 arte
1281 937 1387 990 institut
1421 975 1428 988 .

263 1017 273 1064 t
308 1011 348 1060 est
364 1005 529 1060 adiudicatus
544 1003 586 1060 vel
603 1003 781 1058 adtribuatur.
813 1003 890 1058 Unde
908 1003 962 1058 scio
980 1019 1062 1084 quae·
1149 1001 1167 1060 3
1206 1003 1350 1060 dotianus
1364 1003 1650 1064 librooi’oesa'mooooo
1664 1009 1827 1082 digestorum
1854 1005 1921 1060 Cum

260 1077 349 1138 situm,
373 1071 441 1126 aeris
459 1073 537 1126 alieni
554 1087 621 1126 onus
639 1087 688 1140 pro
708 1087 762 1140 qua
779 1075 855 1138 parte
872 1071 1000 1138 adgnosci
1017 1069 1062 1126 de·
1114 1073 1143 1126 in
1158 1077 1317 1126 testamento
1334 1071 1373 1124 ita
1391 1071 1529 1126 scribitur:
1553 1075 1585 1126 ‘si
1606 1075 1677 1130 filius
1700 1091 1774 1132 meus
1797 1091 1839 1130 ine
1861 1075 1920 1130 vivo

261 1145 325 1198 beat.
365 1145 392 1192 ιι
413 1137 495 1192 refert
515 1139 694 1208 Papinianus,
724 1139 801 1192 cuius
825 1139 983 1192 sententiam
1005 1137 1064 1206 ipse
1115 1141 1263 1204 morietur,
1289 1155 1323 1194 ne
1342 1153 1372 1192 os
1399 1153 1432 1192 ex
1458 1153 1488 1192 eo
1515 1145 1711 1206 postmortem
1732 1159 1818 1198 meam
1840 1147 1921 1198 natus

261 1219 360 1280 quoque
382 1205 505 1276 probavi,
533 1221 583 1276 pro
612 1207 778 1260 hereditariis
800 1207 922 1274 partibus
946 1219 992 1260 eos
1015 1205 1062 1258 ad·
1115 1207 1200 1262 ‘lieres
1218 1209 1291 1272 esto',
1332 1221 1367 1258 uo
1389 1207 1487 1274 gradus
1511 1207 1636 1260 heredum
1658 1219 1734 1264 sunt:
1758 1213 1830 1264 nullo
1852 1209 1922 1264 enlin

293 1289 381 1330 escere
403 1287 448 1326 aes
473 1273 588 1326 alienum
611 1273 720 1338 debere,
745 1273 797 1328 hoc
816 1277 856 1328 est
872 1287 921 1342 pro
939 1271 1062 1326 semisse:
1115 1291 1181 1328 casu
1208 1279 1319 1342 uterque
1348 1273 1383 1326 ad
1411 1273 1585 1328 hereditatem
1613 1275 1767 1334 admittitur.
1808 1293 1842 1332 ex
1886 1291 1921 1330 uo

289 1343 351 1398 udos
370 1339 464 1394 etenim
480 1339 538 1396 rice
554 1341 750 1410 praeceptionis
769 1339 946 1408 accipiendos.
981 1353 1064 1408 quare
1115 1347 1239 1412 apparet,
1262 1345 1287 1396 si
1308 1341 1399 1408 nepoti
1416 1341 1502 1396 Titius
1526 1341 1684 1396 substitutus
1708 1345 1788 1400 fuerit
1808 1351 1835 1400 et
1889 1359 1921 1398 us

260 1413 282 1466 si
296 1411 363 1464 forte
379 1411 483 1462 tantuin
501 1409 536 1462 sit
553 1423 599 1462 aes
617 1409 739 1474 ahenum,
762 1413 794 1462 ut
810 1407 876 1462 nihil
893 1407 1012 1462 detracto
1031 1421 1062 1462 eo
1113 1411 1185 1478 patri
1200 1411 1278 1464 heres
1294 1409 1433 1474 exstiterit,
1452 1425 1506 1462 non
1520 1423 1599 1478 posse
1610 1409 1708 1464 Titium
1721 1429 1776 1468 una
1791 1429 1852 1468 cum
1865 1411 1920 1466 filio

261 1489 392 1598 appereespe
407 1477 525 1596 ppgscuds
538 1481 731 1596 couplsiequenggr
742 1475 866 1596 ¹dicempis
883 1475 1064 1596 inphtutifcnrpg
1113 1477 1237 1600 ιῙιιιιιΙιιὲι
1255 1477 1473 1600 essabqpiitpfiffin
1490 1477 1658 1596 illlprimumss
1672 1479 1921 1602 sedPinbshecuiffium

293 1561 320 1598 as
392 1559 406 1596 r
542 1561 560 1596 n
608 1559 686 1596 uses
734 1559 1020 1598 momen:esio
1194 1561 1355 1598 aumsus
1463 1585 1470 1598 .
1532 1559 1689 1598 aecvera:
1909 1577 1920 1588 -

260 1561 375 1666 lis’alcidia
391 1609 567 1666 interveniens
583 1609 740 1666 recisionem
758 1617 828 1666 esset
842 1613 990 1678 legatorum
1004 1609 1063 1666 fac·
1116 1563 1268 1668 ‘nigritatis
1285 1613 1397 1666 invicem
1414 1611 1551 1666 subsituti
1568 1611 1678 1666 heredes
1696 1562 1761 1666 milili1
1778 1565 1863 1670 affirm
1877 1563 1921 1670 asic

260 1687 323 1742 tura,
341 1677 396 1732 sic³
413 1675 502 1732 officio
519 1677 612 1732 iudicis
630 1679 743 1732 recidit*
765 1681 966 1748 praeceptiones
986 1681 1062 1744 istas,
1114 1681 1312 1750 interpretanda
1329 1687 1400 1746 sunt,
1416 1685 1448 1734 ut
1464 1681 1578 1734 breviter
1595 1679 1727 1732 videretur
1739 1685 1854 1736 testator
1866 1689 1921 1736 tres

260 1753 288 1802 ut
303 1761 355 1798 non
371 1745 432 1814 plus
450 1745 562 1814 quisque
579 1759 671 1800 eorum
687 1747 789 1800 habeat
823 1761 884 1800 uam
902 1753 972 1800 esset
986 1747 1062 1800 habi·
1114 1747 1260 1802 instituisse
1282 1747 1392 1804 heredes
1416 1753 1443 1802 et
1461 1747 1575 1802 invicem
1592 1763 1637 1802 eos
1655 1745 1838 1812 substituisse,
1861 1765 1921 1818 per-

260 1821 339 1876 anus,
358 1813 381 1866 si
397 1813 513 1882 legatum
530 1813 677 1882 accepisset
692 1813 735 1868 vel
752 1763 825 1868 alini
841 1815 882 1868 vel
894 1813 973 1866 etiam
1003 1829 1062 1868 rae·
1114 1815 1176 1870 inde
1193 1831 1226 1870 ac
1243 1817 1266 1870 si
1282 1817 1320 1870 ita
1337 1817 1500 1884 scripsisset:
1525 1817 1576 1870 ille
1600 1819 1626 1868 et
1642 1815 1686 1868 ille
1704 1819 1731 1868 et
1747 1813 1791 1866 ille
1808 1813 1923 1870 instituti

261 1879 388 2002 ceptionets
397 1883 414 1932 ⁵.
455 1879 527 2000 qitiod
552 1881 681 2000 sififoerit
704 1881 850 2002 inoffi,
872 1897 925 2002 fasir,
941 1831 1064 2002 defidiidia
1114 1883 1286 2004 ltm‘hpretdes
1303 1889 1331 1962 et
1348 1883 1597 2004 snbptitpfitlifisuntol'l.
1626 1881 1677 2002 (ispi
1694 1879 1922 2002 trestfiliosshlpltlie-

260 1961 440 2070 isitii
454 1963 517 2068 lta
531 1963 750 2086 {timisti
770 1963 1062 2080 taiaifrdbii
1115 1965 1194 2072 ‘itt
1210 1965 1329 2074 stiffi
1348 1963 1923 2086 tim,mttttftitttttutt

260 2083 321 2138 liaeo
344 2083 422 2136 etiam
443 2083 590 2148 Institutio,
620 2083 653 2138 de
683 2101 737 2152 qua
766 2083 916 2152 quaeritur,
945 2101 1000 2140 non
1023 2089 1064 2140 est
1104 2085 1182 2140 ‘duos
1200 2085 1339 2140 dumtaxat
1356 2087 1423 2140 filios
1440 2087 1551 2140 heredes
1569 2085 1723 2140 instituisse.

259 2151 411 2272 pepellenda,
430 2151 454 2204 si
470 2151 645 2272 aliusfrerum
661 2151 872 2230 provincialium,
890 2151 957 2206 alius
970 2167 1063 2230 'rerum
1149 2149 1188 2212 38
1202 2155 1288 2232 ¹Inirir
1301 2153 1368 2210 libro
1387 2155 1704 2276 trigesimodipastoram
1733 2151 1785 2220 Qui
1800 2151 1855 2206 filio
1873 2151 1922 2204 im·

260 2219 1063 2364 ,distiteritttttltttttttttttittt
1114 2219 1924 2358 itittibilimitttttttttottitttitt

259 2359 341 2406 mmen
365 2353 475 2408 heredes
500 2369 533 2406 ex
555 2367 647 2422 aequis
668 2353 806 2422 partibus,
829 2355 891 2422 quia
908 2355 982 2406 nulla
998 2369 1062 2422 pars
1113 2361 1211 2424 potest,
1230 2357 1330 2426 queis,
1355 2357 1401 2424 qui
1417 2371 1521 2412 serrum
1539 2355 1694 2426 Sempronio
1712 2357 1835 2422 legatum,
1857 2369 1922 2406 eun-

260 2421 387 2488 sdscripta
412 2427 460 2476 est.
497 2435 564 2488 quae
585 2437 628 2474 res
652 2419 732 2484 facit,
756 2427 801 2486 ut,
827 2423 849 2474 si
871 2421 941 2476 forte
958 2421 987 2474 in
1004 2421 1062 2474 aliis
1115 2423 1205 2476 ιιιιιι13
1220 2429 1282 2492 post
1298 2431 1410 2478 mortem
1427 2423 1575 2492 Sempronii
1598 2439 1632 2478 ex
1648 2427 1725 2490 parte
1741 2423 1864 2476 heredem
1880 2421 1922 2474 in-

258 2485 423 2542 iacultatibus
447 2489 507 2558 plus
530 2489 565 2542 sit
589 2489 626 2554 (in
642 2489 744 2542 Italicis
767 2487 837 2542 forte
857 2503 938 2558 quam
953 2489 983 2542 in
999 2503 1062 2556 pro·
1117 2497 1125 2542 t
1164 2491 1256 2544 stituit.
1298 2491 1394 2546 Servos
1418 2497 1577 2544 testamento
1602 2491 1680 2544 heres
1724 2505 1772 2544 ure
1797 2489 1851 2544 scri
1869 2495 1923 2554 tus,

259 2555 432 2620 uncialibus),
455 2557 483 2608 in
507 2557 566 2610 aliis
587 2557 675 2610 minus
699 2561 726 2608 et
749 2557 818 2608 aeris
836 2557 914 2610 alieni
930 2557 998 2610 ratio
1017 2569 1062 2608 ur-
1113 2557 1181 2612 liber
1198 2563 1287 2612 autem
1303 2559 1391 2612 iussus
1410 2573 1476 2622 esse,
1495 2559 1518 2612 si
1534 2559 1605 2612 intra
1619 2507 1749 2612 aasentias
1760 2557 1860 2612 Decem
1880 2569 1923 2612 res

258 2629 326 2692 gret,
353 2622 467 2678 debeat⁶
484 2623 537 2678 dici
553 2623 761 2678 imminutionem
780 2623 890 2678 eandem
907 2623 965 2678 ficii
983 2639 1063 2692 quam
1115 2627 1204 2682 decem
1223 2625 1344 2692 dedisset,
1363 2625 1386 2680 si
1400 2625 1527 2680 codicillis
1542 2641 1608 2694 pure
1619 2625 1769 2680 libertatem
1781 2625 1923 2694 acceperit,

257 2707 350 2812 supr}li
351 2689 513 2770 ostendimus
509 2761 526 2812 b
552 2691 669 2812 ιιιοιιίιίιέι1
689 2697 716 2746 ιι
727 2691 762 2812 dsi
784 2691 843 2746 aliis
860 2691 959 2812 {ierint
974 2693 1063 2760 legata
1115 2695 1185 2774 intra
1201 2693 1558 2812 kalendasdquidemnneque
1574 2695 1642 2748 liber
1658 2707 1744 2764 neque
1766 2693 1843 2746 heres
1865 2693 1922 2772 erit,

257 2763 404 2906 iaiafih
422 2763 1062 2906 iiiiiitfauioelrfdflllafilitiifi
1114 2761 1280 2882 filiiflii
1298 2761 1425 2882 iirrih‘t
1442 2761 1923 2896 {tererestereres

257 2893 423 2962 accipiendae
434 2899 495 2958 sirit,
514 2893 654 2948 udendum
667 2899 715 2948 est.
743 2893 846 2948 etfacit
858 2893 963 2962 qmdem
974 2899 1062 2950 totum
1113 2911 1172 2950 rum
1190 2897 1239 2950 sub
1258 2895 1426 2960 coufficione,
1450 2897 1574 2950 heredem
1597 2911 1664 2964 pure
1681 2895 1832 2966 scripsisset
1850 2911 1923 2950 eum·

257 2961 373 3016 voluutas
399 2959 531 3016 defuncti:
557 2975 618 3014 nam
645 2961 709 3030 qaid
734 2959 861 3026 senserit,
887 2961 1062 3028 spectandum
1115 2979 1165 3032 que
1181 2963 1341 3016 vendidisset
1357 2965 1490 3030 pendente
1508 2963 1675 3028 condicione,
1699 2965 1774 3016 iussu
1796 2963 1923 3032 emptoris

257 3033 301 3082 est.
335 3033 517 3082 verumtamen
538 3029 591 3082 hoc
611 3029 816 3098 intellegendam
834 3029 885 3082 erit
900 3043 990 3082 rerum
1005 3031 1062 3082 Ita·
1114 3045 1203 3084 servus
1223 3029 1297 3082 adire
1313 3031 1487 3084 hereditatem
1505 3035 1601 3100 potest,
1622 3031 1686 3100 quia
1703 3037 1728 3084 et
1746 3031 1866 3084 constitit
1882 3031 1923 3082 in-

257 3097 361 3150 licarum
386 3095 578 3164 significatione
599 3111 645 3150 eas
669 3095 813 3160 contineri,
839 3111 906 3164 quas
932 3101 1061 3166 perpetuo
1115 3101 1129 3150 3
1165 3097 1266 3150 stitutio
1291 3103 1378 3150 etesi
1412 3097 1440 3150 ui
1457 3097 1499 3152 ius
1516 3097 1663 3218 mqflemffi
1679 3097 1769 3152 habet.
1805 3097 1924 3166 Quodsi

257 3163 373 3286 filiali?
397 3163 1062 3300 bittitrttttttthtt:iahia
1113 3163 1922 3300 tttittthttt'tttttaittitfiiiituit·

257 3299 332 3378 ahons
349 3299 464 3364 locuml,
488 3249 542 3352 3on
558 3303 590 3352 ut
605 3299 643 3354 ibi
659 3299 785 3364 haberet,
809 3297 857 3352 sed
869 3303 905 3378 ιιιι
923 3297 1008 3352 denuo
1027 3297 1062 3352 ad
1113 3313 1177 3378 pore
1194 3299 1306 3378 adleum
1322 3299 1494 3376 peruenisset,
1516 3313 1567 3366 quo
1585 3299 1638 3352 iam
1656 3271 1774 3352 exiincta
1789 3299 1923 3376 institutio

256 3367 1061 3512 tttttlthtttttttttttirrisistis:
1112 3367 1262 3488 sistit
1279 3365 1389 3488 {libili
1411 3365 1923 3502 strictissimis

256 3503 302 3556 lico
324 3503 485 3572 patrimonio
511 3501 639 3570 quosdam
661 3517 752 3556 servos
775 3501 883 3556 miserat
905 3517 933 3554 in
952 3517 1061 3568 provin-
1114 3501 1192 3556 dente
1221 3501 1376 3556 condicione
1400 3501 1576 3556 manumissos
1602 3503 1644 3556 vel
1670 3503 1800 3556 alienatus
1826 3503 1922 3568 fuerat,

257 3571 333 3634 ciam,
356 3571 426 3626 forte
444 3569 572 3634 Galliam,
596 3571 632 3624 ad
653 3569 810 3638 exigendum
833 3569 951 3622 debitum
967 3569 1009 3624 rel
1026 3569 1062 3622 ad
1112 3571 1229 3636 legatum
1244 3569 1354 3622 habebit
1372 3573 1419 3622 aut
1436 3567 1543 3622 domino
1561 3567 1692 3638 adquiret,
1717 3569 1834 3638 quamvis
1852 3585 1922 3624 mor-

256 3653 351 3692 merces
377 3637 585 3706 comparandas,
608 3651 778 3698 recursuros,
803 3637 826 3688 si
848 3641 1061 3704 comparassent:
1112 3637 1146 3690 tis
1163 3641 1281 3706 tempore
1300 3637 1420 3690 condicio
1437 3635 1569 3690 libertatis
1582 3637 1698 3690 extincta
1709 3637 1803 3692 luent:
1823 3637 1922 3692 sivero

257 3705 360 3758 dubium
377 3721 432 3760 non
449 3709 498 3770 est,
523 3705 585 3772 quin
602 3703 699 3760 debeat
716 3703 770 3758 dici
786 3703 822 3758 ad
838 3703 961 3756 Italicum
977 3703 1061 3772 patri·
1112 3709 1175 3772 post
1192 3703 1323 3758 deiectum
1342 3703 1506 3758 confficicnis
1522 3703 1700 3758 manumissus
1723 3709 1771 3758 aut
1791 3705 1922 3760 siccatus

256 3773 367 3826 monium
385 3787 430 3828 eos
447 3773 581 3842 pertinere
598 3771 702 3826 debere.
738 3775 769 3824 ut
793 3775 833 3826 est
852 3771 924 3840 apud
941 3771 1062 3826 Mucium
1115 3777 1128 3824 5
1163 3769 1252 3836 fuant,
1277 3773 1392 3840 legatum
1410 3771 1445 3826 ad
1461 3769 1566 3826 irritum
1581 3771 1683 3826 recidit.
1719 3771 1786 3826 Oum
1801 3773 1923 3828 venditor

255 3841 376 3908 relatum,
404 3855 464 3896 cum
485 3841 585 3894 fundus
608 3845 666 3896 erat
687 3841 789 3910 legatus
813 3840 855 3894 vel
879 3855 939 3894 cuin
960 3839 1059 3894 instru-
1114 3855 1218 3894 servum
1235 3845 1297 3894 ante
1314 3839 1484 3896 traditionem
1501 3839 1536 3894 ab
1553 3845 1673 3920 emptore
1689 3855 1737 3910 pro
1753 3845 1830 3910 parte
1844 3841 1921 3896 here·

255 3913 338 3964 mento
360 3909 403 3964 vel
426 3923 487 3962 cum
511 3907 553 3964 his
578 3925 647 3976 quae
668 3907 708 3962 ibi
730 3913 806 3964 sunt:
831 3923 974 3976 agasonem
992 3907 1062 3962 enim
1114 3907 1172 3962 dem
1196 3907 1324 3976 scriptum
1344 3907 1418 3962 adire
1433 3907 1524 3972 iubet,
1546 3913 1685 3962 restituere
1709 3909 1830 3964 coheredi
1853 3909 1923 3964 servi

254 3977 358 4030 missum
374 3977 404 4030 in
420 3975 508 4030 villam
525 3991 543 4030 a
558 3981 636 4046 patre
653 3975 768 4030 familias
791 3991 846 4030 non
869 3977 1002 4044 pertinere
1025 3975 1062 4030 ad
1112 3991 1222 4030 necesse
1244 3977 1339 4042 hahet,
1370 3975 1432 4046 quia
1454 3975 1559 4030 lucrum
1580 3975 1671 4030 iacere
1694 3977 1751 4030 eius
1775 3977 1843 4030 servi
1865 3979 1923 4030 iure

254 4043 326 4098 fundi
341 4043 459 4114 legatum
475 4043 582 4098 Mucius
599 4045 645 4108 ιιι,
686 4045 732 4096 uia
751 4057 807 4096 non
823 4043 923 4098 idcirco
940 4043 986 4096 illo
1004 4049 1062 4096 erat
1114 4057 1192 4112 quem
1215 4045 1332 4098 vendidit
1355 4059 1410 4098 non
1432 4043 1520 4098 debet.
1560 4043 1640 4112 plane
1662 4059 1717 4098 non
1738 4049 1825 4098 totum
1850 4045 1923 4114 quod

254 4111 354 4190 missus,
371 4117 406 4190 ut
419 4111 457 4164 ibi
475 4117 552 4166 esset.
587 4061 698 4232 proinge
716 4111 740 4166 si
758 4125 849 4166 servus
865 4111 948 4164 fuerit
964 4111 1061 4164 missus
1113 4111 1269 4180 adquisierit
1285 4111 1415 4176 restituet,
1433 4111 1481 4166 sed
1497 4127 1547 4180 pro
1566 4127 1598 4166 ea
1612 4111 1751 4166 dumtaxat
1763 4117 1850 4180 parte,
1869 4127 1923 4180 qua

254 4193 279 4230 in
294 4179 381 4234 villain
398 4177 504 4234 interim
520 4179 574 4234 illic
602 4185 713 4244 uterus,
739 4179 801 4246 quia
824 4177 958 4234 dominum
978 4177 1061 4234 offen·
1113 4195 1204 4234 servus
1223 4179 1378 4234 coheredem
1394 4179 1527 4244 habuerit,

254 4243 333 4310 derat,
352 4245 428 4318 quasi
445 4247 481 4300 ad
497 4251 601 4318 tempus
617 4247 760 4316 relegatus,
778 4261 936 4316 responsum
948 4251 988 4300 est
1000 4261 1062 4300 eum
1147 4243 1188 4306 39
1207 4247 1381 4302 Mnaciiros
1403 4247 1470 4302 li'bro
1493 4249 1611 4302 secando
1634 4247 1791 4320 repuleram
1830 4247 1858 4300 id
1882 4249 1923 4300 est

254 4313 285 4366 ad
300 4315 378 4370 villae
394 4315 510 4384 legatum
527 4329 582 4370 non
597 4315 738 4384 pertinere.
768 4329 849 4384 quare
866 4329 900 4368 ne
917 4315 985 4370 servi
1020 4315 1060 4368 ui-
1112 4321 1216 4384 partein
1235 4315 1367 4371 dimidiam
1384 4315 1453 4370 servi
1472 4321 1499 4370 et
1516 4321 1638 4384 quartam
1653 4315 1817 4372 hereditatis.

254 4381 321 4448 dein,
346 4381 392 4450 qui
414 4383 521 4450 operari
543 4381 573 4436 iii
595 4397 659 4452 agro
683 4387 860 4448 consuerunt,
886 4383 976 4450 quiin
993 4381 1060 4438 a'os
1146 4381 1187 4442 40
1205 4381 1926 4456 storooi'peotnocapartoreminiiariMreomios

254 4463 326 4516 agros
343 4451 552 4516 revertebantur,
576 4455 603 4504 et
620 4451 698 4520 quasi
715 4451 750 4504 ab
768 4451 820 4504 alio
839 4449 1016 4506 ιοιιιιιιιιιι8
1032 4451 1062 4504 in
1112 4457 1203 4506 motat:
1225 4453 1304 4506 immo
1328 4457 1356 4506 ιι
1376 4451 1405 4506 id
1427 4451 1507 4506 debet
1527 4453 1671 4522 praestari,
1699 4449 1771 4520 quod
1794 4447 1923 4516 consequi

254 4529 283 4570 ea
299 4521 361 4572 sunt
378 4515 548 4582 ccnfficione,
571 4523 602 4572 ut
624 4519 659 4570 ad
676 4519 794 4588 legatum
810 4519 974 4588 pertineant,
998 4519 1062 4588 quia
1112 4519 1233 4574 venditor
1249 4537 1304 4576 non
1340 4519 1461 4586 otuisset,
1485 4519 1509 4574 si
1526 4521 1607 4588 prius,
1631 4535 1711 4588 quani
1727 4517 1814 4570 adiret
1830 4531 1921 4570 servus

253 4599 304 4638 nou
319 4585 358 4638 ita
374 4585 403 4638 iu
420 4599 484 4654 agro
501 4585 618 4650 fuerant,
638 4591 669 4638 ut
687 4587 711 4638 ei
728 4601 792 4654 agro
811 4585 962 4640 viderentur
979 4585 1060 4641 desti·
1112 4591 1216 4654 partem
1244 4590 1307 4643 here
1327 4587 1412 4654 'tatis,
1443 4589 1498 4642 is¹⁴
1528 4587 1641 4646 traditus
1668 4589 1751 4640 esset:
1783 4583 1855 4652 quod
1881 4589 1922 4638 est

254 4653 320 4706 nati:
345 4667 473 4720 quaeres
489 4651 518 4706 in
534 4655 672 4720 proposito
691 4669 798 4723 quoque
815 4655 939 4722 suggerit,
958 4659 988 4708 ut
1004 4653 1060 4708 Ita·
1112 4669 1212 4708 verum.

252 4717 360 4774 licarum
375 4735 465 4774 rernm
481 4735 540 4774 esse
557 4719 701 4774 credantur
717 4721 771 4774 hae
786 4735 839 4786 res,
857 4735 924 4788 quas
941 4721 1062 4774 inItalia
1146 4719 1185 4778 41
1211 4721 1272 4788 (40)
1298 4721 1470 4778 ¹⁵Ioiiaros
1494 4723 1562 4778 libio
1592 4719 1728 4798 trigesimo
1757 4717 1921 4788 dipestorom

253 4791 268 4840 4
300 4787 587 4844 essetestatorvoluit.
612 4787 729 4842 Proinde
747 4795 774 4842 et
791 4789 815 4842 ιι
851 4789 972 4842 ecuuiam
989 4789 1062 4842 misit
1112 4789 1142 4844 si
1158 4793 1236 4858 pater
1252 4789 1367 4844 familias
1385 4791 1498 4854 Titium,
1523 4803 1601 4858 quem
1622 4801 1765 4854 ingenuum
1788 4801 1847 4840 esse
1864 4803 1920 4842 cre-

252 4851 279 4906 in
301 4857 464 4924 provinciam
488 4855 524 4910 ad
546 4871 648 4910 merces
674 4871 820 4926 comparari
856 4871 870 4910 s
896 4861 922 4910 ct
947 4857 1061 4912 necdum
1113 4855 1200 4922 debat,
1222 4859 1372 4914 1⁶heredem
1389 4855 1527 4926 scripserit
1543 4855 1626 4924 eique,
1645 4853 1761 4908 ιιιιιιι
1775 4861 1921 4922 comesset,

253 4925 499 4992 comparaturum,
524 4923 584 4978 dico
602 4923 752 4992 pecuniam,
776 4937 846 4992 quae
863 4921 962 4978 idcirco
980 4925 1062 4978 missa
1112 4925 1297 4994 Sempronium
1314 4927 1493 4990 substituerit,
1518 4923 1611 4978 deinde
1628 4921 1728 4988 Titius,
1749 4921 1812 4992 quia
1829 4939 1921 4978 serius

252 4995 303 5054 est,
328 4995 360 5044 ut
375 5007 423 5060 per
440 5007 499 5046 eam
516 5007 617 5046 merces
634 4993 663 5046 iu
679 4991 785 5044 ltaliam
803 4991 1008 5056 adveherentur,
1031 4993 1061 5046 in
1111 4993 1208 5058 fuerat,
1232 4995 1306 5048 iussu
1324 4995 1422 5050 domini
1439 4993 1536 5046 adierit
1551 4991 1737 5044 hereditatem:
1761 4997 1851 5062 potest
1868 4993 1922 5048 dici

251 5053 342 5134 italico
359 5059 519 5140 patrimonio
538 5059 764 5128 adiungendami:
783 5073 846 5112 nain
863 5065 890 5112 et
907 5059 930 5114 si
944 5059 1062 5114 dedisset
1112 5061 1298 5130 Sempronium
1314 5063 1343 5116 in
1359 5069 1463 5130 partem
1479 5059 1633 5112 hereditatis
1652 5059 1763 5118 admitti.
1795 5077 1857 5116 nam
1875 5061 1922 5130 qui

251 5139 277 5200 ιιι
299 5129 435 5194 provincia
459 5129 492 5182 de
514 5129 648 5196 pecuniis,
671 5143 738 5198 quas
763 5127 792 5180 in
808 5127 887 5180 Italia
910 5129 1059 5194 exercebat,
1112 5131 1164 5184 scit
1181 5131 1293 5200 aliquem
1310 5147 1415 5186 servum
1433 5143 1491 5182 esse
1508 5133 1536 5182 et
1552 5143 1611 5182 eum
1633 5127 1756 5182 heredem
1778 5131 1872 5184 scribit
1895 5135 1923 5184 et

251 5197 333 5248 ituras
360 5201 387 5250 et
415 5197 587 5260 redituras¹⁰‚
617 5195 760 5250 dicendum
787 5199 828 5248 ιιι
855 5197 925 5248 hanc
954 5211 1061 5266 quoque
1112 5197 1149 5252 ita
1167 5199 1317 5254 substituit:
1337 5197 1368 5250 ‘si
1382 5195 1489 5248 Stichus
1506 5195 1584 5250 heres
1601 5211 1656 5250 non
1673 5197 1731 5264 erit,
1749 5197 1811 5252 Seni
1829 5197 1921 5250 ronius

252 5263 275 5338 5Ι
294 5261 385 5340 'italici
409 5263 561 5332 patrimonii
584 5279 651 5318 esse.
686 5263 829 5318 Rationem
850 5263 931 5332 igitur
945 5263 1061 5320 ,efficere
1112 5267 1198 5320 ‘heres
1216 5265 1291 5330 estc’,
1307 5263 1468 5330 intellegitur
1484 5263 1540 5318 tale
1556 5263 1626 5332 quod
1644 5263 1745 5320 dicere:
1764 5265 1797 5320 ‘si
1811 5215 1922 5320 {dolius

251 5327 338 5396 dmin,
356 5337 387 5386 ut
400 5347 501 5388 merces
517 5347 621 5402 quoque
635 5333 709 5398 istae,
729 5347 798 5402 quae
814 5337 984 5400 comparatae
998 5337 1062 5386 sunt
1114 5339 1208 5402 ‘neque
1224 5335 1283 5402 ipsc
1299 5333 1377 5384 heres
1396 5331 1444 5384 erit
1460 5345 1548 5400 neque
1565 5333 1675 5388 ιιιιιιιίΠ
1692 5333 1803 5390 fecerit’.
1832 5337 1860 5386 at
1877 5331 1923 5402 qui

251 5401 279 5450 ut
296 5395 408 5454 Romam
425 5401 595 5466 veherentur,
619 5401 673 5456 sive
695 5407 839 5470 provectae
862 5405 924 5454 suut
948 5415 978 5456 eo
1001 5401 1059 5456 vivo
1112 5417 1186 5464 eum,
1209 5415 1287 5470 quem
1309 5399 1421 5452 liberum
1443 5405 1522 5470 putat
1539 5417 1611 5470 esse,
1634 5403 1758 5458 heredem
1776 5401 1922 5470 scripserit,

251 5573 279 5636 (t)
296 5571 405 5624 herasF
478 5575 510 5638 (ι)
529 5573 735 5626 ccnhnebitan
812 5577 844 5638 (a)
863 5575 1066 5626 facturashicF
1110 5573 1141 5622 ab
1157 5571 1207 5624 alio
1224 5569 1375 5620 commodati
1388 5591 1436 5624 sm.
1506 5579 1539 5640 so)
1557 5577 1695 5638 patrimoni
1709 5575 1870 5638 inrigendam
1881 5575 1922 5622 1ιη

249 5639 280 5702 (4)
299 5641 376 5692 recidi
386 5641 515 5710 Schalo'np
596 5643 628 5706 (t)
647 5643 825 5706 praeceptione
833 5661 879 5692 scr.
964 5641 996 5700 (tt
1014 5655 1057 5688 ur·
1110 5639 1154 5700 (io)
1172 5639 1265 5686 ituram
1275 5641 1301 5686 et
1309 5637 1446 5690 redituram
1456 5661 1502 5692 scr.
1562 5645 1602 5704 (11)
1621 5643 1745 5694 dixiHnl.
1800 5643 1844 5704 (m)
1862 5655 1920 5704 per-

250 5711 370 5770 guetatF
444 5713 477 5776 (t)
496 5707 1057 5776 siintcmpusquotranstulitfflel.inalium
1108 5707 1275 5758 timerentscr.
1340 5709 1383 5770 (ts)
1402 5707 1478 5774 legat,
1488 5715 1542 5760 tum
1552 5711 1656 5760 eundem
1665 5729 1711 5760 scr.
1775 5709 1818 5768 (tt)
1838 5709 1859 5758 is
1872 5709 1920 5758 del.

250 5775 339 5840 locum]
353 5797 397 5830 scr.
468 5781 502 5842 (8)
521 5795 576 5828 cuin
591 5777 618 5828 in
635 5779 698 5830 alios
713 5793 786 5842 agros
801 5781 966 5840 revertantur,
983 5775 1055 5838 qnasi
1108 5777 1151 5838 (tt)
1169 5775 1374 5838 armamini
1441 5781 1485 5842 itt)
1503 5797 1548 5842 pro
1557 5783 1629 5842 parte
1643 5779 1686 5826 ios.
1758 5779 1800 5836 (tit
1820 5775 1924 5824 aliudF'
