4366 6258
1028 347 1091 424 ort
1725 355 1854 422 xxxx
1875 367 1896 422 4

251 375 284 434 DE
300 371 489 430 assumserit
509 369 729 428 insinuatio

252 549 423 624 adipiscendam
445 545 471 600 ei
493 543 555 628 qui1
578 559 642 598 suas
665 541 783 598 redonas
805 541 905 598 reddit:
934 541 958 596 si
974 553 1035 594 vero
1087 535 1179 590 missit.
1206 539 1326 608 plerique
1339 535 1578 594 existimanthuno
1596 549 1629 590 ex
1643 535 1802 588 testamento
1817 535 1898 616 liber:

227 621 229 626 '
252 623 312 682 pum
334 633 385 672 non
402 615 467 670 alias
484 611 567 668 mderi
584 611 697 666 alterum
712 611 847 688 paruisse,
869 609 921 664 nisi
937 607 1036 662 utrius·
1087 607 1169 656 tatem
1192 607 1331 676 consequi:
1361 607 1508 664 secundum
1531 607 1582 660 hoc
1604 605 1721 670 legatum
1745 615 1850 670 quoque
1873 619 1899 658 er

252 707 289 762 que
303 665 396 754 r'eliqua
413 681 562 736 exsolverit.
587 679 616 734 in
633 679 742 746 reliqum
761 679 882 748 accipere
900 675 1036 740 debemus,
1088 671 1208 724 debetur.
1395 741 1401 754 ·
1511 741 1518 754 .
1682 739 1688 752 .

252 767 262 814 s
288 763 314 810 ut
328 759 354 808 ιι
368 755 427 822 ipsa
443 749 576 804 volumina
598 745 732 802 rationum
749 745 903 802 reddantur.
940 743 1038 798 Sedet
1121 733 1169 818 20,
1184 739 1354 820 Accienses
1380 741 1447 798 labra
1466 757 1559 820 preme
1581 743 1767 810 quaestionum
1801 735 1899 814 Scrvos

251 823 366 884 tancila
382 835 442 874 cum
458 817 520 872 filiis
538 815 622 870 libera
641 829 699 868 esse
716 815 790 870 iussa
807 813 855 880 sit,
881 813 931 868 etsi
949 811 1036 868 nullos
1087 807 1183 886 legarit
1199 813 1227 862 et
1239 813 1309 864 cavrt
1325 815 1375 862 ita:
1394 813 1476 878 ‘roga
1493 825 1517 864 sr
1530 813 1557 864 ιι
1574 811 1786 884 promeruerunt,
1805 805 1899 874 dignos

252 893 335 954 tabeat,
352 885 400 942 erit
416 887 513 940 libera:
531 885 573 938 rel
590 883 614 938 si
629 883 729 938 habeat
746 883 866 952 quidem,
883 881 930 936 filii
948 885 1037 934 autem
1088 877 1141 930 ‘eos
1159 875 1282 932 hbertate
1300 877 1451 934 existimcs'.
1486 877 1618 948 praetoris
1640 877 1691 932 hae
1712 879 1803 956 partes
1826 879 1899 940 sunt,

252 961 294 1016 eius
309 957 339 1012 ad
359 955 508 1008 libertatem
529 951 660 1022 pertinere
677 967 732 1006 aon
755 949 873 1020 possint,
899 949 969 1004 idem
987 949 1038 1004 erit
1087 949 1119 998 ut
1142 949 1219 1024 qogat
1241 945 1392 1000 libertatem
1416 947 1555 1014 praestari,
1580 945 1632 1000 nisi
1658 947 1682 1000 si
1707 945 1770 1016 qmd
1792 943 1848 1000 tale
1871 943 1900 1000 hi

253 1025 380 1082 dcendum:
410 1027 437 1076 et
459 1021 482 1074 si
504 1021 564 1090 ipsa
585 1021 671 1074 libera
693 1033 752 1074 esse
780 1035 835 1074 nou
860 1019 960 1088 possit,
990 1017 1038 1072 filii
1088 1029 1156 1070 seru
1172 1013 1335 1080 admiserint,
1353 1019 1384 1068 ut
1400 1015 1501 1084 indigui
1520 1015 1579 1082 sint,
1615 1031 1651 1070 uc
1665 1015 1817 1070 libertatem
1835 1029 1899 1070 con-

253 1103 321 1148 nucu
336 1091 389 1142 eius
407 1089 560 1158 pervenient
577 1087 612 1140 ad
629 1087 789 1144 libertatem.
824 1103 887 1142 narn
903 1087 971 1144 haec
989 1087 1037 1140 ad·
1088 1087 1247 1152 sequantur,
1271 1083 1422 1138 nemetiam
1439 1087 1470 1138 ut
1490 1083 1590 1138 taliao
1622 1083 1664 1138 cia
1681 1085 1715 1138 ab
1732 1085 1774 1142 his
1792 1083 1899 1154 exigan-

252 1161 312 1216 lectio
332 1161 397 1210 ‘cum
418 1155 487 1210 filiis’
511 1173 564 1210 nou
587 1155 654 1210 facit
677 1155 873 1224 condicionem,
897 1157 950 1212 nisi
973 1155 1038 1210 mihi
1088 1159 1140 1218 tur,
1157 1169 1206 1222 pro
1225 1151 1322 1222 quibus
1339 1153 1489 1206 libertatem
1506 1153 1602 1208 mereri
1618 1153 1724 1208 debent.
1760 1153 1899 1210 arbitrium

252 1241 363 1298 proponas
390 1225 470 1276 aliam
498 1225 658 1278 sententiam
683 1225 820 1280 testatoris
848 1225 942 1280 fuisse:
971 1231 1037 1280 tunc
1087 1229 1176 1276 tamen
1194 1223 1250 1276 eius
1268 1219 1319 1276 erit
1336 1221 1382 1290 qui
1399 1227 1506 1290 rogatus
1524 1221 1574 1288 sit,
1598 1239 1650 1306 quo
1670 1227 1791 1294 tempore
1809 1227 1899 1294 quem-

253 1295 305 1348 enim
323 1307 368 1360 pro
391 1291 546 1348 condicione
569 1299 648 1348 erunt
678 1295 744 1348 haec
765 1293 848 1348 uerba
870 1293 1034 1366 accipienda.
1088 1309 1140 1362 que
1157 1291 1219 1346 velit
1235 1291 1429 1356 manumittere,
1446 1291 1485 1346 ιιι
1502 1297 1539 1358 ιι,
1558 1291 1581 1348 ei
1594 1309 1668 1348 ιιιιι
1683 1309 1738 1360 ιιι
1754 1293 1900 1348 manumm-

254 1359 407 1414 coudiciouem
430 1365 519 1414 autem
542 1375 597 1414 non
626 1361 717 1416 facere
744 1369 899 1432 argumento
924 1369 966 1420 est
992 1365 1037 1420 et2
1088 1363 1173 1430 sisset,
1191 1361 1269 1414 heres
1287 1359 1344 1414 eius
1363 1361 1452 1414 statim
1466 1359 1616 1432 libertatern
1627 1367 1767 1430 praestare
1781 1367 1900 1432 cogatur.

253 1429 507 1504 cdotumpraetoris,
537 1445 588 1496 quo
618 1429 658 1482 ιιι
685 1435 795 1484 ιιιιιιι
822 1435 948 1486 ιιιιιιιιι
976 1449 1037 1486 cum
1122 1427 1160 1488 21
1180 1429 1337 1484 Icemlibrc
1353 1435 1450 1498 quarto
1482 1431 1650 1484 ernestionem
1676 1431 1802 1500 Stichus,
1820 1433 1899 1486 immo

252 1495 329 1572 ‘libem
349 1509 375 1574 m
395 1495 591 1574 possessionem
615 1511 675 1552 esse
697 1499 816 1554 iubebo':
845 1499 934 1568 placet
957 1501 1035 1564 enim,
1088 1499 1252 1570 ‘Pamphilus
1269 1497 1338 1552 liber
1355 1499 1430 1552 esto’.
1464 1443 1633 1566 iamphilum
1650 1497 1762 1574 liberum
1779 1501 1900 1554 futurum

251 1567 289 1616 otu
305 1559 364 1638 uulh
383 1561 477 1642 libem.³
500 1563 565 1630 sint,
589 1571 707 1620 ventrem
730 1573 819 1624 tamen
842 1583 876 1624 er
897 1569 984 1626 edicto
1008 1571 1035 1624 in
1088 1569 1239 1638 respondit:
1275 1565 1469 1636 quodammodo
1502 1567 1570 1620 enim
1600 1567 1754 1626 emendasse
1783 1585 1900 1624 errorem

251 1641 418 1700 possessorem
435 1631 600 1686 mittendum.
1088 1653 1166 1692 sunm
1188 1641 1352 1692 testatorem.
1386 1635 1507 1704 idemque
1529 1633 1595 1690 iuris
1618 1635 1677 1690 iore
1699 1637 1792 1702 etiarn,
1817 1639 1841 1694 si
1862 1633 1901 1692 ιιι

278 1693 307 1750 tt
321 1695 396 1774 loen
413 1699 482 1776 libre
500 1701 825 1776 octaoodisputationum
860 1705 927 1760 Oum
944 1723 1035 1762 sersus
1087 1707 1215 1774 scriptum
1232 1705 1326 1760 fuerit:
1346 1703 1461 1758 ‘Stichus
1479 1703 1546 1756 liber
1562 1709 1629 1772 esto,
1647 1705 1726 1760 immo
1744 1705 1900 1776 Pamphilus

252 1759 378 1840 purelrber
400 1765 526 1844 scribitur
543 1769 664 1822 etheree
682 1771 732 1822 sub
751 1771 921 1840 condicione,
947 1775 1037 1842 placet
1086 1775 1153 1828 liber
1170 1775 1245 1828 esto’.

253 1827 364 1882 deficiente
381 1831 535 1914 condicione
552 1835 651 1890 habere
669 1851 730 1890 eum
747 1837 906 1894 libertatem.
1121 1839 1161 1898 22
1179 1841 1260 1894 Inna
1280 1841 1348 1896 libro
1369 1855 1440 1892 nono
1459 1841 1643 1908 quaestionum
1678 1839 1729 1906 Qui
1749 1839 1834 1894 filium
1850 1841 1899 1894 im-

277 1893 306 1978 15
321 1895 458 1952 lucrinus
472 1897 540 1954 labro
559 1903 597 1956 tri
614 1905 714 1958 cnsimo
731 1909 849 1960 secundo
872 1909 1035 1978 digestorum
1086 1911 1214 1978 puberem
1231 1909 1357 1964 heredem
1373 1907 1501 1974 instituit,
1526 1907 1646 1960 Stichum
1667 1909 1771 1960 ιιιιοιιι
1788 1911 1899 1976 argenti,

253 1963 357 2044 ‘Statum
373 1965 528 2034 Sempronio
546 1969 583 2046 ιιι
594 1919 666 2050 iege.
686 1971 717 2050 'si
734 1971 907 2054 Sempronius
917 1975 1036 2030 Stichum
1088 1979 1160 2044 quod
1177 1979 1226 2032 sub
1247 1993 1312 2030 crrra
1329 1977 1385 2030 ιιιι
1404 1979 1488 2040 ιιιιι,
1511 1975 1616 2028 reddita
1637 1975 1752 2030 liberum
1769 1991 1827 2030 esse
1844 1977 1899 2032 ius-

252 2037 311 2086 ‘rutra
329 2047 501 2114 anuum'non
524 2043 718 2104 manumiserrt,
743 2041 815 2096 rdem
838 2041 945 2096 Stichus
968 2043 1037 2098 liber
1088 2051 1172 2100 serat:
1197 2047 1219 2100 is
1244 2061 1335 2098 seruus
1353 2049 1430 2112 parte
1451 2045 1554 2110 argenti
1576 2042 1715 2098 subtracta
1732 2059 1794 2096 cum
1810 2047 1901 2098 tutore

253 2101 315 2154 ‘estut
352 2107 498 2180 quaesitum
526 2113 576 2170 est,
609 2107 673 2186 quid
702 2107 768 2162 iuris
790 2109 840 2164 sit.
881 2111 1036 2176 respoudit‘
1088 2113 1176 2176 divisit
1198 2119 1278 2180 atque
1297 2113 1335 2166 ita
1352 2119 1427 2166 tutor
1444 2111 1467 2164 ei
1484 2125 1576 2180 parem
1599 2111 1731 2164 rationem
1749 2111 1901 2178 adscripsit.

253 2173 290 2226 boc
303 2167 372 2246 mode
396 2171 520 2226 libertate
543 2173 606 2224 data
632 2179 663 2226 ‘sr
681 2173 852 2242 Sempronius
871 2193 926 2230 nou
943 2193 1035 2230 manu·
1088 2181 1233 2248 consultus,
1252 2195 1287 2232 au
1304 2179 1410 2234 Stichus
1428 2179 1497 2232 liber
1515 2183 1598 2242 esset,
1615 2179 1753 2246 respondit
1769 2193 1824 2230 uon
1842 2193 1901 2230 esse

254 2237 349 2302 ιιιιιιι,
367 2237 473 2292 Stichus
489 2238 557 2294 liber
574 2241 641 2294 esto’
659 2239 856 2310 Sempronium,
874 2245 926 2296 nisi
943 2261 1036 2298 manu·
1088 2245 1212 2300 liberum:
1242 2263 1305 2300 nam
1332 2247 1404 2314 quod
1427 2247 1543 2314 alioquin
1568 2245 1687 2314 placeat,
1714 2245 1737 2298 si
1760 2245 1902 2298 statuliber

253 2305 345 2424 misem,t
352 2305 414 2358 nihil
428 2305 493 2360 iuris
509 2307 537 2360 in
553 2307 673 2362 Stichum
686 2309 848 2374 habiturum,
864 2311 911 2364 sed
924 2311 1037 2366 liberum

253 2389 296 2428 eum
320 2389 428 2426 curum.

278 2435 307 2496 lt
326 2437 399 2494 IDEM
421 2441 489 2494 libro
517 2443 672 2512 trigessimo
700 2449 780 2496 secato
808 2443 973 2512 digestorum
1009 2443 1038 2496 Si

253 2513 279 2566 ita
294 2507 410 2576 scriptum
433 2509 528 2562 fuerit:
559 2515 629 2564 ‘cum
653 2509 739 2564 Titius
770 2525 901 2564 annorum
929 2511 1038 2578 triginta

253 2577 306 2640 erit,
326 2575 427 2630 Stichus
449 2577 518 2630 liber
541 2581 597 2632 esto
622 2575 699 2644 eique
725 2575 803 2632 heres
826 2593 902 2632 meus
923 2575 1051 2630 fundum·

252 2645 312 2700 ‘dato’
332 2649 357 2698 et
378 2643 479 2710 Titius,
506 2647 651 2710 antequam
674 2641 709 2696 ad
732 2657 833 2698 annum
855 2645 1036 2712 trigensimum

265 2713 386 2776 eueniret,
404 2711 561 2776 decesserit,
580 2711 671 2764 Sticho
689 2711 799 2764 libertas
819 2717 966 2778 competet,
990 2711 1037 2764 sed

252 2733 342 2852 iratum
357 2795 409 2834 non
426 2779 574 2834 debebitur.
606 2793 669 2832 nam
686 2777 777 2832 farore
794 2777 925 2832 libertatis
944 2795 1036 2848 recep-

252 2859 292 2908 tum
305 2857 348 2914 est,
364 2853 394 2902 ut
410 2853 515 2902 mortuo
527 2845 598 2902 Titio
615 2851 720 2914 tempus
739 2861 880 2914 superesse
893 2845 1035 2912 videretur,

253 2935 289 2990 quo
302 2917 401 2986 impleto
418 2917 530 2970 libertas
545 2915 720 2982 contingeret:
739 2913 812 2968 circa
829 2915 946 2982 legatum
964 2913 1011 2968 dei
1025 2943 1035 2952 -

253 2989 302 3044 cisse
317 2983 429 3040 condicio
447 2983 505 3038 visa
523 2989 571 3036 est.

277 3051 322 3112 lli
342 3055 417 3106 lnam
440 3049 508 3106 libro
531 3049 759 3168 quadraleeusimo
773 3045 897 3126 'secundo
921 3045 1036 3116 digesto-

253 3141 294 3178 ιιι
323 3121 456 3184 libertas,
482 3133 550 3185 quae
570 3117 599 3170 in
616 3133 634 3168 ιι
646 3123 738 3168 tamum
755 3121 825 3170 vitae
847 3119 953 3182 tempus
971 3129 1035 3168 ocn-

253 3193 327 3256 lertur,
354 3187 433 3242 veluti
460 3185 575 3238 ‘Stichus
607 3199 668 3238 cum
692 3183 834 3250 moriatur,
866 3181 934 3234 liber
959 3181 1035 3244 estc',

253 3259 327 3312 nolim
343 3253 465 3310 momenti
483 3251 658 3306 existimanda
676 3253 726 3304 est.
752 3251 827 3304 Haec
844 3255 933 3304 autem
950 3249 1035 3316 scrip-

253 3333 297 3380 tura
309 3325 415 3382 ‘Stichus
431 3323 453 3376 si
467 3319 628 3388 Capitolium
641 3337 697 3374 uon
712 3317 869 3382 ascenderit,
887 3319 954 3372 liber
968 3317 1035 3370 esto’

253 3397 279 3448 ita
296 3391 439 3460 accipienda
458 3393 499 3442 est
521 3387 553 3442 ‘si
570 3403 631 3442 cum
648 3387 762 3456 primum
779 3385 909 3456 potuerit,
928 3385 1035 3454 (lapito-

254 3463 307 3514 lium
327 3477 378 3514 nou
404 3457 573 3514 ascenderit:
605 3455 657 3508 isto
689 3455 759 3508 enim
788 3453 868 3508 modo
900 3453 1036 3522 perveniet

253 3529 335 3582 Stichus
356 3527 388 3580 ad
409 3527 572 3590 libertatem,
597 3523 620 3578 si
643 3522 772 3578 facultate
791 3523 854 3576 data
875 3521 1036 3576 ascendendi

255 3601 261 3646 l
289 3595 434 3664 Capitolium
448 3591 615 3648 abstinuerit.
643 3591 720 3644 Hac‘
735 3593 870 3660 scriptura
883 3589 1035 3644 testament'

254 3663 387 3730 ‘Pamphilus
412 3663 480 3716 liber
505 3667 577 3724 esto,
608 3661 646 3712 ita
671 3663 703 3712 ut
727 3657 789 3714 filiis
814 3659 879 3712 meis
905 3659 1035 3712 rationem

254 3731 339 3784 ‘reddat'
362 3745 395 3784 an
417 3731 468 3784 sub
493 3727 648 3782 condicione
675 3727 786 3782 libertas
809 3727 872 3782 data
893 3727 1035 3792 videretur,

254 3799 374 3864 quaesitum
395 3803 443 3850 est.
479 3797 605 3864 respondi
626 3811 693 3864 pure
717 3795 822 3864 qrridem
845 3795 936 3850 datam
955 3797 1035 3850 liber-

254 3871 315 3916 tatem
335 3871 359 3918 et
380 3865 451 3918 illam
473 3863 648 3918 adiectionem
671 3863 718 3916 ‘ita
740 3869 772 3918 ut
793 3865 911 3918 rationes
932 3865 1035 3918 reddat’

254 3931 408 3986 condicionem
425 3931 543 3986 libertati
560 3947 614 3986 uon
632 3931 742 3986 inicere:
766 3937 855 3986 tamen
873 3931 935 4002 quia
951 3933 1036 3986 mani-

254 3997 305 4052 festa
319 4001 434 4052 uoluntas
452 3999 576 4054 testantis
594 3999 794 4068 exprimeretur,
813 3999 959 4070 cogendum
975 4017 1035 4054 cunr

254 4067 264 4114 ι
290 4067 318 4118 ιιι
339 4067 451 4120 rationes
476 4067 636 4120 reddendas.
676 4067 742 4120 Post
773 4085 858 4124 anuos
884 4069 1035 4124 indistincte

254 4129 303 4184 liter
317 4147 369 4186 esse
385 4135 473 4186 iussus
495 4139 558 4202 post
583 4135 718 4188 biennium
734 4135 802 4192 liber
825 4137 888 4192 erit:
911 4137 992 4206 idque
1009 4143 1035 4192 ιι

227 4209 228 4218 ³
254 4195 310 4252 favor
330 4201 455 4254 libertatis
481 4201 574 4270 exigit,
598 4207 626 4254 et
648 4203 729 4256 verba
752 4205 921 4272 patiunturiz
945 4205 996 4258 nisi
1013 4207 1036 4258 si

227 4275 228 4314 ξ
254 4265 309 4318 aliud
323 4267 429 4322 sensisse
464 4273 549 4322 atrem
562 4269 677 4324 familias
692 4271 912 4328 manifestissimis
927 4273 1035 4326 radoni-

227 4347 228 4376 ι
254 4329 291 4384 ιιι
304 4333 331 4398 is,
347 4351 363 4388 ι
379 4351 429 4402 quo
443 4285 558 4390 iibertas
575 4339 669 4392 relicta
686 4345 739 4404 est,
757 4341 916 4408 probaverit.

280 4395 309 4456 18
325 4401 398 4454 forn
413 4405 479 4456 libro
497 4405 614 4458 secundo
632 4407 670 4460 ari
692 4405 810 4462 Urseium
827 4411 956 4464 Ferocem
986 4409 1037 4476 Qut

254 4465 304 4520 duos
318 4467 421 4546 heredes
437 4471 609 4534 instituebat,
634 4477 696 4542 post
717 4475 827 4530 alterius
849 4483 962 4532 mortem
979 4491 1034 4532 ser-

253 4549 299 4584 rum
312 4535 415 4588 liberum
430 4553 488 4590 esse
505 4539 632 4592 iusserat:
649 4539 672 4594 is
690 4555 723 4594 ex
737 4543 813 4596 cuius
829 4549 913 4598 morte
926 4545 1035 4598 libertas

226 4609 228 4654 l
254 4599 767 4728 pengietbeatfibveirvlclsmtegtgffldeclelsggrat.
795 4609 909 4730 {ciebimus
923 4627 1034 4678 respon-

228 4699 229 4702 *
611 4713 617 4726 .
711 4691 726 4728 c
749 4693 801 4730 con
830 4693 869 4732 cro
902 4695 963 4732 cum
978 4693 1034 4732 mc·

228 4745 230 4768 ³
254 4733 383 4814 {simliter
399 4739 464 4792 esto’
482 4741 551 4794 ιιιιι
567 4745 672 4810 tempus
691 4743 875 4812 complectitur
892 4745 1034 4798 etidcirco

253 4801 331 4880 uutdm
348 4819 402 4858 esse
418 4807 529 4860 videtur.
565 4809 612 4860 sed
629 4809 723 4862 melius
741 4815 783 4864 est
798 4813 880 4866 verba
896 4813 1035 4878 benignius

254 4873 407 4948 suspectari,
428 4881 459 4926 ut
476 4879 538 4942 post
555 4879 667 4928 mortem
690 4889 767 4928 suam
783 4875 906 4930 videatur
923 4883 1035 4932 testator

228 4978 231 4992 ‚
254 4939 264 4988 ι
290 4951 311 4990 ιι
323 4937 465 4994 libertatem
479 4941 627 5008 reliquisse.
653 4939 707 4994 Sed
719 4943 803 4996 multo
817 4943 900 5010 magis
911 4943 979 4996 hacc
992 4945 1035 4996 ‘ad

254 5009 339 5058 ‘annum
353 5007 417 5060 liber
434 5009 499 5062 esto’
518 5009 559 5062 ιιι
575 5007 614 5060 ita
632 5005 718 5074 accipi
734 5013 824 5076 potest
841 5011 910 5076 ‘post
927 5025 1034 5074 aunum,

253 5077 322 5142 ‘quam
336 5075 437 5142 moriar,
455 5077 522 5130 liber
540 5075 606 5130 esto'
624 5079 658 5140 et,
676 5075 739 5128 licet
755 5077 807 5128 ιιι
824 5075 903 5128 modo
917 5077 1033 5142 accipia-

230 5163 231 5166 ¹
252 5147 285 5196 tur
297 5143 358 5208 post
374 5157 478 5210 annum,
497 5157 578 5212 quam
594 5143 646 5196 hoc
660 5145 848 5194 testamentum
861 5141 963 5196 factum
977 5141 1034 5204 erit,

230 5211 231 5224 ²
253 5209 310 5264 ‘liber
324 5211 393 5276 estc’,
411 5211 434 5264 si
451 5209 581 5272 evenerit,
605 5213 636 5262 ut
653 5207 725 5260 intra
741 5221 841 5260 annum
858 5209 972 5260 testator
989 5205 1033 5260 de-

253 5275 329 5336 cusu
352 5277 447 5332 inutilis
466 5283 520 5332 uon
537 5275 595 5330 erit.

232 5375 235 5400 ;
280 5341 310 5404 19
325 5317 399 5398 lora
419 5347 486 5400 libro
509 5345 587 5398 tertio
610 5341 647 5396 ad
668 5339 787 5396 Urseium
810 5341 937 5392 Ferocem
971 5337 1034 5404 Qui-
1080 5393 1084 5404 „

233 5469 234 5472 ,
253 5415 300 5472 ιιι
319 5413 436 5468 heredem
458 5427 536 5466 suum
552 5413 699 5476 rogaverat,
722 5411 754 5462 ut
771 5421 877 5464 servum
893 5409 1034 5458 manumit-

1087 2313 1227 2380 pecuniam
1241 2313 1305 2368 dare
1322 2313 1412 2368 iussus
1429 2313 1514 2368 tutori
1531 2313 1576 2366 det
1589 2311 1696 2380 velper
1709 2317 1826 2364 tutorem
1838 2317 1900 2374 stet,

1088 2395 1140 2446 quo
1166 2381 1254 2434 minus
1278 2379 1428 2434 condicioni
1450 2385 1591 2450 pareatur,
1621 2379 1759 2446 pervenire
1783 2377 1901 2432 eumad

1086 2445 1250 2510 libertatem,
1276 2449 1316 2500 ita
1338 2447 1534 2516 accipiendum,
1559 2451 1590 2500 ut
1612 2447 1683 2500 bona
1706 2443 1759 2498 fide
1783 2449 1809 2498 et
1833 2443 1901 2498 citra

1088 2511 1208 2566 fraudem
1232 2515 1381 2570 statuliberi
1409 2519 1435 2566 ιι
1463 2515 1560 2566 tutoris
1583 2513 1611 2566 id
1640 2513 1701 2578 fiat,
1730 2513 1801 2566 sicut
1823 2515 1850 2564 et
1871 2511 1901 2564 in

1088 2577 1290 2632 alienationibus
1309 2595 1398 2632 rerum
1415 2581 1587 2650 pupillarium
1604 2583 1734 2634 seruatur.
1765 2579 1857 2644 itaque
1874 2583 1901 2630 et

1088 2647 1110 2698 si
1136 2645 1263 2698 offerente
1290 2647 1446 2700 statulibero
1469 2647 1611 2716 pecuniam
1633 2651 1707 2700 tutor
1729 2647 1758 2698 in
1778 2645 1900 2698 cauden

1087 2711 1182 2780 pupilli
1204 2713 1326 2780 accipere
1350 2713 1431 2778 nolit,
1457 2713 1605 2768 usualiter
1628 2713 1779 2766 libertatem
1797 2713 1900 2766 ιιιιιιι-

1087 2793 1164 2846 gere,
1188 2795 1267 2846 quam
1291 2779 1314 2832 si
1336 2795 1428 2836 servus
1451 2779 1545 2834 fraude
1568 2785 1667 2834 careat.
1705 2779 1851 2848 cademque
1875 2785 1902 2832 ιι

1088 2847 1122 2898 de
1139 2849 1263 2900 curatore
1280 2845 1401 2900 dicenda.
1436 2847 1500 2902 item
1522 2847 1671 2916 quaesitum
1694 2853 1746 2914 est,
1770 2847 1902 2914 rationem

1088 2913 1191 2980 argenti
1208 2913 1320 2968 reddere
1336 2915 1426 2968 iussus
1442 2915 1470 2968 in
1506 2929 1566 2968 uem
1583 2915 1692 2970 modum
1708 2913 1900 2982 intellegendus

1088 2981 1122 3034 sit
1140 2979 1292 3034 corrdioioni
1313 2981 1449 3048 paruisse,
1471 2931 1505 3036 iril
1516 2987 1557 3036 cst
1575 2995 1623 3046 an,
1648 2983 1671 3034 si
1689 2981 1820 3048 quasdam
1836 2995 1902 3036 vasa

1087 3047 1144 3102 sine
1163 3047 1242 3118 culpa
1259 3047 1317 3100 eius
1334 3049 1461 3114 perierint
1486 3053 1567 3116 atque
1588 3049 1627 3102 ita
1648 3049 1750 3116 reliqua
1771 3063 1837 3102 vasa
1853 3047 1901 3102 he·

1087 3115 1145 3166 redi
1162 3115 1233 3168 bona
1250 3113 1303 3166 fidc
1321 3113 1512 3182 adsignaverit,
1535 3115 1672 3184 perveniat
1689 3115 1725 3168 ad
1741 3115 1900 3170 libertatern.

1087 3181 1224 3250 respondit
1238 3185 1438 3248 perventurum:
1456 3197 1519 3234 nam
1535 3181 1668 3246 sufficere,
1686 3181 1710 3236 si
1724 3197 1757 3234 er
1770 3197 1856 3250 aequo
1875 3187 1902 3234 st

1087 3251 1158 3304 bono
1175 3249 1306 3304 radonem
1322 3247 1429 3302 reddat:
1448 3247 1560 3318 denique
1578 3265 1657 3316 quam
1673 3249 1805 3304 rationem
1814 3251 1901 3304 bonus

1087 3325 1163 3386 pater
1180 3317 1295 3370 familias
1312 3317 1455 3384 reciperet,
1479 3331 1512 3370 ea
1529 3317 1620 3370 heredi
1643 3317 1749 3372 reddita
1764 3317 1901 3388 impletam

1088 3385 1269 3440 condicionem
1286 3383 1376 3436 videri.

1121 3451 1160 3510 23
1178 3453 1357 3508 Marcianus
1377 3451 1446 3514 libro
1465 3451 1557 3522 primo
1574 3451 1770 3508 institutionum
1805 3451 1900 3508 Testa·

1086 3529 1176 3576 mento
1193 3521 1372 3574 manumissus
1390 3521 1429 3574 ita
1446 3518 1551 3574 demum
1567 3517 1599 3572 fit
1613 3519 1696 3586 liber,
1715 3521 1739 3574 si
1755 3525 1899 3576 testamen-

1087 3595 1144 3642 tum
1167 3589 1257 3644 ualeat
1273 3595 1300 3644 et
1318 3605 1352 3644 ex
1374 3603 1406 3642 co
1424 3587 1498 3650 adita
1516 3589 1550 3642 sit
1566 3587 1714 3654 hereditas,
1741 3589 1783 3644 vel
1801 3589 1900 3660 siquis

1088 3659 1187 3712 omissa
1205 3673 1287 3712 causa
1304 3655 1457 3712 testamenti
1474 3655 1509 3712 ab
1526 3655 1653 3712 intestato
1671 3657 1809 3726 possideat
1823 3659 1899 3714 here-

1089 3733 1100 3780 t
1137 3725 1257 3782 ditatam.
1293 3725 1463 3782 Testamenta
1481 3725 1545 3778 data
1561 3725 1671 3780 libertas
1688 3727 1816 3794 competit
1832 3741 1900 3796 pure

1088 3793 1192 3864 quidem
1210 3795 1273 3850 data
1291 3793 1395 3860 statim,
1418 3809 1497 3862 quam
1516 3793 1589 3848 adita
1608 3793 1689 3860 fuerit
1706 3793 1840 3851 hereditas
1858 3795 1899 3850 vel

1087 3865 1121 3916 ab
1139 3879 1192 3918 uuo
1207 3879 1240 3918 ex
1257 3863 1416 3918 heredibus:
1434 3861 1503 3918 siin
1520 3863 1588 3916 diem
1603 3869 1692 3918 autem
1709 3865 1819 3920 libertas
1836 3865 1902 3920 data

1088 3937 1128 3986 est
1144 3933 1186 3986 rel
1203 3933 1253 3986 sub
1272 3931 1442 3996 condicione,
1465 3937 1530 3986 tunc
1549 3931 1674 4002 competit
1691 3931 1815 3998 libertas,
1839 3937 1898 3988 cum

1088 4001 1143 4054 dies
1160 4003 1261 4054 venerit
1277 4003 1319 4056 vel
1337 3999 1458 4056 condicio
1476 3999 1601 4054 extiterit.
1717 4043 1719 4052 ,
1801 4063 1802 4066 Ἴ

1121 4065 1161 4126 24
1182 4067 1273 4124 Gerus
1294 4071 1362 4126 libro
1381 4071 1475 4138 primo
1498 4085 1589 4122 rerum
1611 4069 1821 4124 cottidianarum
1843 4069 1899 4122 siue

1088 4153 1230 4190 aureorum
1264 4135 1428 4192 Nominatim
1443 4135 1567 4192 videntur
1583 4135 1660 4192 liberi
1678 4151 1736 4192 esse
1752 4135 1831 4204 iussi,
1854 4135 1900 4204 qui

1087 4205 1128 4258 vel
1151 4219 1183 4258 ex
1209 4205 1322 4260 artificio
1349 4207 1390 4260 vel
1418 4203 1507 4260 officio
1531 4205 1573 4260 vel
1597 4205 1715 4274 quolibet
1743 4203 1796 4258 alio
1818 4205 1899 4258 modo

1088 4273 1220 4326 evidenter
1243 4273 1362 4330 denotati
1388 4279 1489 4340 essent,
1514 4273 1596 4330 veluti
1618 4273 1795 4342 ‘dispensator
1815 4271 1899 4326 meus’

1088 4341 1218 4462 :ffiuaiius
1246 4343 1329 4396 meue'
1358 4347 1447 4398 ‘cocus
1476 4343 1560 4396 meus’
1586 4339 1727 4410 ‘Pamphili
1751 4339 1821 4396 servi
1847 4339 1900 4394 mei

1133 4425 1184 4462 us.

1121 4473 1160 4532 25
1175 4477 1322 4532 Haereses
1335 4477 1403 4532 libro
1440 4481 1520 4530 carto
1536 4475 1692 4546 regularum
1716 4473 1897 4534 ,Testamenta

1085 4543 1154 4596 liber
1171 4559 1230 4598 esse
1245 4543 1335 4598 iussus
1352 4549 1409 4596 tum
1421 4495 1458 4596 it
1473 4543 1555 4608 liber,
1583 4559 1644 4596 cum
1661 4541 1734 4594 adita
1751 4541 1833 4594 fuerit
1850 4541 1896 4594 he-

1085 4609 1185 4664 reditas
1202 4611 1322 4678 qualibet
1340 4615 1474 4680 exparte,
1493 4609 1611 4664 simodo
1630 4609 1664 4660 ab
1682 4621 1713 4662 eo
1731 4609 1825 4674 gratim
1843 4623 1896 4676 quo

1085 4677 1154 4730 liber
1170 4691 1230 4732 esse
1245 4675 1335 4732 iussus
1349 4683 1397 4746 est,
1415 4677 1488 4732 adita
1505 4675 1586 4730 fuerit
1602 4681 1629 4730 et
1646 4689 1714 4744 pure
1731 4673 1791 4742 quis
1802 4689 1896 4728 manu·

1085 4745 1182 4798 missus
1199 4745 1242 4798 sit.

1120 4807 1160 4868 26
1178 4811 1355 4864 Marcianas
1368 4811 1436 4864 libro
1445 4813 1542 4890 primo
1556 4807 1712 4888 reputarem
1737 4807 1821 4864 Divus
1829 4809 1895 4864 Pius

1086 4883 1113 4932 et
1130 4877 1184 4930 divi
1199 4877 1296 4930 iratres
1313 4877 1496 4930 favorabilrter
1511 4883 1716 4942 rescripserunt,
1739 4891 1800 4928 cum
1818 4891 1894 4930 servo

1087 4961 1148 4996 cum
1163 4943 1287 4996 libertate
1310 4943 1453 4996 substituto
1477 4943 1593 5008 legatum
1610 4945 1682 5006 erat,
1706 4941 1729 4996 si
1745 4941 1822 4996 heres
1839 4959 1896 4996 non

1087 5015 1163 5074 esset,
1182 5025 1236 5062 nou
1253 5009 1389 5076 adscripta
1405 5011 1542 5072 libertate,
1564 5007 1673 5074 perinde
1688 5007 1795 5074 haberi,
1814 5013 1895 5078 atque

1086 5077 1110 5130 si
1126 5075 1262 5144 adscripta
1279 5081 1350 5128 esset
1367 5077 1424 5140 ιι10
1439 5075 1558 5128 libertas.
1611 5131 1612 5134 Ἴ

1120 5139 1159 5198 27
1178 5143 1297 5196 Parnes
1312 5143 1380 5194 libro
1391 5143 1484 5210 primo
1502 5141 1540 5194 ad
1556 5139 1640 5210 lcpcm
1652 5139 1756 5196 Aeliam
1773 5143 1894 5198 Sentium

1087 5205 1137 5272 Qui
1153 5207 1289 5276 potuerint
1305 5203 1377 5272 apud
1392 5207 1531 5260 consilium
1542 5207 1751 5272 manumittendo
1766 5209 1801 5262 ad
1814 5209 1893 5262 liber-

1085 5279 1168 5326 tatem
1184 5271 1338 5342 perducere,
1355 5277 1470 5350 possunt
1481 5273 1561 5326 etiam
1577 5275 1758 5326 necessarium
1770 5275 1894 5328 heredem

1085 5339 1200 5418 facere,
1217 5343 1249 5418 ut
1273 5337 1340 5392 haec
1361 5353 1422 5404 rpsa
1450 5337 1596 5394 necessitas
1617 5339 1783 5410 probabilem
1810 5339 1895 5392 faciat

1085 5419 1325 5458 manumissmnam.

231 5500 232 5503 ¹
253 5487 314 5542 aret:
329 5479 426 5548 deinde,
443 5479 468 5534 si
480 5479 558 5534 heres
572 5493 634 5532 eum
647 5491 703 5530 non
714 5471 906 5536 manumiserit,
923 5471 1035 5526 liberum
1119 5467 1159 5526 28
1177 5469 1257 5524 loun
1271 5469 1339 5548 litrq
1353 5469 1489 5548 singulari
1500 5473 1533 5526 dc
1546 5473 1605 5528 iare
1619 5471 1804 5530 codicillorum
1831 5469 1892 5524 ‘Sti-

232 5563 236 5587 ⁵
253 5569 299 5612 eum
313 5567 366 5608 esse
381 5551 495 5604 iusserat
512 5547 587 5616 eique
603 5545 751 5614 legaverat:
769 5543 847 5596 heres
864 5553 926 5594 eum
941 5553 1034 5592 mauu·
1087 5537 1176 5602 ‘chus
1202 5537 1227 5590 si
1248 5535 1377 5592 codrcrllrs
1399 5551 1459 5590 eum
1480 5555 1536 5596 nou
1556 5545 1667 5596 vetusto
1689 5537 1803 5594 liberum
1825 5551 1893 5600 esse,

253 5731 276 5798 p)
290 5717 511 5792 alquleiquisscr.
590 5719 622 5780 (u
640 5715 666 5764 ιι
675 5711 770 5790 dela}
848 5709 881 5772 (a)
898 5701 1035 5768 hbeane-
1086 5701 1148 5782 ιιι.
1157 5713 1182 5754 sr
1187 5721 1230 5770 pr.
1239 5707 1263 5758 l.
1274 5717 1289 5758 r.
1301 5707 1447 5790 amdan,
1456 5719 1496 5776 t,1
1576 5713 1608 5776 (ι)
1627 5709 1725 5766 hasal*
1797 5705 1834 5784 (ι)Ι
1847 5719 1893 5770 po·

252 5789 483 5860 berifvt‚de15berig
497 5785 535 5838 ΡΞ
603 5783 636 5848 (ι)
653 5779 771 5846 respondi
782 5797 829 5830 aar.
896 5773 930 5838 (a)
949 5773 984 5824 ati
992 5787 1035 5836 Pr.
1085 5773 1221 5824 huntarF
1270 5775 1303 5838 (81
1320 5777 1458 5830 Siliilmlllt·
1516 5781 1548 5846 (9)
1567 5779 1704 5830 decedeiF
1751 5777 1794 5842 110)
1813 5789 1893 5830 elect·

235 5890 236 5893 ¹
1656 5863 1688 5916 ts
