4366 6258
249 379 478 430 ttssnssrnrrntrs

249 545 358 604 rationes
380 539 492 596 reddere
512 541 591 596 heres
614 539 765 594 libertatem
781 555 835 594 non
851 547 985 610 praestet,
1010 539 1048 594 di-

250 611 326 670 ceudo
354 625 399 664 eos
424 623 479 662 non
503 605 612 676 placere
638 607 702 670 sibi,
732 621 767 658 an
794 607 927 662 audienda
953 610 1049 662 csset¹.

249 675 379 748 respondit
395 691 450 728 non
465 675 655 742 spectandum,
679 673 749 742 quod
767 675 909 730 heredibus
928 675 1049 742 displice-

249 751 296 812 ret,
314 745 360 798 scd
377 743 404 796 id
422 743 493 810 quod
509 741 565 796 viro
583 743 654 796 bono
672 747 764 810 posset
779 743 900 810 placere,
921 749 952 796 ιιι
969 745 1049 796 liber·

250 825 261 874 5
293 817 373 866 tatem
397 817 602 864 conserantur.
638 809 723 862 Lucia
746 809 817 864 Titia
838 811 965 866 heredum
988 811 1051 864 fidei

249 879 384 946 commisit,
409 877 450 930 uti
471 827 639 946 Iqamphilam
662 877 785 932 ancillam
807 879 885 932 Seiae
906 895 966 932 curn
989 877 1050 932 dhis

248 953 297 1010 eius
311 945 469 1000 redimerent
483 949 510 998 et
524 945 748 1010 manumitterent,
764 951 790 1000 et
804 945 942 1008 inridicus,
958 947 1050 1014 quanti

248 1015 336 1084 singuli
358 1017 446 1066 esseut
461 1009 621 1076 redimendi,
644 1011 804 1066 aestimarit:
827 1013 914 1066 medio
931 1019 1050 1080 tempore

248 1081 392 1150 Pamphila,
422 1083 565 1146 autequam
587 1081 721 1148 ιιιιιιιιιι2
743 1081 908 1146 solveretur,
932 1081 1049 1148 peperit:

249 1165 351 1224 quaero,
372 1147 399 1200 id
417 1147 489 1216 quod
510 1153 603 1200 uatum
625 1153 668 1204 ιιι
689 1165 723 1202 ex
738 1147 879 1214 Pamphila
902 1153 992 1198 utrum
1016 1147 1050 1200 ad

248 1217 351 1278 heredes
368 1213 445 1270 Seiae
461 1229 498 1268 an
515 1215 567 1268 ιιι3
584 1215 711 1270 heredem
725 1215 810 1268 Titiae
827 1213 967 1280 pertineat.
993 1231 1049 1270 res-

248 1285 333 1360 pondit
348 1283 384 1348 id,
403 1283 475 1352 quod
493 1289 585 1336 natum
605 1289 645 1336 est
661 1279 855 1348 exPamphila,
873 1281 930 1336 eius
944 1281 1050 1350 quidem

248 1369 309 1418 csse,
332 1351 407 1404 errius
430 1363 462 1402 ca
479 1349 569 1404 lucrat
586 1357 651 1404 tunc
669 1365 730 1402 curu
766 1355 865 1402 areret:
888 1363 980 1402 verum
1003 1351 1051 1404 hc·

248 1421 336 1486 rodem,
353 1417 378 1474 si
395 1433 497 1470 moram
513 1417 733 1472 fideicommissae
746 1365 868 1470 {bertari
885 1415 957 1480 iecit,
979 1433 1050 1472 coru·

248 1485 390 1562 pellendum
410 1491 519 1554 partum
542 1501 648 1554 quoque
670 1483 705 1538 ad
725 1483 875 1538 libertatem
892 1485 1048 1552 perducere.

249 1567 261 1612 b
292 1555 392 1608 Lucius
410 1555 497 1608 Titius
514 1555 552 1606 ita
569 1557 728 1608 testamento
747 1553 829 1606 cavit:
854 1553 978 1608 ‘medicos
1001 1555 1050 1608 tihi

249 1623 402 1678 ‘commendo
426 1621 501 1676 illum
524 1629 552 1676 ct
573 1621 661 1676 illum:
690 1621 718 1674 in
739 1627 786 1674 tuo
809 1621 907 1676 iudicio
929 1621 993 1686 erit,
1020 1627 1051 1676 ιιι

249 1691 349 1746 ‘habeas
375 1691 461 1744 bonos
485 1690 596 1744 libertos
623 1695 649 1744 et
675 1687 801 1744 medicos.
842 1689 959 1758 quodsi
983 1693 1050 1758 egoi

249 1759 397 1814 ‘libertatem
419 1759 457 1812 ιιι
479 1757 626 1824 dedissem,
650 1757 749 1812 veritus
771 1771 843 1822 snm,
871 1757 942 1826 quod
965 1757 1051 1812 sorori

248 1835 324 1882 ‘neae
347 1825 499 1882 carissimae
521 1825 645 1880 iecerunt
667 1825 763 1880 medici
784 1825 852 1880 serri
874 1825 931 1882 cius
957 1843 1050 1880 manu-

248 1893 322 1948 missi
339 1895 374 1948 ab
392 1909 436 1960 ea,
459 1893 505 1974 qui
521 1895 619 1950 salario
637 1895 743 1962 expleto
760 1895 925 1964 reliquerunt
931 1895 951 1926 ι·
968 1897 1050 1948 cam’:

248 1975 348 2032 quaero,
366 1977 402 2014 an
418 1961 747 2016 fideicommissalibcrtas
762 1963 963 2030 suprascriptis
979 1977 1050 2016 com·

248 2033 330 2102 petere
347 2035 445 2098 potest.
479 2029 618 2098 respondit
640 2029 786 2086 secuudum
808 2045 840 2084 ea
862 2045 930 2098 quac
950 2045 1050 2098 propo-

248 2101 365 2152 nerentur
383 2113 437 2152 non
454 2099 639 2152 necessitatem
656 2097 798 2152 heredibus
815 2097 980 2166 impositam,
1004 2097 1051 2152 scd

249 2173 260 2218 ι
293 2165 431 2218 arbitrium
457 2167 625 2236 permissum.
665 2167 752 2220 Titius
776 2165 868 2220 Sticho
896 2181 971 2220 scrro
1001 2181 1050 2220 suo

248 2233 389 2290 libertatem
407 2233 487 2298 dedit,
506 2235 529 2288 si
546 2235 666 2288 rationes
683 2233 722 2288 sic
737 2233 870 2288 dederit⁵r
890 2249 998 2304 quaero,
1016 2249 1051 2286 an

248 2299 309 2354 ratio
330 2315 380 2368 per
401 2317 462 2356 eum
486 2307 561 2370 gesta
584 2301 623 2354 ita
646 2301 735 2370 putari
756 2299 865 2366 debeat,
893 2307 923 2354 ut
946 2301 1050 2366 damna,

248 2383 309 2438 quae
327 2383 391 2422 casn
410 2369 587 2438 contigerunt,
605 2369 640 2422 ad
659 2385 724 2424 onus
744 2371 905 2438 reliquorum
920 2385 974 2422 nou
989 2383 1050 2438 per-

248 2437 350 2490 ducant.
386 2437 543 2506 ιιιιιοιιιιιι6
566 2439 594 2492 iu
618 2437 736 2506 negotio,
761 2437 831 2504 quod
848 2437 985 2492 uoluntate
1003 2437 1050 2490 do·

1036 351 1099 424 627

1739 349 1973 412 mxc·

1102 555 1156 592 non
1172 537 1273 592 idcirco
1291 541 1389 594 liberos
1405 541 1480 606 iore,
1499 537 1570 608 quod
1586 541 1680 614 postea
1696 535 1812 614 raticnes
1829 535 1911 588 rchnt

1106 611 1134 658 13
1169 605 1290 658 reddere.
1319 609 1368 660 ‘Ab
1383 607 1525 662 heredibus
1539 607 1603 660 meis
1619 609 1681 674 pete
1694 601 1807 668 fiderque
1819 619 1911 658 eorum

1103 673 1256 738 ‘committa
1276 689 1336 726 cum
1354 673 1424 728 tilius
1442 691 1516 730 meus
1535 673 1647 730 sedecim
1661 685 1744 724 anuos
1757 669 1910 738 impleverit,

1103 739 1233 796 ‘Stichum
1256 741 1404 796 rationibus
1425 745 1536 798 redditis
1562 739 1773 798 manumittant’:
1803 755 1911 808 quaero,

1102 823 1137 862 au
1148 811 1168 842 ¹⁰
1190 809 1302 862 eundem
1324 823 1429 862 serrum
1451 817 1563 866 testator
1580 811 1608 864 in
1625 811 1695 866 diem
1712 821 1796 876 usquc
1812 807 1910 876 puber-

1102 877 1165 930 tatis
1183 877 1230 930 filii
1247 877 1290 930 sui
1307 883 1397 930 actum
1414 891 1493 944 agere
1509 877 1631 934 uoluerit.
1665 875 1803 946 respondit
1827 877 1911 928 maui-

1102 943 1200 998 festum
1218 959 1278 998 esse
1295 949 1450 998 testatorem
1468 945 1546 1000 huius
1565 961 1669 1016 quoque
1687 949 1763 1000 actus
1781 943 1911 998 rationem

1105 1017 1134 1064 14
1170 1027 1187 1064 ι
1211 1011 1302 1068 Sticho
1325 1011 1402 1066 reddi
1424 1011 1546 1066 voluisse.
1582 1013 1698 1070 ‘Stichus
1722 1027 1814 1070 servus
1836 1027 1911 1066 meus

1103 1079 1190 1133 ‘iubeo
1207 1085 1239 1132 ut
1256 1079 1302 1132 det
1317 1083 1437 1148 praestet
1454 1077 1524 1132 filiae
1543 1085 1569 1132 ct
1585 1083 1662 1136 uxori
1679 1097 1753 1138 meac
1769 1079 1911 1134 heredibus

1103 1147 1175 1202 ‘meis
1194 1147 1250 1200 sine
1268 1147 1322 1200 ulla
1341 1147 1523 1202 controversia
1539 1153 1581 1200 tot
1597 1163 1707 1204 aurcos:
1729 1157 1757 1204 et
1778 1155 1809 1204 ut
1824 1149 1912 1218 ipsum

1103 1213 1308 1280 ιιιιιιιιιιιιιιιιιιι,
1325 1213 1388 1268 fidei
1406 1229 1497 1268 eorum
1515 1215 1672 1270 committo’r
1697 1219 1845 1288 quaesitum
1863 1219 1911 1282 cst,

1103 1299 1164 1336 cnm
1187 1299 1255 1336 uxor
1276 1285 1311 1336 ab
1332 1281 1479 1336 hereditate
1501 1281 1670 1346 abstinuerit,
1694 1291 1784 1338 utrum
1808 1285 1912 1340 duobus

1103 1367 1138 1404 an
1160 1349 1231 1402 filiae
1253 1355 1390 1418 praestare
1416 1349 1521 1404 debeat.
1565 1351 1702 1418 respoudit
1729 1351 1814 1420 filiae,
1861 1353 1911 1406 uae

1102 1419 1179 1474 heres
1197 1433 1231 1472 cx
1248 1431 1308 1472 asse
1327 1417 1446 1472 extitisse
1464 1421 1667 1486 proponeretur,
1683 1433 1733 1486 pro
1747 1421 1832 1476 solido
1844 1369 1911 1474 dan-

1106 1493 1134 1540 15
1170 1486 1241 1541 dum.
1277 1485 1382 1540 Herede
1405 1485 1459 1540 filio
1484 1501 1533 1540 suo
1558 1501 1590 1538 ex
1611 1499 1671 1540 asse
1693 1485 1815 1542 instituto
1832 1489 1911 1542 liber·

1102 1559 1185 1610 tatem
1207 1553 1281 1608 dedit
1301 1555 1329 1608 in
1351 1555 1419 1608 hacc
1442 1555 1536 1608 rerba:
1568 1551 1723 1606 ‘December
1745 1555 1912 1626 dispensator

1103 1625 1194 1688 ιιιιιιιι,
1213 1621 1324 1676 Severus
1342 1621 1437 1676 vilicus
1455 1627 1483 1676 ct
1494 1621 1632 1674 Victorino
1648 1621 1726 1674 vilica
1741 1621 1830 1676 Severi
1849 1639 1912 1678 cou-

1103 1689 1257 1744 ‘tnberuahs
1275 1689 1303 1742 in
1320 1703 1406 1744 anuos
1424 1693 1486 1744 octo
1508 1687 1585 1744 liberi
1607 1693 1700 1744 sunto:
1725 1705 1791 1756 quos
1812 1691 1842 1744 in
1863 1689 1911 1744 mi-

1103 1759 1219 1812 ‘uisterio
1241 1757 1290 1810 filii
1310 1757 1362 1810 mei
1384 1771 1443 1810 esse
1466 1757 1550 1810 volo:
1565 1759 1619 1810 11ιι
1637 1761 1739 1822 autem,
1762 1755 1857 1812 Serere
1874 1757 1914 1810 fili

1103 1825 1255 1892 ‘carissima
1274 1831 1344 1894 peto,
1362 1825 1403 1878 uti
1414 1825 1589 1878 Decembrem
1603 1829 1630 1878 et
1641 1823 1767 1878 Severum
1779 1839 1911 1880 commcn-

1103 1895 1188 1948 ‘datos
1202 1895 1311 1956 habeas,
1330 1893 1426 1960 quihus
1437 1899 1604 1960 praesentem
1614 1891 1765 1946 libertatem
1777 1909 1832 1944 nou
1844 1893 1912 1956 dedi,

1104 1965 1143 2014 ‘ut
1160 1961 1257 2016 idonce
1273 1961 1419 2014 ministeria
1437 1961 1559 2026 haberes,
1577 1975 1643 2028 quos
1660 1975 1738 2028 spero
1753 1963 1779 2012 te
1793 1963 1820 2012 et
1833 1959 1911 2014 libcr-

1104 2031 1155 2084 ‘tos
1177 2029 1288 2084 idoncos
1309 2029 1481 2082 habiturum’.
1517 2043 1629 2098 quaero,
1653 2043 1715 2082 curu
1736 2041 1766 2080 co
1785 2031 1912 2094 tempore,

1103 2111 1155 2166 quo
1174 2095 1261 2152 Titius
1279 2101 1466 2166 testamentum
1484 2095 1613 2162 iaciebat,
1636 2095 1707 2150 filius
1731 2101 1810 2148 natus
1829 2111 1912 2150 anno·

1102 2179 1163 2218 rum
1183 2165 1272 2218 fuerat
1294 2181 1389 2218 noveru
1413 2171 1440 2218 et
1461 2165 1549 2220 Titius
1575 2169 1637 2236 post
1659 2163 1794 2218 biennium
1817 2167 1844 2218 ct
1866 2179 1913 2218 sex

1103 2247 1206 2286 menses
1229 2233 1385 2296 decesserit,
1408 2233 1472 2286 anui
1495 2237 1569 2298 octo,
1590 2233 1619 2286 in
1640 2247 1705 2302 quos
1727 2231 1837 2284 libertas
1856 2235 1914 2284 erat

1104 2299 1199 2366 dilata,
1223 2315 1256 2354 cx
1272 2301 1425 2356 testamenti
1442 2299 1508 2356 facti
1524 2305 1643 2368 tempore
1660 2315 1695 2354 an
1711 2313 1773 2354 vcro
1793 2313 1825 2352 cx
1841 2313 1912 2352 mor-

1102 2369 1137 2422 tis
1154 2369 1287 2422 numerari
1310 2367 1433 2424 debcant.
1467 2369 1604 2438 respoudit
1625 2383 1704 2438 posse
1726 2367 1809 2422 rideri
1829 2371 1912 2422 testa·

1102 2443 1188 2492 torem
1209 2451 1255 2492 cos
1280 2453 1363 2492 annos
1388 2443 1449 2494 octo
1471 2437 1569 2490 dilatae
1590 2435 1720 2492 libertatis
1739 2435 1912 2516 comprehcn-

1103 2505 1188 2572 disse,
1211 2505 1257 2572 qui
1280 2505 1453 2572 computandi
1476 2511 1539 2560 sunt
1562 2521 1578 2560 a
1600 2505 1642 2558 dic
1664 2509 1817 2560 testamentr
1838 2503 1912 2566 facti,

1106 2577 1136 2626 16
1172 2571 1224 2626 nisi
1234 2571 1308 2626 aliud
1317 2573 1625 2626 voluisse¹²tcstatorcm
1631 2571 1800 2652 probaretur.
1819 2571 1911 2640 ‘Spem

1104 2641 1262 2708 ‘dophorus,
1285 2655 1345 2694 cum
1362 2639 1418 2694 filia
1436 2647 1494 2694 mea
1511 2641 1539 2694 in
1556 2641 1656 2694 famiha
1673 2641 1806 2710 nupserit,
1826 2639 1851 2718 ei
1868 2655 1913 2692 ra-

1104 2709 1198 2762 ‘tiones
1221 2707 1315 2762 idonce
1338 2707 1409 2762 tiliae
1432 2723 1506 2762 meae
1534 2707 1730 2762 administratas
1758 2707 1912 2772 reddiderit,

1104 2775 1179 2830 ‘liber
1193 2777 1274 2830 csto’:
1292 2775 1347 2830 filia
1361 2791 1420 2830 cum
1433 2777 1521 2830 adhuc
1534 2779 1620 2844 pubes
1629 2777 1649 2808 ¹³
1666 2781 1743 2840 esset,
1763 2777 1821 2830 viro
1836 2781 1913 2844 patre

248 2857 294 2912 quo
335 2857 440 2912 quaque
461 2857 495 2896 cx
518 2845 618 2896 causa⁷
647 2843 753 2898 domino
782 2843 876 2898 debeat
905 2859 1051 2914 superesse.
1104 2845 1217 2898 decessit
1229 2851 1255 2898 et
1267 2861 1300 2898 ex
1310 2845 1500 2898 substitutione
1508 2845 1584 2898 Seius
1595 2845 1671 2900 heres
1685 2845 1783 2898 extitit:
1803 2859 1911 2922 quaero,

248 2909 379 2976 respondit
405 2911 434 2962 in
461 2925 494 2964 ca
519 2911 621 2980 specie,
649 2911 682 2964 de
707 2927 759 2980 qua
803 2917 970 2978 caecaretur,
997 2927 1052 2966 non
1105 2929 1164 2966 curu
1179 2911 1386 2982 Spendophorus
1403 2913 1520 2968 rationes
1538 2911 1655 2980 pupillae
1672 2929 1726 2968 non
1744 2911 1911 2966 administra·

248 2977 338 3032 debere
366 2975 462 3030 deduci
489 2993 522 3032 er
542 2979 663 3048 peculio,
691 2979 762 3046 quod
785 2929 889 3032 domiuo
915 2981 1050 3034 debeatur.
1103 2979 1170 3034 verit
1192 2985 1218 3034 et
1241 2981 1298 3032 rivo
1319 2985 1397 3048 patre
1418 2979 1534 3034 familias
1559 2979 1665 3034 desierit
1687 2979 1770 3048 ipsius
1793 2979 1911 3034 rationes

249 3051 261 3098 9
292 3045 357 3098 item
375 3061 491 3112 quaero,
513 3061 561 3110 an,
586 3047 609 3100 ιι
630 3061 664 3100 ex
686 3047 794 3114 reliquis
818 3047 846 3100 in
862 3047 987 3116 peculio⁸
1003 3047 1051 3100 ali-
1103 3047 1288 3100 administrare
1306 3053 1344 3112 et,
1368 3049 1392 3102 si
1408 3049 1521 3112 vireret,
1541 3047 1612 3100 Titia
1628 3063 1712 3100 anuos
1727 3047 1839 3101 haberet
1856 3063 1912 3102 am·

248 3113 307 3182 quid
325 3113 492 3178 couverterit,
510 3113 606 3166 deduci
619 3113 671 3166 hoc
686 3115 835 3182 expeculio
853 3113 987 3168 reddendo
1006 3115 1052 3168 de·
1122 3115 1173 3166 lius
1191 3115 1341 3180 duodecim,
1359 3131 1395 3168 au
1413 3129 1446 3168 cx
1463 3121 1620 3170 testamento
1637 3115 1704 3168 liber
1721 3115 1765 3168 sit.
1801 3131 1843 3168 res
1864 3133 1911 3170 on-

248 3183 312 3236 bcat.
348 3181 498 3250 respoudit,
522 3181 546 3236 si
562 3181 604 3246 id,
628 3181 699 3250 quod
717 3197 749 3236 cx
767 3197 849 3236 causa
867 3197 936 3250 quae
952 3199 1050 3260 propo·
1103 3131 1155 3248 dir,
1180 3181 1203 3236 si
1224 3181 1311 3236 nullas
1332 3183 1449 3238 rationes
1466 3181 1689 3246 administrasset,
1712 3199 1779 3250 quas
1801 3183 1912 3238 redere

248 3255 350 3304 neretur
367 3249 395 3300 in
412 3249 546 3316 peculium
561 3265 667 3302 versum
685 3255 738 3316 est,
761 3249 924 3317 reliquorum
947 3265 1053 3304 nonune
1103 3247 1194 3304 heredi
1220 3249 1341 3314 deberet,
1371 3251 1518 3304 secundum
1546 3265 1578 3304 ea
1606 3265 1674 3318 quae
1699 3257 1913 3318 proponerentur

250 3317 392 3370 desolutum
410 3321 459 3382 est,
476 3315 534 3370 ficri
553 3317 618 3370 satis
636 3315 793 3380 condicioni,
812 3317 834 3370 si
851 3315 888 3378 id,
907 3317 1050 3384 quodreii·
1106 3321 1135 3368 ιι
1171 3317 1284 3370 liberum
1301 3331 1368 3370 csse.
1403 3317 1533 3370 ‘Stichum
1555 3317 1700 3370 rationibus
1723 3316 1833 3370 redditis
1855 3333 1911 3370 ma-

251 3389 277 3438 lb
312 3399 392 3452 quum
410 3387 451 3436 cst
485 3385 570 3450 ccnlii,
589 3383 715 3437 solvatur.
740 3385 904 3436 Libertatem
917 3385 956 3436 ita
969 3389 1051 3440 testa·
1105 3385 1218 3436 ‘numitti
1244 3385 1323 3440 rolo’.
1364 3383 1470 3438 Stichus
1500 3385 1619 3438 arcarius
1646 3385 1779 3454 probante
1806 3385 1911 3440 domiuo

249 3457 331 3508 mento
345 3451 432 3506 dedit:
451 3399 587 3528 ‘duptam
598 3467 702 3504 serrum
713 3467 809 3518 meum,
827 3467 887 3504 curu
898 3451 1053 3506 Marcianus
1103 3451 1210 3506 nomina
1226 3451 1292 3506 fecit
1309 3457 1336 3506 et
1352 3453 1470 3506 radoues
1488 3467 1504 3506 a
1522 3451 1626 3508 domino
1649 3451 1814 3520 subscriptas
1823 3453 1844 3484 ¹⁴
1867 3469 1911 3508 ex-

250 3521 321 3574 ιιιιιιιι
339 3535 413 3574 meus
431 3517 546 3572 sedecim
560 3535 644 3574 annos
659 3519 812 3588 impleverit,
830 3519 979 3576 redonibus
992 3521 1051 3574 red·
1103 3519 1178 3572 hibet
1193 3535 1243 3574 nec
1259 3523 1353 3588 postea
1376 3535 1473 3574 nomen
1495 3519 1608 3574 ιιιιιιιιι15
1628 3519 1706 3574 iecit:
1731 3535 1846 3588 quaero,
1868 3535 1911 3586 an,

250 3589 315 3644 ‘ditis
332 3589 445 3642 liberum
463 3601 520 3640 csse
537 3585 621 3640 rolo’:
644 3593 706 3656 post
727 3595 837 3640 mortem
854 3589 990 3642 testatoris
1009 3595 1052 3640 tu·
1103 3589 1127 3640 si
1145 3587 1189 3656 qui
1207 3587 1293 3640 miuus
1312 3587 1437 3650 solrcndo
1454 3587 1556 3640 fuerint
1576 3587 1722 3652 debitores,
1746 3589 1843 3656 quibus
1866 3589 1912 3642 alii

249 3663 315 3712 tores
334 3655 429 3724 Cupito
449 3655 615 3708 exactionem
632 3655 819 3708 commiserunt
835 3655 858 3710 is
877 3671 912 3710 uc
930 3671 1052 3710 nummos
1103 3661 1240 3710 exactores
1259 3661 1335 3708 erant
1351 3655 1478 3724 applicati
1488 3655 1516 3718 ¹⁶,
1540 3655 1656 3708 nondum
1678 3655 1800 3710 rideatur
1821 3655 1911 3710 condi-

249 3725 368 3778 rcdactos
389 3723 544 3790 expensarit
568 3723 666 3776 eisdem
686 3723 834 3776 tutoribus:
860 3673 956 3776 deinde
981 3721 1052 3778 filius
1103 3723 1173 3776 cioni
1190 3721 1364 3776 satisfactum.
1397 3721 1536 3790 respondit
1553 3721 1697 3776 secundum
1715 3737 1746 3776 ea
1780 3739 1831 3776 rrae
1848 3739 1910 3792 pro-

250 3793 364 3860 impuhes
382 3789 508 3854 decessit,
533 3791 577 3844 cui
594 3795 678 3844 mater
695 3791 772 3842 heres
791 3789 876 3844 extitit
894 3797 921 3844 et
937 3793 1053 3844 tutorem
1103 3795 1265 3858 ponerentur
1288 3805 1342 3842 uon
1364 3789 1498 3858 pertinere
1521 3789 1556 3844 ad
1573 3805 1639 3844 onus
1656 3739 1850 3844 reddendarum
1865 3805 1909 3844 ra-

250 3859 343 3914 tutclae
359 3857 458 3912 iudicio
475 3857 523 3910 filii
542 3859 746 3912 condemnatum
763 3857 870 3912 habuit:
890 3857 1001 3928 Cupitus
1017 3859 1052 3912 ad
1104 3859 1213 3920 donum,
1232 3857 1302 3924 quod
1320 3855 1445 3910 solvendo
1463 3871 1516 3910 nou
1535 3863 1622 3910 essent
1639 3855 1781 3910 debitores.

250 3927 393 3982 libertatem
417 3925 566 3994 proclamat
593 3941 624 3980 co
650 3935 782 3994 tempore,
809 3941 875 3994 quc,
905 3925 928 3980 ιι
953 3925 1052 3978 viveret
1139 3921 1178 3980 42
1205 3923 1380 3978 Mancrnrrus
1406 3925 1474 3978 libro
1505 3925 1617 3994 septimo
1633 3925 1911 3992 *fideicommissorum

250 3997 411 4060 Marcianus,
439 4009 522 4048 anuos
551 3993 666 4048 sedecim
691 3995 786 4048 aetatis
809 3993 950 4048 habiturus
974 3999 1051 4060 esset,
1103 3993 1253 4048 Antoninus
1262 3993 1398 4060 Augustus
1406 3991 1470 4046 Pius
1487 3999 1584 4058 noster,
1603 4007 1656 4060 quo
1673 3991 1785 4046 militum
1802 4007 1911 4048 suorum

251 4063 357 4120 offerens
384 4063 502 4118 rationes
527 4061 607 4116 unius
631 4063 693 4114 anui
715 4061 743 4114 in
764 4061 832 4114 diem
855 4063 947 4116 mortis
969 4065 1053 4114 testa·
1103 4075 1152 4130 per
1169 4059 1257 4114 omnia
1277 4065 1338 4112 rata
1361 4065 1431 4114 esset
1448 4059 1570 4114 voluutas
1587 4073 1725 4126 suprema,
1748 4075 1810 4114 cum
1827 4065 1854 4114 ct
1870 4061 1910 4114 in-

251 4135 324 4198 teris,
353 4129 424 4200 quod
446 4135 549 4184 ceterae
567 4129 735 4198 subscriptae
752 4129 868 4184 fuerunt.
905 4129 1053 4198 quaesitum
1103 4129 1212 4184 stitutus
1236 4133 1263 4180 ct
1284 4125 1444 4182 substitutus
1461 4127 1490 4180 in
1507 4127 1665 4192 continenti,
1680 4125 1836 4196 priusquam
1854 4129 1910 4182 adi·

251 4209 298 4268 cst,
321 4217 355 4254 an
377 4213 423 4252 eas
446 4213 549 4266 quoquc
566 4199 696 4264 rationes,
720 4213 786 4266 quas
809 4203 911 4252 totores
932 4197 1051 4268 periculo
1103 4201 1164 4250 rent
1179 4195 1360 4258 hereditatem,
1379 4195 1569 4260 decessissent,
1587 4209 1641 4258 cos,
1658 4195 1755 4264 quibus
1772 4195 1807 4250 ab
1825 4195 1866 4250 his
1885 4203 1911 4252 ct

251 4285 294 4324 suo
312 4273 435 4336 egerunt,
458 4267 569 4334 Cupitus
590 4267 700 4320 reddere
719 4267 840 4346 compelli
858 4267 960 4318 debeat.
996 4279 1052 4318 res·
1103 4265 1212 4318 libertas
1228 4271 1254 4316 ct
1268 4261 1401 4318 hereditas
1416 4279 1433 4316 a
1446 4263 1529 4318 milite
1543 4279 1591 4332 per
1602 4261 1833 4318 fideicommissum
1848 4263 1911 4318 data

251 4337 337 4402 pendit
355 4351 415 4390 cum
433 4333 465 4388 de
484 4351 536 4402 quo
554 4333 691 4402 quaeritur
704 4333 853 4388 condicioni
866 4333 978 4388 racionis
992 4333 1053 4386 red·
1103 4337 1186 4396 esset,
1212 4331 1320 4400 perinde
1343 4331 1445 4384 liberos
1468 4337 1495 4384 et
1517 4331 1626 4384 heredes
1649 4345 1708 4386 csse
1724 4331 1814 4398 iussit,
1838 4347 1870 4386 ac
1887 4333 1911 4386 si

251 4403 348 4458 dandae
371 4403 409 4456 ita
431 4401 514 4456 rideri
536 4401 673 4470 paruisse,
697 4401 719 4456 si
741 4403 837 4456 ourrre9
857 4417 891 4456 cx
914 4417 957 4468 eo,
983 4399 1053 4468 quod
1103 4405 1245 4468 utrumque
1267 4399 1367 4452 directo
1385 4399 1561 4466 accepissent.
1595 4413 1686 4454 eorum
1704 4405 1806 4464 autem,
1831 4399 1911 4468 quia

251 4471 338 4538 gessit,
356 4477 429 4524 recte
446 4469 591 4524 desiderari
607 4475 708 4540 potest,
726 4469 884 4524 reddiderit:
908 4483 969 4522 uam
986 4469 1052 4522 alte·
1103 4483 1208 4536 pagano
1226 4467 1373 4522 libertatem
1390 4471 1416 4520 ιι
1433 4467 1606 4522 hereditatem
1621 4483 1669 4536 per
1678 4465 1910 4522 fideicommisum

251 4555 303 4594 ram
321 4539 502 4594 condicionem
515 4537 672 4594 humaniore
684 4537 903 4606 interpretatione
914 4537 954 4590 ira
968 4537 1053 4606 accipi
1103 4541 1274 4604 acceperant,
1299 4551 1359 4588 curn
1376 4549 1459 4604 acque
1475 4535 1504 4588 in
1522 4535 1668 4592 continenti
1685 4541 1713 4590 et
1729 4535 1865 4590 institutus
1883 4539 1910 4586 et

251 4621 337 4672 posse,
365 4613 396 4660 ut
421 4605 546 4660 defuncto
575 4607 675 4676 pupilio
701 4611 818 4674 tempus,
847 4623 912 4676 quo,
939 4605 963 4660 si
983 4607 1052 4660 rire-
1104 4603 1264 4658 substitutus
1280 4603 1491 4670 decessissent¹⁷,
1505 4603 1909 4660 satishabuitlibertatcmcon·

252 4679 296 4740 ret,
315 4673 430 4730 sedecim
447 4687 531 4726 annos
548 4673 684 4742 impleret,
708 4681 863 4744 exspectare
881 4675 945 4728 satis
962 4673 1053 4726 fuerit.
1103 4671 1217 4726 firmare.
1867 4735 1868 4738 Ἰ

254 4745 278 4792 ιι
314 4741 430 4798 ‘Stichus
447 4747 475 4796 ct
491 4741 591 4794 Damas
615 4741 683 4796 servi
705 4741 769 4806 mei,
794 4743 816 4796 si
833 4741 949 4798 rabones
965 4741 1053 4796 reddi·
1139 4735 1178 4798 43
1197 4739 1315 4796 Plutus
1337 4739 1404 4794 ituro
1447 4743 1526 4794 uario
1544 4741 1581 4796 ud
1596 4739 1725 4796 Sabinum
1760 4735 1909 4792 Fideicorn·

253 4807 361 4878 ‘deritis‚
379 4809 457 4864 liberi
473 4809 580 4866 estotc':
608 4809 756 4880 quaesitum
773 4817 825 4876 ιιι,
845 4827 880 4864 an
897 4825 951 4864 non
968 4811 1053 4864 solum
1103 4807 1184 4888 missa
1209 4807 1319 4864 libertas
1340 4825 1395 4864 non
1422 4755 1535 4864 debetur
1555 4809 1591 4876 ei,
1613 4821 1691 4878 quem
1710 4811 1806 4876 postea
1827 4805 1911 4860 uinxit

252 4879 372 4944 rationes,
389 4895 480 4934 rerum
497 4879 520 4934 si
538 4893 591 4946 qua
608 4877 660 4932 alia
679 4879 789 4932 consilio
806 4885 833 4932 et
850 4879 944 4932 hande
962 4893 1053 4932 eorum
1104 4875 1233 4932 dominus.

253 4951 336 5000 amota
359 4951 435 5014 suut,
455 4947 588 5016 praestari
611 4947 645 4998 ab
666 4945 707 5000 his
726 4945 851 5012 debcant,
875 4953 906 5000 ιιι
923 4947 957 5000 ad
973 4945 1053 5000 libcr-
1139 4943 1177 5002 44
1196 4945 1364 5016 Postremus
1385 4945 1452 5002 libro
1475 4945 1587 5018 septimo
1603 4941 1641 4996 od
1656 4939 1785 4996 Sabinum
1819 4941 1861 5000 Dc
1877 4943 1909 5000 li·

252 5015 329 5068 tatem
350 5015 513 5082 perveniant.
548 5013 685 5084 respondit
706 5013 838 5068 rationum
859 5013 1053 5068 reddendarum
1103 5013 1207 5068 bertate
1228 5013 1470 5070 fideicommissaria
1490 5011 1653 5082 praestanda
1674 5025 1766 5068 servus
1784 5029 1844 5068 cum
1861 5011 1908 5068 do-

253 5079 396 5134 condicioni
415 5083 545 5136 contineri
563 5097 648 5146 omne,
668 5081 737 5149 quod
771 5097 860 5150 uoqrro
875 5097 970 5150 genere
986 5083 1054 5136 servi
1103 5083 1174 5150 prino
1192 5089 1263 5138 recte
1281 5083 1425 5138 contendit.

256 5149 281 5196 12
314 5153 403 5202 actum
420 5149 552 5218 iidemque
569 5149 721 5220 respiceret.
782 5155 825 5200 tra
844 5155 918 5204 certa
934 5155 1053 5220 tempora
1111 5153 1121 5162 ”’
1139 5149 1178 5206 45
1202 5149 1345 5206 liemarus
1367 5153 1434 5208 libro
1457 5151 1551 5218 periuro
1575 5147 1784 5230 diputationem
1818 5149 1847 5206 si
1864 5149 1909 5206 de·

248 2503 305 2558 nini
322 2503 520 2560 administrasse
537 2511 711 2572 proponatur,
731 2521 763 2560 ea
777 2505 881 2572 damna,
902 2521 969 2572 quac
986 2521 1052 2560 casu

247 2573 281 2624 ita
302 2571 460 2638 acciderint,
484 2579 514 2626 ut
536 2587 613 2628 servo
636 2573 702 2626 nihil
725 2573 810 2640 possit
831 2573 969 2642 imputari,
997 2589 1051 2626 non

248 2643 261 2692 8
292 2639 424 2706 pertinere
442 2639 477 2692 ad
493 2641 541 2694 reli
560 2655 655 2694 uorum
673 2655 749 2694 onus.
780 2641 847 2694 ltcm
865 2655 972 2710 quaero,
992 2657 1052 2694 cum

248 2719 319 2762 enne
341 2707 477 2774 peculium
498 2657 609 2762 reddere
625 2707 714 2762 iussus
733 2707 779 2774 sit,
802 2723 836 2762 an
858 2709 897 2762 ita
917 2709 1051 2778 peculium

249 2773 391 2896 computari
408 2773 516 2842 debeat,
534 2783 565 2828 ut
581 2775 609 2828 id
628 2777 713 2830 solum
729 2775 829 2844 peculii
846 2791 904 2830 esse
921 2775 1051 2842 videatur,

253 5213 396 5268 condicioni
425 5217 620 5272 reddendarum
653 5219 783 5290 rationum
814 5233 869 5272 nou
899 5223 1053 5286 paruerunt,
1104 5219 1175 5274 bitor
1192 5225 1300 5288 rogatus
1319 5221 1353 5276 sit
1371 5237 1388 5274 a
1405 5217 1536 5274 creditore
1553 5217 1677 5272 ancillam
1694 5233 1770 5272 snam
1786 5219 1909 5300 pignera·

252 5287 341 5360 postea
362 5285 451 5350 parati
473 5291 564 5340 erant:
594 5287 742 5354 quaesitum
767 5291 818 5350 est,
843 5287 1053 5356 superveniant
1104 5295 1159 5342 tam
1178 5289 1378 5354 manumittere,
1405 5285 1545 5342 dicendum
1574 5291 1614 5340 est
1640 5285 1911 5344 fideicommrssariam

253 5345 284 5424 td
299 5349 455 5428 hbertatcm.
490 5355 640 5422 respondit,
658 5355 681 5410 si
698 5371 745 5426 per
761 5355 835 5422 ipsos
853 5355 981 5420 stetisset,
1001 5371 1052 5424 quo
1104 5359 1254 5412 libertatem
1283 5357 1381 5410 utiliter
1408 5355 1529 5410 relictam
1551 5371 1569 5410 a
1591 5355 1719 5414 debitore.
1755 5359 1818 5428 quid
1841 5359 1910 5412 cuim

253 5425 333 5470 urruns
350 5425 421 5472 rutra
437 5427 558 5490 tempora
574 5425 741 5492 praescripta
757 5421 907 5478 condicioni
920 5429 1053 5492 parerent,
1104 5427 1225 5494 interest,
1250 5431 1324 5480 certa
1340 5423 1477 5490 quantitas
1494 5425 1528 5478 ah
1551 5439 1581 5482 co
1602 5425 1767 5500 relinquatur
1784 5443 1819 5480 au
1836 5425 1910 5482 iidei-

258 5527 384 5542 Ἦ--ηιι-..ι
1267 5539 1469 5548 -ffl--m—n-..m-
1492 5543 1635 5552 ι-.,,-,..-..,
1670 5545 1734 5550 ...-

1229 5543 1265 5548 -....,
1470 5543 1491 5548 -
1637 5545 1668 5552 .,....,,
1736 5545 1759 5550 .-.

254 5583 280 5642 (1)
297 5591 379 5666 esser
419 5593 450 5654 (a)
467 5593 635 5656 pecuniamF
672 5597 704 5658 (s)
722 5593 857 5646 aucerre
899 5597 930 5660 (ι)
950 5595 1056 5658 crgoF²
1106 5595 1199 5662 pnpilli
1213 5593 1351 5646 rationibus
1366 5593 1497 5650 reddendis
1509 5599 1646 5666 cogitatum
1658 5599 1781 5664 rideatur,
1794 5617 1852 5652 cnm
1865 5603 1910 5652 ius.

254 5649 291 5710 (ι’)
309 5655 516 5720 relinqueruutF
570 5661 602 5722 (5)
621 5659 690 5710 dedit
698 5663 732 5712 sic
743 5663 772 5712 ‘si
780 5663 888 5712 rationes
897 5661 999 5712 dederit
1008 5683 1055 5714 scr.
1107 5665 1149 5726 (11)
1167 5677 1182 5712 a
1197 5665 1242 5714 ius.
1349 5665 1393 5728 (ιι)
1412 5665 1530 5718 voluisset
1545 5669 1572 5720 F
1669 5671 1713 5732 (ιι)
1730 5669 1842 5734 impubes
1856 5671 1910 5720 dett

251 5719 404 5794 firreurHol.
458 5731 489 5786 rc)
506 5727 660 5792 respondiF
705 5733 737 5796 (t)
755 5729 873 5780 ainaF²
930 5733 963 5794 (8)
980 5745 1055 5794 pecu·
1109 5731 1151 5790 (14)
1169 5731 1205 5782 sr'c
1217 5729 1352 5782 Gronovius
1366 5751 1416 5782 cum
1425 5735 1481 5800 Rs,
1496 5737 1632 5800 scripicsF
1721 5737 1764 5800 (rt)
1784 5737 1937 5788 nuuunrr'

253 5781 365 5842 humera
440 5799 472 5854 (ι)
491 5793 804 5860 omnelomnemquaeccr.
879 5799 924 5860 (ιι)
943 5797 1056 5848 etiamde
1108 5797 1152 5860 (ιι)
1170 5795 1330 5860 amplietur
1394 5803 1439 5862 (ιι)
1458 5803 1633 5854 decessissctF

1658 5889 1705 5938 ts*
