4366 6258
265 349 307 414 Vl
331 357 344 414 1
1061 349 1103 420 92
1792 359 1838 406 nn
1858 359 1915 410 aar

211 539 212 542 ’
284 547 390 588 orenon
402 537 527 606 possedit,
545 553 596 606 quo
611 541 699 592 autem
713 535 844 590 indicatur
857 531 983 600 possidet,
1000 549 1061 602 pro·
1111 535 1188 588 lucro
1203 531 1363 602 possessoris
1379 529 1472 586 cedere
1485 527 1597 592 fructus,
1610 541 1671 580 cum
1684 525 1773 606 rictus,
1783 525 1831 580 sit:
1850 525 1914 580 alio-

264 549 353 656 Banda
367 609 407 658 est
419 603 526 658 Proculi
539 605 678 670 sententia,
695 609 726 656 ut
742 601 889 658 omnimodo
908 599 1062 654 condemns·
1112 601 1184 670 quin,
1202 605 1232 652 ut
1248 599 1429 654 Mauricianus
1446 597 1491 664 ait,
1508 609 1559 648 neo
1575 609 1630 648 rem
1649 595 1819 650 arbitrabitur
1835 595 1914 650 iudex

264 675 321 724 tur:
345 687 405 740 ergo
430 677 456 724 et
477 671 613 724 fructuum
635 671 740 724 nomine
756 685 789 724 cx
806 685 857 738 quo
875 667 962 736 eoepit
977 669 1062 736 possi·
1112 667 1176 722 mibi
1193 667 1308 732 restitui,
1333 675 1359 722 et
1376 681 1458 736 qnare
1475 665 1572 718 habeat
1589 663 1660 742 quod
1684 681 1737 718 non
1755 671 1823 718 esset
1840 663 1915 718 habi·

265 743 280 790 2
315 739 377 792 dere
399 739 573 790 damnabitur.
609 739 636 792 Si
658 737 736 792 bomo
758 737 856 804 petitus
881 735 941 790 dolo
959 751 1062 802 posses-
1112 745 1188 790 tnrus
1206 749 1358 802 possessor,
1382 737 1405 790 si
1423 735 1512 788 statim
1528 747 1721 812 possessionem
1737 733 1915 812 restituisset?

264 805 332 860 soris
350 805 462 858 deterior
477 803 565 858 iactus
582 805 630 868 sit,
654 805 747 856 deinde
768 803 825 856 sine
850 803 929 870 culpa
951 803 1007 856 eius
1031 817 1063 856 ex
1114 809 1128 856 2
1163 801 1266 856 Patitor
1282 801 1429 868 possessori
1445 801 1479 856 de
1496 805 1624 854 erratione
1639 817 1731 856 carere
1745 817 1799 856 non
1814 807 1916 868 cogitur

264 873 317 926 alia
335 887 417 926 causa
430 875 549 924 mortuus
563 871 605 936 sit,
623 871 769 924 aestimatio
784 885 837 922 non
851 869 896 924 fiet
911 869 975 934 eius,
993 871 1064 938 quod
1112 869 1151 924 rei
1174 871 1293 934 nomine,
1318 869 1392 922 cuius
1410 867 1617 922 aestimationem
1634 871 1750 938 accepit:
1775 869 1824 922 sibi
1848 869 1916 922 enim

264 941 418 994 deteriorem
435 953 494 993 eum
510 937 623 1002 iecerat,
646 937 708 1006 qnia
725 937 789 990 nihil
804 937 913 992 interest
928 937 1062 1016 petitoris:
1112 951 1253 1006 possessor
1275 937 1408 1006 imputare
1434 937 1525 1000 debet,
1558 937 1680 1006 quinon
1706 937 1822 992 restituit
1852 953 1915 992 rem.

265 1007 312 1062 scd
329 1009 396 1060 baec
412 1011 540 1072 quantum
557 1005 592 1058 ad
605 1005 636 1058 in
653 1021 708 1060 rem
726 1003 870 1060 ardonem:
894 1005 958 1072 laps
975 1009 1063 1058 autem
1112 1011 1128 1060 ιι
1163 1005 1266 1060 Eorum
1285 1019 1398 1074 quoque,
1418 1021 1487 1072 quae
1501 1003 1558 1058 sine
1570 1005 1678 1060 interitu
1693 1005 1772 1060 dividi
1785 1023 1840 1060 nou
1854 1021 1916 1074 pos-

264 1081 279 1130 3
313 1071 433 1142 Aquiliae
450 1073 518 1126 actio
536 1071 622 1126 durat.
658 1073 709 1126 Sed
732 1077 758 1126 et
779 1073 816 1138 is,
841 1071 885 1142 qui
908 1075 970 1126 ante
992 1071 1064 1126 litem
1113 1079 1183 1138 sunt,
1201 1079 1303 1144 partem
1319 1079 1409 1142 petere
1425 1087 1504 1142 posse
1522 1079 1635 1126 constat.

264 1145 439 1196 contestatam
464 1141 524 1194 dolo
551 1139 627 1194 desiit
651 1155 707 1194 rem
731 1141 880 1210 possidere,
905 1145 1011 1194 tenetur
1035 1139 1064 1192 in
1148 1137 1188 1200 36
1208 1141 1299 1198 Gerus
1323 1141 1390 1196 libro
1415 1141 1526 1210 septimo
1552 1141 1589 1196 ad
1613 1141 1725 1196 edictum
1748 1141 1917 1214 provinciale

263 1225 318 1262 rem
335 1207 452 1262 actione:
476 1207 554 1276 idque
577 1221 610 1260 ex
632 1213 739 1262 senatus
762 1207 882 1264 consulto
901 1207 987 1276 colligi
1003 1213 1063 1276 pot·
1114 1209 1165 1276 Qui
1188 1211 1311 1278 petitorio
1333 1207 1431 1264 iudicio
1453 1209 1550 1274 utitur,
1576 1225 1611 1264 ne
1634 1209 1734 1264 frustra
1757 1211 1916 1280 experiatur,

263 1281 381 1344 estque
400 1280 505 1330 cautum
523 1279 570 1340 est,
588 1279 619 1328 ut
633 1273 753 1342 diximus,
772 1281 802 1330 ut
815 1277 891 1330 dolus
907 1275 1063 1342 praeteritus
1113 1277 1246 1344 requirere
1264 1277 1354 1342 debet,
1379 1293 1413 1330 an
1429 1275 1466 1342 is,
1491 1293 1551 1330 cum
1568 1293 1620 1348 qno
1637 1279 1759 1332 instituat
1777 1279 1916 1344 actionem,

263 1345 290 1396 in
307 1343 460 1396 hereditatis
476 1341 628 1414 petitionem
644 1343 745 1396 veniat:
769 1359 829 1396 cum
852 1343 920 1396 enim
944 1343 972 1396 in
988 1343 1063 1396 bere·
1116 1349 1128 1396 1
1156 1353 1302 1414 'possessor
1331 1347 1367 1400 sit
1387 1345 1428 1402 rel
1451 1345 1512 1402 dolo
1536 1345 1614 1400 desiit
1635 1347 1779 1414 possidere.
1814 1345 1865 1414 eni
1890 1345 1917 1400 in

263 1411 351 1466 ditatis
368 1411 502 1480 petitione,
520 1423 588 1480 quae
605 1411 654 1464 eti
674 1427 705 1464 sa
719 1411 746 1464 in
760 1427 814 1464 rem
830 1417 877 1474 est,
896 1411 973 1464 dolus
986 1425 1064 1478 prae·
1113 1427 1170 1466 rem
1189 1413 1355 1480 convenitur,
1379 1415 1457 1468 etiam
1481 1413 1574 1484 culpae
1597 1413 1701 1468 nomine
1720 1415 1916 1468 condemnatur.

263 1477 356 1534 teritus
379 1477 477 1546 fertur,
503 1495 557 1534 nou
580 1483 620 1532 est
634 1427 780 1534 ,etiamdum
797 1495 844 1548 per
862 1477 1063 1546 consequentias
1116 1479 1210 1548 ordpae
1227 1485 1316 1534 autem
1332 1497 1394 1534 reus
1418 1489 1458 1536 est
1481 1499 1632 1552 possessor,
1657 1481 1701 1552 qni
1724 1497 1771 1552 per
1793 1481 1919 1536 insidiosa

264 1551 290 1600 et
312 1549 341 1600 in
365 1547 472 1614 speciali
488 1549 516 1602 in
533 1561 587 1600 rem
605 1545 710 1602 actione
728 1549 816 1604 dolum
832 1547 1002 1616 praeteritum
1020 1545 1064 1600 de·
1115 1549 1175 1602 loca
1193 1563 1295 1602 serrum
1318 1549 1401 1614 misit,
1425 1551 1447 1604 si
1469 1551 1492 1606 is
1515 1553 1607 1620 periit,
1631 1557 1658 1606 et
1675 1551 1719 1620 qui
1736 1565 1840 1606 serrum
1857 1565 1875 1604 a
1892 1565 1920 1604 se

263 1621 279 1668 4
314 1613 384 1668 duci.
411 1615 439 1670 ei
455 1631 504 1684 per
519 1615 602 1668 filium
619 1621 666 1668 ant
682 1633 730 1684 per
746 1631 849 1672 serrum
866 1619 942 1682 pater
959 1615 1000 1668 rel
1018 1613 1064 1668 do·
1115 1615 1227 1684 petitum
1244 1617 1272 1670 in
1289 1617 1389 1670 harena
1406 1633 1463 1672 esse
1481 1621 1619 1684 concessit,
1638 1621 1681 1673 et³
1697 1621 1720 1674 is
1736 1625 1857 1672 mortuus
1871 1619 1920 1672 eit:

263 1683 349 1738 minus
367 1683 501 1750 possideat
518 1687 546 1736 et
560 1681 583 1736 is
601 1681 658 1738 sine
675 1685 753 1752 culpa
769 1683 853 1750 patris
876 1681 1006 1736 dominive
1027 1683 1065 1736 rei
1116 1683 1163 1738 sed
1181 1687 1207 1736 et
1223 1685 1269 1752 qui
1285 1685 1423 1754 fugitivum
1440 1701 1457 1738 a
1474 1701 1503 1740 se
1520 1689 1630 1756 petitum
1647 1703 1700 1740 non
1718 1685 1842 1750 custodit,
1860 1685 1920 1738 siis

262 1751 420 1806 indicandae
441 1757 559 1820 tempore
582 1752 664 1805 absit:
689 1753 731 1806 rel
753 1757 856 1816 tempus
883 1749 999 1804 dandum
1025 1751 1065 1804 rel
1115 1751 1196 1818 fugit,
1220 1759 1248 1804 et
1271 1753 1431 1822 quinarem
1454 1767 1470 1806 a
1493 1769 1523 1806 sc
1545 1755 1655 1822 petitam
1673 1753 1783 1808 adrerso
1800 1759 1920 1822 tempore

263 1825 277 1872 5
314 1819 459 1872 carendum
476 1825 516 1872 est
533 1819 565 1872 de
581 1821 748 1888 possessione
764 1817 935 1870 restituenda.
962 1819 993 1870 In
1010 1833 1065 1870 rem
1116 1819 1267 1884 navigatum
1285 1819 1363 1886 misit,
1382 1819 1404 1874 si
1421 1835 1453 1874 ea
1469 1819 1609 1890 nanfiagio
1628 1827 1764 1890 perempta
1781 1825 1829 1876 est.

281 1887 371 1942 etitam
388 1887 411 1942 si
427 1903 564 1956 possessor
581 1893 642 1942 ante
659 1887 732 1942 litem
749 1891 924 1940 contestatam
941 1891 1062 1954 sumptus
1151 1885 1190 1944 37
1214 1887 1359 1942 enarrans
1388 1887 1454 1942 libro
1480 1891 1593 1960 septimo
1619 1891 1720 1944 cleriaco
1746 1889 1784 1942 cd
1807 1887 1920 1942 edictam

260 1905 339 2020 iecit,
363 1969 411 2024 per
434 1955 488 2010 dofi
504 1957 566 2010 mali
584 1957 764 2026 exceptionem
780 1953 848 2008 ratio
866 1969 957 2008 eorum
973 1953 1066 2008 baberi
1116 1957 1234 2010 lulianus
1251 1957 1319 2012 libro
1337 1961 1431 2010 octavo
1449 1957 1610 2026 digestorum
1628 1957 1732 2012 scribit:
1751 1957 1774 2010 si
1790 1957 1818 2010 in
1835 1955 1922 2010 aliena

262 2023 348 2090 debet,
367 2023 390 2078 si
405 2031 555 2092 perseveret
571 2029 647 2080 aotor
663 2029 753 2092 petere
769 2037 824 2076 rem
842 2037 917 2076 suam
934 2037 987 2076 non
1005 2023 1065 2076 red·
1117 2041 1179 2078 area
1202 2023 1397 2090 aedificassem,
1422 2025 1497 2080 cuius
1514 2025 1602 2080 bonae
1617 2023 1680 2080 fidei
1697 2025 1802 2094 quidem
1820 2029 1922 2092 emptor

263 2091 322 2146 ditis
347 2093 504 2162 sumptibus,
535 2093 605 2146 idem
629 2097 670 2146 est
692 2093 784 2154 etiam,
809 2089 832 2144 si
855 2089 944 2144 noxali
967 2089 1065 2144 indicio
1115 2091 1168 2158 fui,
1192 2109 1281 2146 rerum
1300 2107 1330 2146 eo
1347 2099 1466 2162 tempore
1483 2093 1632 2158 aedificari,
1656 2109 1707 2160 quo
1730 2093 1783 2146 iam
1806 2091 1922 2146 sciebam

262 2175 366 2216 serrum
383 2159 501 2216 defendit
513 2167 540 2214 et
553 2161 693 2214 damnatus
708 2157 840 2228 praestitit
853 2159 1000 2226 pecuniam,
1010 2163 1066 2212 'aut
1117 2161 1238 2226 alienam,
1255 2161 1398 2224 rideamus,
1418 2177 1452 2214 an
1466 2161 1531 2214 nihil
1544 2161 1608 2214 mibi
1622 2161 1742 2228 exceptio
1757 2161 1854 2240 prosit:
1873 2161 1923 2212 nisi

260 2229 288 2284 in
306 2243 369 2282 area
386 2245 455 2298 quae
470 2227 522 2284 fuit
538 2227 659 2298 petitoris
676 2243 724 2296 per
738 2241 852 2282 errorem
865 2227 979 2280 insulam
995 2227 1065 2280 aedi-
1115 2227 1185 2282 iorte
1208 2229 1267 2296 quis
1290 2227 1363 2282 dicat
1384 2229 1510 2296 prodesse
1533 2228 1566 2284 de
1590 2229 1684 2282 damno
1709 2227 1830 2282 sollicito.
1856 2233 1922 2296 puto

260 2295 363 2350 ficarit:
386 2297 438 2350 nisi
460 2303 549 2350 tamen
571 2301 681 2366 paratus
710 2295 745 2350 sit
769 2295 866 2362 petitor
890 2295 948 2364 pati
972 2295 1065 2350 tollere
1117 2301 1206 2350 autem
1223 2297 1285 2350 huic
1304 2295 1484 2362 exceptionem
1501 2313 1555 2352 non
1571 2297 1711 2364 prodesse:
1730 2311 1779 2350 neo
1794 2293 1863 2348 enim
1879 2295 1923 2348 de-

262 2381 321 2418 eum
344 2363 501 2420 aedificium.
528 2365 599 2434 quod
617 2365 687 2418 etin
710 2377 774 2418 area
796 2363 873 2418 uxori
897 2363 996 2418 donata
1018 2379 1066 2432 per
1116 2365 1175 2418 buit
1192 2365 1245 2416 iam
1265 2365 1376 2416 alienam
1395 2371 1484 2418 certus
1502 2365 1650 2418 aedificium
1669 2379 1783 2432 ponere:
1808 2363 1855 2416 sed
1872 2363 1924 2416 boc

261 2431 389 2498 iudicem,
407 2433 452 2500 qui
470 2431 503 2486 de
520 2431 580 2486 dote
599 2431 747 2500 cognoscit,
764 2431 916 2486 faciendum
935 2431 1064 2486 dixerunt.
1118 2433 1141 2486 ei
1159 2431 1357 2488 eoncedendum
1375 2437 1429 2498 est,
1452 2437 1484 2484 nt
1500 2433 1557 2486 sinc
1575 2431 1712 2500 dispendio
1731 2431 1829 2484 domini
1847 2445 1925 2486 areae

260 2501 308 2554 scd
324 2499 347 2554 si
364 2515 474 2568 puerum
490 2515 584 2564 meum,
604 2515 663 2554 cum
680 2497 837 2568 possideres,
856 2499 994 2566 erudieses,
1013 2515 1067 2554 non
1116 2501 1194 2554 tollat
1210 2499 1359 2554 aedificium
1377 2499 1448 2568 qnod
1465 2499 1562 2568 posuit.

260 2567 330 2622 idem
356 2565 548 2622 observandum
569 2567 699 2622 Proculus
724 2567 870 2632 existimat,
897 2569 959 2638 quia
981 2583 1067 2636 neque
1151 2565 1191 2626 38
1212 2569 1399 2624 Censuslr'bro
1415 2569 1493 2622 terrio
1507 2569 1671 2638 dipcstorrcm
1697 2567 1924 2632 Infundoalieno,

261 2653 353 2692 carere
370 2651 445 2692 servo
462 2651 519 2692 meo
539 2635 648 2690 debeam
665 2651 716 2690 neo
732 2641 821 2706 potest
837 2637 981 2692 remedium
998 2637 1067 2690 idem
1135 2653 1195 2692 uem
1211 2636 1364 2706 imprudens
1382 2651 1496 2702 emeras,
1520 2635 1666 2690 aedificasti
1689 2641 1735 2690 ant
1758 2637 1924 2700 conseruisti,

260 2703 387 2770 adhiberi,
406 2705 476 2774 qnod
492 2703 519 2758 in
537 2719 600 2758 area
617 2703 744 2758 diximus:
1118 2655 1212 2760 ieinde
1231 2707 1372 2760 educitur:
1391 2708 1477 2759 bonus
1494 2705 1575 2758 iudex
1592 2703 1664 2758 varie
1681 2719 1713 2758 ex
1727 2707 1847 2772 personis
1863 2721 1924 2760 oau-

295 2767 335 2830 28
362 2771 453 2828 ernon
473 2773 540 2828 libro
562 2773 675 2842 septimo
700 2773 737 2826 cd
758 2771 873 2826 edictam
893 2771 1068 2854 provinciale
1118 2773 1206 2842 sisque
1223 2773 1375 2828 constituet.
1400 2773 1470 2842 finge
1487 2779 1514 2826 et
1532 2773 1667 2828 dominnm
1684 2773 1775 2826 eadem
1792 2771 1926 2826 facturum

259 2839 330 2894 forte
365 2839 419 2894 uod
434 2839 627 2908 pictoremaut
642 2839 779 2894 librarium
796 2839 925 2894 docueris.
954 2839 1066 2894 dieitur¹
1118 2841 1214 2896 fuisse:
1232 2841 1328 2896 reddat
1343 2841 1504 2910 impensam,
1521 2845 1553 2894 ut
1569 2839 1682 2894 fundum
1699 2839 1824 2908 recipiat,
1842 2857 1927 2908 nsque

259 2923 315 2962 non
368 2911 408 2962 ter
426 2907 513 2962 oifioio
530 2909 626 2962 iudicis
644 2907 852 2964 aestimationem
869 2907 963 2962 haberi
978 2923 1066 2976 posse,
1119 2923 1149 2962 ec
1168 2909 1321 2974 dumtaxat,
1345 2925 1397 2978 qno
1421 2909 1563 2976 pretiosior
1584 2907 1673 2962 iactus
1697 2915 1751 2974 est,
1775 2913 1802 2962 et
1826 2909 1849 2962 si
1866 2911 1926 2978 plus

294 2971 333 3032 29
351 2975 522 3030 Pannonica
537 2977 604 3032 libro
622 2977 765 3032 uicensimo
777 2977 869 3046 primo
887 2977 925 3030 cd
942 2975 1066 3040 Quintum
1118 2977 1203 3096 gretie
1229 2977 1305 3030 fundi
1331 2977 1457 3040 accessit,
1490 2977 1575 3028 solum
1607 2975 1679 3044 quod
1704 2977 1851 3044 impensum
1879 2981 1926 3030 est.

258 3041 379 3098 Mucium
413 3043 464 3098 nisi
481 3043 504 3098 si
519 3043 639 3098 venalem
656 3061 716 3098 enm
729 3043 830 3098 habeas
845 3049 871 3096 et
885 3045 945 3112 plus
961 3059 992 3096 ex
1007 3057 1066 3112 pre·
1137 3059 1188 3112 nge
1224 3059 1358 3112 euperem,
1377 3043 1436 3112 qui,
1454 3043 1478 3098 si
1494 3043 1605 3096 reddere
1621 3043 1649 3096 id
1667 3049 1791 3112 cogatur,
1808 3043 1927 3098 laribusi

259 3111 296 3166 tio
316 3109 372 3166 eius
390 3117 579 3166 consecuturus
598 3111 633 3166 sis
651 3117 761 3180 propter
778 3109 927 3178 artificium,
1118 3111 1209 3180 sepulc
1245 3111 1266 3166 's
1283 3111 1359 3166 eritis
1378 3111 1521 3166 carendum
1538 3111 1649 3164 babeat:
1673 3111 1774 3166 sufficit
1795 3111 1844 3166 tibi
1868 3127 1928 3180 per-

293 3175 333 3236 30
361 3179 453 3234 Geras
479 3179 546 3234 libro
570 3181 683 3250 septimo
706 3181 743 3236 cd
764 3179 878 3234 edictam
897 3177 1068 3250 provinciale
1118 3181 1188 3232 mitti
1204 3181 1297 3234 tollere
1316 3195 1348 3232 ex
1364 3179 1405 3232 bis
1429 3181 1509 3250 rebus
1533 3193 1602 3250 quae
1623 3179 1724 3246 possis,
1748 3179 1811 3232 dum
1835 3181 1872 3232 ita
1898 3195 1929 3234 ne

259 3251 307 3300 aut
332 3245 356 3300 si
380 3251 442 3302 ante
467 3247 651 3302 denuntiatum
677 3247 712 3302 sit
737 3247 837 3312 actori,
863 3253 895 3302 ut
920 3247 1077 3316 impensam
1120 3247 1235 3302 deterior
1258 3247 1428 3312 sitiendus,
1452 3263 1532 3316 quam
1555 3247 1578 3302 si
1601 3247 1675 3302 initio
1698 3263 1752 3302 non
1769 3247 1840 3302 foret
1856 3247 1928 3302 aedi·

260 3315 387 3380 solveret,
412 3319 438 3370 et
460 3331 492 3370 eo
515 3315 697 3370 dissimulante
714 3315 801 3386 posita
818 3315 853 3370 sit
872 3315 924 3370 doli
941 3315 1004 3368 mali
1022 3331 1067 3368 ex·
1119 3315 1236 3370 ficetum.
1265 3315 1449 3372 constituimus
1466 3331 1536 3380 vero,
1556 3321 1600 3380 ut,
1619 3315 1641 3370 si
1658 3319 1768 3384 paratus
1787 3321 1829 3370 est
1846 3315 1928 3370 domi·

259 3397 290 3436 ce
310 3383 355 3436 tio.
1119 3399 1170 3438 nus
1187 3389 1292 3438 tantum
1310 3385 1386 3448 dare,
1429 3389 1540 3436 nantum
1562 3383 1703 3436 habiturus
1727 3387 1768 3436 est
1792 3397 1930 3452 possessor

290 3399 332 3508 gi
353 3451 471 3506 Pennus
485 3451 553 3506 libro
567 3451 709 3506 circaeam
719 3451 810 3522 primo
827 3451 864 3504 cd
878 3449 993 3504 edictam
1019 3449 1068 3504 Ge·
1119 3451 1160 3506 his
1178 3453 1259 3506 rebus
1277 3451 1387 3516 ablatis,
1404 3401 1452 3504 iat
1470 3451 1495 3506 ei
1511 3457 1644 3530 potestas:
1664 3467 1749 3520 neque
1766 3451 1872 3506 malitiis
1890 3449 1929 3504 in·

258 3523 345 3574 terum
364 3535 424 3572 cum
441 3519 474 3574 de
495 3517 627 3574 fructibus
651 3519 720 3574 serri
742 3517 818 3588 patifi
841 3517 990 3586 quaeritur,
1015 3533 1068 3572 non
1121 3519 1279 3586 dulgendum
1304 3523 1357 3584 est,
1381 3519 1404 3574 si
1426 3525 1567 3574 tectorium
1590 3525 1670 3588 puta,
1694 3517 1765 3588 qnod
1787 3519 1930 3584 induxeris,

257 3591 362 3640 tantum
378 3585 506 3654 pubertas
524 3587 580 3640 eius
599 3587 747 3656 spectanda
765 3589 819 3652 est,
843 3585 1003 3652 quinetiam
1020 3585 1068 3640 im·
1120 3589 1293 3656 picturasque
1317 3587 1476 3640 corradere⁵
1498 3587 1577 3652 relis,
1605 3587 1670 3642 nibil
1695 3589 1800 3642 laturus
1826 3589 1877 3642 nisi
1902 3593 1932 3640 ut

277 3653 366 3708 uberis
384 3653 488 3722 aliquae
505 3667 603 3722 operae
620 3669 678 3708 esse
695 3659 816 3724 possunt.
843 3653 963 3720 improbe
981 3661 1070 3706 tamen
1121 3655 1233 3710 officias.
1261 3655 1299 3708 fin
1317 3669 1331 3706 e
1349 3671 1407 3708 earn
1425 3671 1567 3724 personam
1586 3671 1643 3710 esse
1661 3655 1773 3720 domini,
1799 3671 1868 3724 quae
1890 3669 1931 3710 re·

257 3671 421 3776 iesiderabit
434 3721 535 3802 petitor
551 3721 657 3776 fructus
674 3721 822 3786 aestimari,
841 3721 886 3788 qui
905 3735 937 3774 ex
955 3721 1068 3774 artificio
1122 3729 1227 3790 ceptum
1244 3673 1358 3776 funium
1371 3739 1433 3778 mox
1446 3721 1588 3776 redditura
1602 3723 1648 3778 sit:
1667 3723 1719 3778 nisi
1735 3723 1830 3790 reddit,
1866 3739 1931 3778 uan-

258 3791 314 3844 eius
340 3789 441 3858 percipi
485 3793 625 3856 otuerunt,
653 3789 725 3858 quod
750 3787 892 3842 artificium
918 3789 1068 3858 sumptibus
1120 3797 1177 3844 tum
1194 3791 1280 3858 prima
1298 3797 1373 3860 parte
1389 3791 1464 3844 reddi
1482 3797 1606 3860 oportere
1623 3793 1749 3856 diximus,
1769 3807 1799 3846 eo
1818 3741 1931 3846 rainero

257 3859 420 3926 possessoris
437 3805 536 3910 deiicis
1121 3863 1150 3912 tu
1169 3859 1387 3914 condemnandus
1406 3875 1441 3912 es.
1610 3907 1615 3922 ,

292 3921 331 3982 32
350 3925 540 3980 Monasrmas
554 3925 621 3980 libro
640 3929 733 3980 octcoo
751 3923 965 3994 deffereatr'crcm
992 3923 1070 3992 Quod
1155 3923 1195 3984 39
1218 3925 1365 3982 Uarianae
1395 3927 1463 3982 libro
1488 3927 1602 3998 septimo
1628 3927 1730 3982 decimo
1757 3927 1794 3982 cd
1818 3927 1931 3982 cdt'otum

257 3993 280 4048 si
298 3993 426 4048 artificem
443 3991 544 4058 fecerit,
561 3997 624 4063 post
640 3991 812 4048 vicensimum
831 3991 951 4060 quintum
969 4009 1069 4046 annum
1121 3995 1323 4064 Redemptores,
1343 3995 1457 4066 quisuis
1473 3995 1601 4050 cementis
1615 3995 1765 4060 aedificant,
1783 3995 1872 4050 statirn
1891 4011 1932 4050 ce-

257 4063 328 4126 eius,
349 4063 394 4132 qui
412 4061 552 4116 artificium
570 4067 731 4116 consecutus
749 4065 803 4126 est,
827 4059 963 4130 impensae
979 4061 1070 4116 factae
1121 4069 1211 4118 menta
1235 4063 1341 4118 faciunt
1368 4081 1473 4130 eornm,
1505 4063 1534 4116 in
1560 4081 1674 4132 quorum
1700 4063 1756 4120 solo
1783 4063 1932 4120 aedificant.

257 4135 384 4200 poterunt
400 4129 513 4198 pensari.
1124 4137 1134 4186 1
1172 4133 1293 4188 Iulianus
1311 4139 1384 4186 recte
1401 4133 1494 4186 scribit
1511 4133 1579 4186 libro
1599 4131 1754 4186 duodecimo
1773 4131 1933 4200 digestorum

291 4195 330 4256 33
348 4195 956 4268 Parruslibrovicensimoprr'mocdcdr‘otam
983 4197 1068 4252 Fruo-
1121 4201 1273 4264 mulierem,
1303 4217 1371 4270 qnae
1395 4199 1562 4254 intercedens
1588 4201 1701 4252 fundum
1726 4201 1830 4268 pignori
1855 4201 1934 4264 dedit,

256 4271 300 4320 tus
318 4283 374 4320 non
390 4265 469 4320 modo
486 4265 619 4344 percepti,
645 4265 693 4318 sed
716 4270 743 4318 et
766 4263 810 4332 qui
833 4265 935 4332 percipi
957 4265 1070 4320 honeste
1121 4269 1239 4336 quamvis
1257 4285 1273 4322 a
1294 4269 1424 4324 creditore
1441 4267 1599 4322 distractum
1616 4283 1695 4336 posse
1712 4267 1740 4322 in
1756 4283 1813 4322 rem
1832 4269 1935 4322 actione

257 4339 402 4402 potuerunt
419 4333 576 4388 aestimandr
593 4337 668 4388 sunt:
688 4337 715 4386 et
731 4331 790 4386 ideo
809 4329 832 4384 si
849 4331 910 4384 dolo
927 4338 975 4386 aut
989 4333 1070 4402 culpa
1120 4341 1223 4406 petere:

257 4401 420 4470 possessoris
437 4417 480 4456 res
497 4399 581 4468 petita
598 4399 719 4468 perierit,
742 4399 870 4454 rariorem
893 4405 972 4466 putat
989 4401 1068 4454 Porn-
1154 4401 1194 4462 40
1215 4403 1309 4456 Gaios
1337 4401 1405 4456 libro
1434 4405 1547 4472 septimo
1571 4403 1609 4456 cd
1631 4401 1746 4458 edictam
1790 4403 1935 4464 rooiacialc

257 4469 355 4538 ponins
373 4469 492 4522 Trebatii
516 4467 667 4536 opinionem
689 4467 810 4536 putantis
832 4483 864 4520 eo
888 4483 974 4536 usque
995 4467 1069 4522 iruc·
1121 4471 1184 4540 qnia
1199 4471 1304 4522 nullum
1323 4469 1418 4536 pignus
1436 4471 1552 4526 creditor
1567 4471 1717 4526 vendidisse
1733 4471 1759 4524 ri
1778 4477 1846 4526 etur.

257 4543 334 4590 tuum
350 4537 480 4592 rationem
496 4537 663 4600 habendam,
688 4551 740 4604 quo
763 4549 795 4588 us
814 4549 848 4588 ue
864 4535 1023 4600 haberetur,
1047 4537 1070 4588 si
1156 4537 1193 4594 41
1220 4537 1368 4592 decreras
1383 4537 1450 4592 libro
1469 4541 1581 4610 septimo
1602 4537 1703 4594 marma
1718 4539 1755 4592 cd
1769 4537 1884 4594 edictam
1910 4537 1937 4590 Si

257 4621 311 4660 non
328 4605 456 4672 perisset,
473 4603 501 4658 id
519 4609 560 4658 est
577 4603 612 4656 ad
629 4603 668 4658 rei
685 4551 843 4682 iudicandae
860 4607 989 4682 tempusq
999 4603 1070 4682 quod
1122 4607 1180 4674 quis
1197 4607 1249 4660 hae
1267 4607 1326 4682 lege
1345 4605 1449 4672 emerit,
1468 4613 1506 4672 nt,
1523 4609 1547 4660 si
1564 4607 1632 4660 alius
1650 4607 1785 4660 meliorem
1803 4605 1936 4662 condicio·

257 4679 284 4726 et
300 4675 404 4728 Iuliano
421 4673 518 4742 placet.
544 4673 597 4726 hac
614 4673 719 4726 ratione
741 4687 765 4732 sr
787 4671 875 4724 nudae
898 4675 1070 4738 proprietates
1121 4689 1181 4728 nem
1206 4675 1341 4738 obtuderit,
1364 4675 1505 4728 recedatur
1523 4677 1556 4730 ab
1575 4675 1721 4744 emptione,
1743 4681 1806 4744 post
1830 4675 1937 4728 ndatnm

257 4741 380 4796 dominus
398 4739 504 4810 petierit
520 4747 546 4794 et
563 4741 633 4794 inter
650 4755 738 4794 moras
756 4755 821 4794 usus
835 4737 942 4792 fructus
956 4739 1070 4792 amissus
1122 4741 1305 4796 condicionem
1325 4741 1378 4794 iem
1395 4759 1449 4796 non
1467 4749 1557 4812 potest
1573 4743 1602 4796 in
1619 4759 1675 4796 rem
1692 4743 1799 4798 actione
1815 4741 1863 4796 uti.
1892 4741 1938 4798 sed

257 4809 300 4872 sit,
319 4823 353 4862 ex
371 4825 402 4864 eo
419 4813 546 4878 tempore,
565 4825 616 4876 quo
632 4807 667 4862 ad
681 4823 729 4876 pro
750 4807 871 4862 rietatem
886 4807 1070 4862 ususfructus
1121 4813 1148 4864 et
1165 4811 1188 4864 si
1206 4811 1249 4864 cui
1266 4811 1293 4864 in
1316 4807 1383 4862 diem
1400 4809 1523 4864 addictus
1542 4813 1577 4864 sit
1593 4811 1705 4874 fundus,
1730 4815 1874 4878 antequam
1892 4807 1937 4864 ad-

256 4891 377 4930 reversus
396 4881 444 4942 est,
462 4877 531 4930 ratio
548 4877 685 4930 fruetuum
702 4825 823 4928 hoierus.
1120 4877 1199 4932 iectio
1215 4879 1251 4930 sit
1264 4879 1344 4942 iacta,
1364 4879 1404 4930 nti
1417 4879 1446 4930 in
1460 4895 1516 4932 rem
1532 4879 1638 4932 actione
1652 4881 1754 4946 potest:
1772 4881 1869 4946 postea
1886 4891 1939 4930 non

291 4939 582 4998 estasiasmeno
604 4941 899 5020 septimcdipcstorum
933 4941 1007 4996 Idem
1029 4947 1071 4994 est
1124 4949 1134 4996 ι
1191 4945 1278 5000 oterit.
1315 4945 1342 4998 Si
1364 4959 1454 5000 servus
1472 4945 1536 5000 mibi
1552 4947 1595 5000 vel
1611 4945 1681 4998 fifins
1699 4945 1813 5022 familias
1828 4945 1939 4998 fundum

257 5011 324 5064 etsi
341 5027 390 5080 per
407 5011 565 5066 allusionem
582 5027 645 5080 pars
662 5011 746 5064 fundo
765 5015 916 5064 accesserit.
1122 5029 1172 5066 ren
1192 5013 1276 5068 'ditet
1289 5011 1401 5068 tradidit
1418 5013 1518 5068 habens
1533 5013 1644 5068 liberam
1658 5013 1756 5080 peculii
1769 5011 1938 5066 administra-

293 5073 332 5134 35
353 5077 471 5140 Peuces
485 5081 553 5134 libro
571 5079 713 5134 uicensimo
725 5077 819 5148 primo
836 5077 875 5132 ad
890 5077 1006 5132 edictam
1034 5077 1072 5128 Et
1122 5079 1235 5146 tionem,
1259 5083 1359 5134 iurem
1383 5081 1487 5134 actione
1503 5081 1544 5134 uti
1560 5085 1664 5150 potero.
1691 5079 1739 5134 sed
1756 5085 1783 5134 et
1799 5081 1822 5134 si
1841 5077 1939 5134 domini

256 5159 291 5200 ex
313 5145 417 5200 diverso
440 5145 463 5200 si
485 5149 583 5214 petitor
605 5147 652 5200 lite
677 5149 828 5200 contestata
851 5145 1070 5200 usumfructum
1122 5149 1260 5202 voluntate
1283 5149 1381 5202 domini
1409 5163 1463 5200 rem
1486 5149 1590 5212 tradat,
1614 5147 1684 5200 idern
1708 5147 1758 5200 crit
1782 5147 1938 5202 dicendum:

256 5215 391 5282 legaverit,
409 5227 442 5266 ex
461 5227 491 5268 eo
509 5219 636 5284 tempore,
656 5229 689 5268 ex
707 5229 759 5282 quo
777 5211 900 5268 discessit
916 5229 934 5266 a
950 5213 1069 5280 proprie·
1124 5215 1352 5284 quemadmodum,
1370 5233 1432 5270 oum
1447 5221 1608 5284 procurator
1620 5215 1939 5270 voluntatedomirfiren·

256 5287 320 5346 tate,
338 5281 474 5334 fructuum
491 5283 621 5338 rationem
639 5297 694 5338 non
710 5281 861 5336 habendam
876 5281 984 5350 quidam
998 5285 1071 5334 recte
1123 5283 1188 5338 didit
1204 5287 1246 5338 rel
1262 5285 1382 5350 tradidit,
1403 5287 1431 5338 ιιι
1445 5299 1502 5338 rem
1520 5281 1653 5338 actionem
1670 5283 1734 5338 mibi
1750 5283 1907 5350 praestabit
1936 5327 1937 5330 ,

258 5353 270 5404 1
307 5353 412 5418 putant.
446 5347 500 5404 Ubi
518 5357 606 5404 autem
624 5351 739 5404 ebenum
756 5347 870 5402 fundum
887 5349 969 5416 ριιιι2
988 5353 1014 5402 et
1029 5347 1071 5402 iu·
1156 5349 1197 5408 42
1215 5351 1336 5406 Paucos
1358 5353 1425 5408 libro
1451 5351 1595 5404 vicensimo
1612 5355 1691 5404 sexto
1709 5349 1746 5404 cd
1762 5349 1879 5404 edictam
1913 5349 1940 5404 Si

257 5417 309 5472 dex
326 5415 460 5470 sententia
477 5417 623 5472 declararit
639 5433 726 5470 meum
743 5431 816 5482 csse,
839 5417 919 5470 debet
942 5417 1021 5470 etiam
1039 5415 1071 5470 de
1122 5419 1149 5472 in
1166 5437 1223 5476 rem
1241 5425 1331 5474 cotum
1349 5419 1391 5486 sit,
1415 5419 1532 5486 quamvis
1547 5419 1624 5472 heres
1638 5419 1810 5488 possessoris,
1829 5419 1852 5472 ei
1868 5419 1941 5474 nonl

256 5485 390 5540 fructibus
398 5497 581 5554 possessorem
590 5485 781 5540 condemnare:
800 5485 972 5538 eodemenim
983 5499 1071 5538 errore
1122 5503 1239 5556 persona
1256 5487 1377 5542 defuncti
1398 5485 1566 5542 commissum
1585 5485 1633 5552 sit,
1652 5485 1803 5542 omnimodo
1821 5487 1850 5542 in
1868 5485 1940 5542 daur·

257 5557 285 5606 et
308 5553 343 5608 de
367 5551 501 5608 fructibus
524 5553 775 5608 condemnaturum:
801 5569 855 5608 non
880 5551 976 5608 debere
1002 5551 1071 5606 enim
1122 5557 1257 5610 nationem
1274 5557 1369 5610 reniet.
1397 5621 1399 5626 Ι

257 5723 288 5788 (1)
307 5723 553 5788 diciturJigitursor.
650 5725 683 5788 (a)
701 5725 800 5792 petitF
887 5729 920 5790 (s)
939 5725 1072 5788 adsiliet.
1128 5727 1218 5786 sideet,
1226 5725 1377 5788 absolvatur,
1391 5727 1500 5780 tamensi
1509 5725 1690 5792 quidexias.S

203 5865 204 5868 Ἴ
258 5791 293 5858 (ι)
310 5791 564 5856 pateruissec.Br'rrc.
635 5795 666 5856 (5)
686 5793 893 5860 corporadereF¹
964 5797 999 5860 (t)
1016 5811 1074 5860 pos·
