4366 6258
246 361 291 410 nn
310 361 593 418 sconsauronfflus
613 369 657 416 ΕΤ
677 369 837 418 niseum.

246 537 382 616 mritoque
403 535 489 604 megla
509 537 545 592 ad
567 535 774 592 defendendum:
797 537 845 592 sed
866 537 1050 594 excusationes

248 609 394 664 absentum
416 619 451 658 ex
473 613 582 660 senatus
607 605 728 658 consulto
751 605 885 660 indicibus
901 607 1050 672 allegantur

248 683 287 742 et,
311 673 333 728 si
349 671 448 724 iustam
470 673 600 726 rationem
623 673 755 736 habeant,
773 673 905 724 sententia
922 673 1049 726 differtur.

284 739 321 800 14
338 739 419 792 inum
431 739 506 794 ¹libro
518 745 597 794 scorto
614 739 715 792 decimo
732 755 922 808 responsorum
953 739 1051 794 Generi

248 811 327 872 servis
345 823 363 862 a
378 823 473 862 socero
488 805 607 862 veneficii
622 805 754 860 accusatis
771 821 881 874 praeses
897 807 1052 874 provinciae

248 885 348 966 patrem
375 875 533 928 calumniam
561 873 683 928 intulisse
711 873 935 944 pronuntiaverat.
981 875 1052 928 inter

248 949 357 1008 mfames
380 949 484 1012 patrem
508 943 649 996 defunctae
673 957 728 996 non
749 941 901 996 babendum
917 941 1050 1012 respondi,

250 1015 372 1090 quoniam
396 1017 423 1066 ct
440 1011 464 1066 si
490 1011 627 1080 publicum
649 1009 778 1066 iudicium
804 1009 875 1062 inter
896 1007 995 1066 liberos
1019 1007 1051 1062 de

250 1089 332 1144 morte
347 1079 419 1182 iliae
437 1079 608 1148 constitisset,
627 1079 694 1134 citra
711 1079 858 1150 periculum
875 1081 952 1146 pater
968 1075 1050 1132 sindi-

250 1157 353 1214 caretur
372 1189 402 1204 ..

621 1355 678 1418 11².

287 1459 332 1510 DE
348 1457 637 1522 noousnmoninus
654 1457 699 1508 ΕΤ
716 1453 1017 1508 manumiserimus,

287 1557 490 1616 lPonromos
510 1559 579 1614 libro
596 1559 688 1628 primo
713 1555 749 1612 od
770 1555 899 1612 Sabinum
932 1555 995 1612 Non
1012 1561 1053 1610 est

271 1627 406 1684 ermissum
429 1627 533 1680 mulieri
554 1625 662 1696 publico
683 1625 780 1680 iudicio
806 1639 962 1696 quemquam
978 1641 1053 1678 reum

252 1647 345 1762 iacere,
361 1695 413 1750 nisi
427 1695 529 1750 scilicet
542 1697 691 1764 parentium
699 1693 896 1764 liberorumque
904 1699 931 1748 et
944 1693 1052 1762 patroni

252 1771 277 1822 et
293 1769 421 1832 patronae
443 1767 471 1818 et
488 1777 579 1818 eorum
599 1763 648 1818 filii
663 1763 735 1820 filiae
757 1765 861 1834 nepotis
879 1763 965 1832 neptis
983 1777 1052 1816 mor·

252 1839 303 1888 tem
319 1837 473 1900 exequatur.

284 1897 303 1954 2
320 1899 504 1954 Passerinus
518 1899 585 1954 libro
599 1901 690 1972 primo
708 1901 741 1954 dc
753 1899 892 1954 adulteriis
918 1897 1002 1954 Gestis
1020 1913 1053 1952 ex

253 1967 339 2024 causis
356 1983 484 2022 concessa
500 1973 542 2022 est
558 1967 712 2022 mulieribus
728 1967 835 2038 publica
849 1967 990 2030 accusatio,
1008 1981 1052 2020 ve-

251 2035 300 2092 luti
324 2035 348 2090 si
371 2041 489 2090 mortem·
508 2041 674 2104 exequantur
702 2053 795 2090 eorum
825 2035 995 2114 earumque³,
1025 2033 1054 2086 in

252 2117 317 2170 quos
338 2103 449 2170 exlege
469 2105 649 2158 testimonium
671 2103 855 2172 punicorum
878 2103 976 2156 invitae
999 2117 1054 2156 uon

253 2171 349 2224 dsunt.
384 2171 454 2226 idem
476 2177 503 2226 et
524 2171 552 2224 in
574 2173 633 2240 lege
650 2171 773 2224 Cornelia
794 2169 995 2226 testamentaria
1011 2185 1053 2224 se-

251 2243 328 2294 natus
351 2239 459 2294 statuit:
488 2239 534 2296 sed
557 2245 585 2294 et
608 2239 641 2294 de
662 2243 821 2294 testamento
844 2239 950 2308 paterni
965 2237 1054 2292 liberti

252 2305 292 2360 vel
319 2307 431 2362 materni
458 2307 612 2363 mulieribus
632 2305 741 2376 publico
762 2307 860 2362 iudicio
884 2305 971 2362 dicere
992 2321 1053 2376 per·

254 2379 264 2428 1
299 2373 408 2428 missum
425 2381 474 2428 est.
509 2375 549 2428 Pu
569 2377 621 2430 illis
644 2389 678 2428 ex
701 2375 810 2430 consilio
834 2379 952 2430 tutorum
968 2375 1053 2444 patris

251 2445 374 2508 mortem,
397 2443 461 2498 item
482 2443 545 2512 pup'
567 2459 599 2498 ae
616 2443 659 2498 avi
681 2443 723 2496 sui
744 2449 856 2498 mortem
874 2459 921 2498 exe
940 2443 968 2498 ui
990 2459 1053 2498 con-

253 2523 354 2586 cessum
371 2515 420 2566 ιιι.
446 2509 504 2580 lege
520 2515 609 2566 autem
626 2515 756 2566 testamen
769 2511 825 2566 aria
843 2527 904 2566 nam
922 2461 954 2566 ie
971 2511 1053 2590 patris

252 2575 354 2656 qmdem
375 2583 532 2632 uelamento
555 2579 663 2648 pupillis
686 2593 764 2700 appe
781 2579 855 2634 divus
873 2579 927 2634 Ves
947 2595 1053 2632 ananus

251 2645 399 2726 permisit⁵2
423 2647 470 2700 sed
494 2647 570 2714 quasi
593 2663 647 2700 non
670 2663 703 2702 ex
724 2647 845 2702 'beautm
862 2647 908 2702 tab
956 2663 982 2712 e,
1006 2663 1053 2716 per

251 2713 419 2766 interdictum
436 2719 548 2782 possunt
564 2715 687 2784 experiri.

284 2775 302 2836 3
326 2779 444 2834 Pronus
464 2781 531 2836 libro
555 2785 633 2836 tertio
657 2783 691 2836 dc
713 2781 852 2836 adulteriis
890 2781 1054 2836 Libellorum

251 2845 429 2914 inscriptionis
457 2849 595 2916 conceptio
621 2849 684 2902 talis
713 2853 760 2902 est.
797 2847 905 2904 ‘Consul
934 2855 961 2904 et
988 2851 1053 2904 dies.

252 2915 339 2982 ‘Apud
359 2915 435 2968 illum
457 2921 606 2986 praetorem
623 2917 665 2970 vel
687 2917 873 2984 proconsulem
890 2917 990 2972 Lucius
1009 2917 1054 2972 Ti·

253 2983 311 3034 ‘tius
328 2983 465 3050 professus
483 2987 570 3038 estse
587 2983 792 3052 Maeviamlege
809 2983 878 3036 Iulia
901 2985 933 3038 de
951 2985 1053 3040 adulto·

253 3049 304 3104 ‘riis
322 3065 394 3104 ream
412 3049 520 3118 deferre,
539 3051 610 3118 quod
627 3051 700 3104 dicat
716 3067 774 3106 eam
793 3067 852 3106 cum
871 3051 937 3106 Gaio
948 3051 1008 3106 Seio
1025 3053 1053 3106 iu

254 3117 365 3172 ‘civitate
380 3117 441 3184 illa,
460 3117 537 3174 domo
555 3119 633 3184 illius,
651 3133 742 3172 meuse
758 3119 813 3184 illo,
832 3119 984 3174 consulibus
1001 3121 1053 3176 illis

253 3185 418 3240 ‘adulterium
443 3187 621 3240 commisisse'.
659 3187 749 3254 utique
773 3187 891 3242 enimet
914 3187 990 3242 locus
1007 3187 1052 3242 de-

253 3253 393 3322 signandus
411 3259 464 3318 est,
482 3253 510 3306 in
527 3269 579 3320 quo
597 3253 756 3306 adulterium
774 3255 942 3310 commissum
960 3259 1008 3318 est,
1026 3259 1053 3308 et

252 3337 376 3388 persona,
395 3335 456 3374 cum
473 3335 526 3388 qua
543 3319 687 3376 admissum
705 3319 811 3384 dicitur,
829 3325 856 3376 et
872 3321 983 3376 mensis:
1000 3321 1052 3376 hoc

252 3387 319 3442 enim
343 3389 402 3454 lege
428 3387 498 3442 Iulia
521 3386 690 3454 publicorum
716 3393 824 3442 cavetur
850 3393 877 3442 ιι
896 3389 1053 3456 generaliter

252 3455 411 3522 procopiam
437 3455 572 3520 omnibns,
602 3455 648 3524 qui
673 3469 747 3508 reum
773 3455 887 3534 aliquem
917 3455 1052 3510 deferunt:

251 3537 333 3592 neque
351 3529 440 3576 autem
461 3523 530 3576 diem
547 3537 637 3592 neque
659 3521 753 3578 horam
769 3523 868 3578 innius
890 3523 1053 3592 conprehen-

254 3595 265 3646 t
301 3593 353 3646 det.
389 3591 465 3658 Quod
489 3589 512 3646 si
528 3589 612 3646 libelli
632 3591 836 3658 inscriptionum
851 3591 966 3658 legitime
983 3589 1053 3646 ordi-

251 3661 307 3714 nati
328 3675 383 3712 nou
404 3659 516 3724 luerim,
539 3659 578 3712 rei
599 3673 696 3712 nomeu
713 3659 835 3712 aboletur
852 3663 879 3712 et
896 3673 929 3712 ex
950 3657 1053 3724 integro

252 3733 267 3782 2
299 3727 438 3796 repetendi
465 3741 540 3778 reum
561 3731 680 3794 potestas
703 3727 757 3778 liet.
791 3727 859 3778 Item
887 3725 1053 3780 subscribere

252 3795 357 3850 debebit
380 3795 403 3848 is
427 3793 471 3862 qui
496 3793 542 3848 dat
563 3793 666 3848 libellos
691 3809 720 3848 se
741 3793 892 3862 professum
915 3807 987 3858 esse,
1011 3793 1053 3846 vel

254 3869 266 3918 t
300 3863 368 3916 alius
386 3877 435 3930 pro
452 3877 498 3926 eo,
521 3861 543 3914 si
560 3861 662 3916 fitteras
680 3863 798 3916 nesciat.
827 3859 879 3914 Sed
896 3863 924 3914 ct
940 3859 963 3914 si
980 3859 1053 3914 aliud

252 3931 349 3986 emman
374 3931 485 3994 obiciat,
512 3929 591 3982 veluti
632 3931 687 3982 uod
704 3929 810 3982 domum
827 3943 904 3982 suam
920 3927 1052 3994 praebuit,

250 4005 280 4054 ut
300 4003 423 4066 stuprum
444 4003 530 4052 mater
551 3997 579 4050 ia
608 3997 664 4050 ''as
687 4001 838 4066 pateretur,
862 3995 933 4064 quod
950 3993 1052 4048 adulte-

252 4083 310 4120 rum
327 4065 519 4134 deprehensum
536 4063 677 4132 dimiserit,
695 4065 768 4134 quod
784 4063 897 4132 pretium
914 4077 963 4132 pro
980 4079 1052 4116 com-

251 4141 325 4204 perto
346 4141 441 4202 stupro
462 4133 609 4202 acceperit,
634 4139 660 4186 et
678 4131 781 4202 siquid
798 4131 896 4196 simile,
921 4129 1052 4198 idipsum

251 4207 266 4254 ι
299 4201 394 4258 libellis
412 4201 686 4270 comprehendendum
707 4201 765 4256 erit.
801 4201 830 4252 Si
846 4199 1051 4276 accusatorie·

251 4269 360 4324 cesserit
380 4269 465 4324 aliave
487 4285 555 4336 quae
572 4285 654 4324 causa
671 4269 696 4324 ei
712 4267 873 4336 impedierit,
897 4283 948 4334 quo
966 4283 1052 4320 mmns

251 4337 490 4458 accusareupossit,
508 4343 534 4392 et
552 4337 655 4404 siquid
673 4337 770 4400 simile,
794 4351 891 4390 nomen
906 4335 946 4390 rei
962 4333 1052 4390 abole-

251 4409 294 4458 tur
318 4411 380 4474 post
409 4411 471 4458 ante
496 4421 555 4458 reo:
583 4405 663 4472 idque
692 4409 718 4456 et
743 4405 801 4472 lege
823 4403 945 4456 Iuliade
971 4403 998 4456 vi
1027 4407 1053 4456 et

251 4481 357 4526 senatus
376 4471 498 4526 consulto
514 4477 621 4526 cautum
635 4477 683 4538 est,
700 4471 739 4526 ita
755 4477 786 4524 ιι
803 4471 883 4524 dcent
899 4471 945 4524 alii
962 4487 995 4524 ex
1010 4469 1052 4522 iu·

251 4543 321 4610 tegra
344 4545 464 4610 repetere
480 4555 564 4594 reum.
599 4539 646 4594 sed
662 4539 734 4594 intra
751 4539 822 4608 quod
839 4543 954 4608 tempus,
980 4536 1051 4592 side-

251 4607 349 4664 bimus:
368 4615 395 4662 et
410 4609 502 4678 utique
518 4607 626 4676 triginta
643 4607 699 4660 dies
717 4607 795 4660 utiles
809 4607 967 4662 observandi
981 4611 1051 4662 sunt.

283 4675 303 4732 4
326 4675 471 4732 Uarianos
491 4675 559 4730 libro
575 4675 693 4730 secundo
715 4675 748 4728 de
770 4675 912 4730 adulteriis
944 4675 984 4740 Is,
1007 4673 1053 4744 qui

250 4741 347 4798 iudicio
364 4743 471 4812 publico
490 4743 630 4798 damnatus
647 4747 696 4810 est,
714 4743 756 4798 ius
770 4743 917 4798 accusandi
933 4759 987 4798 uon
1003 4743 1051 4798 ha·

251 4809 302 4876 bet,
320 4813 370 4866 nisi
386 4811 549 4864 Ιίιιιοιιιι6
565 4813 607 4864 vel
624 4817 799 4880 panonorum
815 4825 925 4866 suorum
941 4817 1053 4866 mortem

251 4893 281 4932 eo
298 4879 395 4934 iudicio
413 4879 453 4936 vel
470 4893 526 4932 rem
544 4895 621 4934 suam
638 4885 792 4946 exequatur.
816 4877 865 4934 sed
879 4885 906 4934 et
920 4879 1052 4934 calumnia

251 4949 347 5002 notans
368 4947 411 5002 ius
433 4945 578 5002 accusandi
601 4945 752 5014 ademptum
775 4947 915 5012 est,item
931 4947 985 5012 his,
1008 4949 1053 5016 qui

251 5029 309 5068 ιιιι
324 5017 416 5070 bestiis
434 5013 603 5082 depugnandi
621 5029 704 5068 causa
719 5015 748 5068 iu
764 5015 891 5068 harenam
907 5015 1052 5070 intromissi

251 5089 318 5150 ιιιι,
337 5083 414 5152 quive
432 5089 516 5136 artem
532 5083 663 5136 ludicram
679 5082 722 5136 vel
737 5083 915 5136 lenocinium⁷
932 5083 1052 5150 fecefint,

250 5149 327 5270 iiiive·
342 5149 575 5272 praeplaiuicationis
593 5149 771 5274 &mninstro
786 5167 868 5232 causa
881 5151 945 5274 oppid
957 5151 1053 5206 iecisse

250 5233 904 5408 ggiiiuiliiiibsiiim’iiiii
918 5235 1053 5360 irrite

319 5369 380 5410 aus
397 5369 455 5410 err.

250 5461 638 5482 Ἤμ-

249 5517 279 5590 (ι)
296 5523 497 5578 ιιιιὶιιιιιιᾰᾱ.

283 5591 315 5652 (ι)
333 5593 394 5644 Sat.
408 5605 567 5656 1...e.11...u;
585 5597 635 5646 Ed.
650 5607 742 5656 15...ro;
761 5595 825 5662 Pap.
839 5607 862 5650 a.
875 5607 909 5650 ιι.
923 5609 955 5650 ιι.
970 5609 1004 5650 ιι.
1018 5627 1052 5634 „..

250 5655 312 5708 Bos.
322 5661 363 5722 60,
372 5663 498 5728 ate-Cf.
512 5665 569 5716 θοι.
579 5665 626 5728 9,ι
652 5731 653 5734 Ἴ
689 5667 721 5728 (3)
740 5677 909 5716 earumvescr.
971 5667 1003 5728 (t)
1022 5683 1050 5716 er

249 5717 302 5800 lege
313 5725 471 5790 publicorum
483 5731 652 5782 testimonium
666 5733 726 5782 Hal.
796 5733 828 5798 (5)
845 5731 944 5798 pupilio
954 5749 984 5784 er
992 5749 1054 5784 eon-

249 5789 303 5842 elio
311 5797 424 5846 tutorum
432 5797 510 5860 patris
518 5801 622 5848 mortem
630 5799 756 5866 asiverni,
770 5799 831 5850 item
843 5799 954 5866 pupillas
963 5801 1053 5866 exequi

1045 345 1105 424 m
1193 441 1194 444 Ὺ

1613 353 1816 422 XXXXVHI
1841 367 1868 424 l.
1886 367 1905 424 2

1136 537 1154 594 5
1172 541 1251 594 Ιιιι
1271 541 1338 596 libro
1361 539 1440 594 lertio
1458 537 1491 592 dc
1514 535 1653 592 adulteriis
1686 531 1782 586 Servos
1802 553 1906 604 quoque
1951 595 1952 598 ,

1101 607 1226 662 adulterii
1241 623 1321 676 posse
1338 605 1461 662 accusari
1478 605 1552 658 niella
1569 601 1697 658 dubitatio
1715 605 1771 654 est:
1797 603 1844 656 sed
1862 607 1906 670 qui

1100 675 1275 740 probibentur
1292 673 1416 730 adulterii
1433 673 1530 726 liberos
1548 673 1666 724 homiues
1683 683 1819 732 accusare,
1837 669 1906 724 idem

1103 755 1192 796 servos
1210 759 1314 810 quoqne
1331 743 1551 812 prohibebuntur.
1586 739 1634 794 sed
1655 751 1689 792 ex
1704 733 1836 804 rescripto
1855 737 1907 790 divi

1101 807 1189 862 Marci
1205 809 1284 862 etiam
1298 811 1425 862 adversus
1442 809 1579 878 proprium
1592 823 1695 860 servum
1709 805 1907 882 accusationem

1101 875 1240 930 instituere
1256 877 1376 930 domiuus
1391 883 1488 946 potest.
1516 881 1578 944 post
1589 875 1641 928 hoc
1655 873 1736 942 igitur
1749 877 1907 940 resumptum

1103 943 1246 996 accusandi
1261 943 1407 1000 necessitas
1424 943 1559 998 incumbet
1576 943 1679 996 domino
1695 957 1802 996 serrum
1815 955 1906 994 suum:

1104 1015 1221 1062 ceterum
1236 1011 1306 1064 iuste
1322 1011 1418 1066 mulier
1434 1015 1519 1082 nupta
1535 1011 1743 1080 praescriptione
1760 1015 1858 1066 utetur.

1138 1073 1157 1132 6
1175 1075 1255 1130 Ione
1268 1079 1336 1132 libro
1349 1081 1467 1134 secundo
1481 1081 1515 1134 dc
1527 1079 1620 1150 officio
1654 1079 1804 1134 rocoasulis
1826 1077 1908 1132 Levia

1104 1143 1213 1198 crimina
1241 1145 1332 1198 audire
1355 1153 1382 1200 et
1411 1147 1542 1202 discutere
1565 1147 1635 1216 dep
1664 1163 1698 1204 no
1721 1149 1908 1218 proconsulem

1104 1217 1211 1282 oportet
1232 1217 1259 1266 et
1278 1213 1323 1268 vel
1339 1213 1454 1270 liberare
1472 1231 1529 1282 eos,
1559 1213 1653 1282 quibus
1676 1215 1843 1282 cbicirmtur,
1866 1215 1908 1270 vel

1103 1281 1221 1336 fustibus
1238 1281 1366 1348 casdgare
1382 1283 1425 1336 sel
1441 1281 1551 1352 flagellis
1568 1297 1657 1338 servos
1674 1285 1822 1340 verberare.

1139 1345 1255 1428 lensr
1282 1349 1353 1428 libro
1369 1351 1482 1420 septimo
1504 1351 1536 1406 dc
1558 1351 1651 1420 officio
1673 1351 1845 1422 proconsulis
1879 1351 1908 1406 Si

1104 1417 1149 1474 cui
1166 1431 1265 1472 crimen
1282 1417 1420 1482 obicietur,
1438 1419 1596 1486 praecedere
1614 1419 1708 1474 ιιιιιιΒ
1726 1419 1827 1476 odmen
1843 1423 1906 1476 sub-

1104 1485 1221 1556 scriptio.
1256 1501 1323 1552 quae
1340 1501 1383 1540 res
1400 1485 1435 1540 ad
1451 1487 1478 1540 id
1494 1487 1599 1540 inventa
1616 1495 1670 1556 ιιι,
1696 1505 1730 1544 ιι
1752 1489 1832 1546 iacile
1848 1491 1907 1558 quis

1103 1555 1226 1624 prosiliat
1250 1553 1285 1608 ad
1309 1555 1519 1620 accusationem,
1547 1573 1607 1610 cum
1631 1557 1699 1612 sciat
1719 1557 1832 1612 inultam
1857 1559 1908 1612 sibi

1107 1631 1118 1678 1
1154 1621 1350 1678 accusationem
1364 1637 1419 1676 non
1433 1621 1559 1678 futuram.
1588 1623 1688 1678 Oavent
1700 1625 1790 1694 itaque
1802 1627 1906 1694 singuli,

1104 1693 1176 1762 quod
1193 1691 1292 1744 crimen
1305 1689 1430 1754 obiciant,
1448 1695 1475 1744 et
1492 1699 1630 1762 praeterea
1646 1699 1861 1762 perseveraturos
1879 1709 1908 1748 se

1104 1765 1119 1816 2
1154 1759 1307 1816 incrimine
1329 1773 1414 1826 nsque
1431 1759 1466 1812 ad
1483 1761 1647 1814 sententiam.
1682 1761 1769 1816 Isdem
1793 1761 1907 1826 crimini-

1103 1831 1167 1896 bus,
1194 1829 1289 1898 quibus
1312 1825 1370 1896 quis
1393 1825 1521 1884 liberatus
1543 1835 1595 1896 est,
1621 1845 1675 1882 non
1697 1829 1776 1885 debet
1798 1845 1906 1900 praeses

1103 1899 1161 1966 pati
1178 1897 1289 1952 eundem
1310 1897 1443 1960 accusari,
1466 1901 1493 1950 et
1516 1897 1554 1950 ita
1576 1897 1650 1954 disus
1667 1897 1730 1952 Pius
1748 1897 1836 1954 Salvio
1853 1899 1907 1952 Va-

1103 1967 1169 2020 lenti
1185 1963 1332 2032 rescripsit:
1350 1963 1402 2020 sed
1414 1963 1473 2030 hoc,
1491 1969 1581 2018 utrum
1595 1967 1629 2020 ab
1644 1965 1736 2020 eodem
1753 1981 1789 2020 au
1805 1981 1854 2022 nec
1873 1969 1908 2020 ab

1105 2035 1158 2088 alio
1176 2033 1297 2088 accusari
1313 2033 1411 2102 possit,
1435 2033 1575 2088 ridendum
1592 2039 1642 2086 est.
1676 2037 1702 2086 ct
1718 2041 1824 2102 putem,
1841 2051 1907 2102 quo-

1105 2101 1175 2156 niam
1193 2117 1239 2156 res
1252 2101 1322 2154 inter
1339 2101 1405 2154 alios
1427 2101 1560 2154 iudicatae
1577 2101 1620 2154 alii
1637 2117 1692 2154 non
1714 2101 1906 2170 praeiudicant,

1104 2171 1128 2226 si
1143 2169 1175 2236 is,
1194 2171 1239 2238 qui
1256 2185 1326 2224 nunc
1341 2173 1482 2224 accusator
1495 2167 1602 2236 assitit,
1620 2185 1697 2224 suum
1712 2171 1830 2224 dolorem
1845 2185 1907 2240 per-

1104 2245 1232 2308 sequatur
1258 2239 1403 2308 doceatque
1432 2237 1569 2306 ignorasse
1596 2251 1624 2290 se
1652 2237 1850 2292 accusationem
1873 2239 1907 2292 ab

1104 2307 1156 2362 alio
1174 2307 1333 2374 institutam,
1351 2323 1447 2376 magna
1463 2321 1497 2360 ex
1515 2321 1597 2360 causa
1613 2303 1716 2360 admitti
1733 2321 1793 2360 eum
1810 2307 1844 2360 ad
1862 2321 1907 2360 ac-

1105 2381 1119 2430 3
1156 2377 1317 2432 cusationem
1335 2377 1438 2432 debere.
1472 2375 1500 2430 Si
1516 2379 1604 2428 tamen
1621 2375 1672 2428 alio
1691 2373 1799 2428 crimine
1814 2379 1907 2442 postu·

1104 2445 1174 2500 letur
1191 2445 1224 2498 ab
1243 2443 1341 2512 eodem,
1360 2443 1450 2512 quiin
1467 2443 1519 2498 alio
1537 2443 1645 2498 crimine
1657 2457 1718 2496 enm
1732 2443 1908 2496 calumniatus

1105 2519 1154 2578 est,
1171 2519 1237 2594 puto
1254 2529 1308 2566 non
1325 2513 1404 2568 facile
1421 2511 1612 2566 admittendum
1626 2527 1686 2566 eum
1703 2511 1749 2580 qui
1766 2511 1845 2566 semel
1863 2527 1908 2566 ca·

1104 2581 1247 2636 lummatus
1277 2581 1325 2636 sit:
1359 2581 1477 2650 quamvis
1505 2581 1587 2634 filium
1613 2579 1777 2634 accusatoris
1806 2579 1908 2632 admitti

1105 2653 1229 2718 oportere
1251 2649 1329 2704 aliam
1355 2649 1551 2706 accusationem
1577 2649 1760 2704 instituentem
1781 2647 1908 2702 adversus

1105 2731 1179 2782 eum,
1202 2731 1280 2782 quem
1295 2723 1373 2786 pater
1390 2721 1561 2772 accusaverat
1577 2717 1653 2770 dirus
1670 2715 1734 2770 Pius
1751 2715 1819 2770 Iulio
1838 2717 1908 2770 Oan-

1105 2789 1120 2836 4
1156 2783 1218 2838 dido
1234 2785 1378 2854 rescripsit.
1413 2785 1488 2840 Idem
1504 2785 1648 2854 imperator
1664 2783 1800 2852 rescripsit
1817 2797 1908 2838 servos

1103 2851 1141 2906 ibi
1157 2851 1312 2920 puniendos,
1330 2851 1377 2906 ubi
1394 2851 1534 2921 deliquisse
1552 2857 1704 2920 arguantur,
1723 2851 1908 2920 dominumque

1106 2935 1207 2982 eorum,
1226 2919 1248 2972 si
1265 2919 1327 2974 velit
1344 2935 1389 2974 eos
1407 2919 1555 2986 defendere,
1573 2935 1627 2974 nou
1643 2935 1722 2988 posse
1739 2935 1863 2974 revocare
1880 2919 1907 2972 in

1104 2985 1909 3124 crisiacumeneruatius

1106 3121 1195 3190 aliqua
1212 3121 1356 3190 provincia,
1374 3121 1469 3176 deinde
1485 3123 1514 3176 in
1530 3123 1583 3176 alia
1599 3121 1686 3176 minus
1703 3121 1815 3190 crimen,
1832 3121 1908 3176 divus

1104 3189 1169 3244 Pius
1186 3189 1282 3244 Pontio
1298 3189 1414 3244 Proculo
1431 3189 1580 3258 rescripsit,
1619 3195 1739 3260 ostquam
1757 3189 1909 3258 cognoverit

1105 3257 1138 3310 de
1162 3257 1269 3310 ιιιιιὶιι
1289 3257 1318 3310 in
1345 3271 1395 3310 sua
1421 3257 1557 3322 provincia
1583 3205 1711 3322 ciuisse,
1736 3263 1766 3310 ιι
1788 3271 1863 3312 reum
1880 3257 1908 3310 in

1105 3323 1342 3390 comprovinciam
1364 3325 1523 3388 remitteret,
1546 3325 1593 3376 ubi
1610 3325 1776 3392 sacrilegium
1794 3325 1907 3378 admisit.

1139 3385 1158 3448 8
1181 3391 1287 3444 Macae
1312 3391 1380 3444 libro
1397 3391 1514 3444 securtdo
1532 3391 1565 3444 de
1585 3391 1701 3462 publicis
1718 3393 1824 3446 iudiciis
1857 3391 1908 3458 Qui

1105 3473 1232 3512 accusare
1247 3463 1367 3526 possunt,
1385 3457 1574 3526 intellegemus,
1593 3457 1617 3512 si
1630 3457 1774 3538 scierimus,
1792 3459 1838 3526 qni
1854 3475 1908 3512 non

1103 3529 1224 3592 possunt.
1258 3525 1348 3596 itaque
1375 3523 1549 3592 probibentur
1577 3541 1704 3580 accusare
1727 3525 1773 3580 alis
1799 3531 1909 3596 propter

1104 3607 1197 3646 sexum
1228 3595 1269 3646 vel
1294 3597 1422 3656 aetatem,
1453 3599 1484 3646 ut
1508 3593 1615 3658 mulier,
1646 3599 1677 3646 ut
1702 3595 1832 3662 pupillus:
1863 3595 1909 3648 alii

1103 3665 1213 3728 propter
1229 3665 1432 3726 sacramentum,
1450 3661 1537 3730 utqui
1556 3661 1714 3730 stipendium
1728 3667 1845 3716 merent:
1863 3661 1908 3714 alii

1104 3733 1215 3794 propter
1236 3727 1419 3796 magistratum
1441 3733 1645 3796 potestatemve,
1674 3729 1702 3782 in
1724 3745 1776 3796 qua
1799 3735 1908 3796 agentes

1103 3793 1161 3848 sine
1178 3793 1271 3850 fraude
1286 3795 1315 3846 in
1332 3793 1374 3848 ius
1392 3795 1498 3848 evocari
1514 3811 1568 3850 non
1585 3801 1709 3864 possunt:
1737 3797 1782 3850 alii
1798 3803 1909 3864 propter

1104 3861 1230 3914 delictum
1245 3861 1396 3930 proprium,
1419 3867 1451 3914 ut
1466 3861 1591 3916 infames:
1616 3863 1662 3916 alii
1678 3869 1788 3932 propter
1803 3869 1908 3930 turpem

1104 3935 1254 3996 quamtum,
1283 3929 1380 3998 utqui
1406 3929 1458 3982 duo
1484 3931 1580 3984 iudicia
1605 3931 1732 3984 adversus
1756 3931 1822 3984 duos
1847 3945 1907 3982 reos

1103 3997 1254 4066 subscripta
1271 3997 1371 4050 habent
1384 4011 1537 4052 nummosve
1554 3997 1589 4052 ob
1602 3997 1781 4050 accusandum
1798 3997 1840 4050 vel
1853 4013 1908 4050 non

1103 4063 1284 4118 accusandum
1311 4063 1475 4132 acceperint:
1507 4065 1552 4118 alii
1583 4071 1693 4134 propter
1727 4063 1908 4120 confficionem

1103 4147 1190 4196 suam,
1208 4135 1239 4184 ut
1253 4131 1370 4186 libertini
1388 4137 1482 4186 contra
1498 4137 1638 4200 patronos:

1138 4195 1157 4254 9
1175 4197 1293 4252 Pronus
1313 4199 1382 4252 libro
1400 4201 1493 4280 quinto
1509 4201 1699 4254 sententiarum
1736 4199 1782 4252 alii
1799 4203 1908 4266 propter

1103 4265 1281 4334 suspicionem
1298 4267 1461 4332 colummae,
1484 4271 1515 4320 ut
1536 4267 1588 4334 illi,
1612 4267 1657 4336 qui
1672 4267 1771 4322 falsum
1787 4265 1905 4320 testimo-

1103 4335 1176 4390 nium
1194 4335 1332 4390 subornati
1348 4335 1485 4390 dirarum:

1140 4399 1177 4458 to
1195 4401 1450 4456 Hrauoonrmuus
1465 4403 1533 4456 libro
1550 4405 1627 4456 sesto
1646 4403 1714 4456 iuris
1730 4401 1905 4472 epitoniorum

1103 4469 1224 4522 uonuidli
1249 4475 1359 4538 propter
1383 4475 1578 4540 paupertatem,
1606 4473 1637 4522 ut
1664 4473 1727 4524 sunt
1754 4467 1800 4538 ιιι
1820 4467 1907 4522 minus

1103 4553 1183 4606 quam
1217 4537 1390 4606 uinquaginta
1407 4553 1503 4592 aureos
1520 4537 1627 4590 habent.

1140 4603 1175 4660 ll
1196 4555 1301 4660 irone
1327 4607 1394 4660 libro
1418 4605 1534 4660 secundo
1552 4605 1585 4660 de
1597 4603 1714 4676 publicis
1731 4603 1839 4660 iudiciis
1871 4603 1907 4658 Hi

1102 4679 1193 4728 tamen
1209 4689 1308 4740 omnes,
1326 4675 1350 4728 si
1362 4689 1439 4728 suam
1449 4673 1572 4726 iniuriam
1586 4677 1752 4742 exequantur
1764 4677 1908 4726 mortemve

1102 4741 1313 4812 propinquorum
1330 4741 1484 4806 defendent,
1507 4740 1539 4796 ab
1558 4741 1730 4798 accusatione
1746 4757 1800 4796 non
1818 4741 1907 4794 exclu-

1106 4817 1116 4864 1
1143 4811 1261 4882 duntur.
1295 4809 1386 4864 Liberi
1413 4811 1555 4878 libertique
1580 4825 1635 4864 non
1661 4815 1723 4864 sunt
1750 4809 1907 4878 probibendi

1103 4895 1212 4934 suarum
1228 4895 1317 4934 rerum
1334 4879 1556 4934 defendendarum
1572 4879 1658 4946 gratia
1676 4879 1707 4932 de
1721 4877 1794 4934 facto
1811 4893 1905 4948 paren-

1102 4949 1169 5002 tium
1191 4953 1397 5014 patronorumve
1421 4947 1508 5014 queri,
1529 4945 1611 5002 veluti
1633 4945 1656 5000 si
1679 4947 1770 5002 dicant
1786 4947 1812 5002 vi
1828 4963 1857 5002 se
1874 4949 1907 5002 ι9

1102 5015 1272 5086 possessione
1292 5017 1327 5070 ab
1350 5015 1392 5068 his
1409 5015 1547 5084 expulsos,
1573 5013 1674 5068 scilicet
1690 5033 1745 5070 non
1761 5023 1792 5070 ut
1809 5017 1907 5074 cumen

1102 5085 1142 5140 vis
1157 5085 1194 5140 eis
1208 5083 1355 5152 intendant,
1370 5083 1418 5136 sed
1431 5089 1461 5136 ut
1475 5083 1670 5152 possessionem
1683 5083 1821 5154 recipiant.
1844 5101 1907 5140 nam

1103 5157 1130 5206 et
1146 5153 1217 5206 filius
1234 5169 1288 5208 ιιι
1305 5151 1410 5222 quidem
1432 5151 1582 5220 prohibitus
1604 5155 1645 5206 est
1667 5153 1700 5206 de
1721 5155 1794 5208 iacto
1815 5155 1907 5208 matris

1103 5221 1187 5290 queri,
1205 5221 1227 5276 si
1244 5221 1317 5274 dicat
1332 5221 1500 5288 suppositum
1517 5221 1552 5274 ab
1569 5235 1602 5274 ca
1618 5227 1736 5291 partum,
1754 5239 1806 5290 quo
1824 5223 1907 5290 ιιιςίι

1103 5289 1260 5344 coheredem
1277 5289 1401 5356 baberet,
1425 5289 1473 5344 sed
1488 5305 1562 5344 ream
1578 5303 1637 5342 eam
1652 5289 1710 5358 lege
1729 5289 1850 5346 Oornelia
1866 5291 1907 5344 ia-

1104 5363 1119 5410 ι
1155 5371 1215 5412 cere
1232 5357 1389 5428 permissum
1403 5357 1429 5410 ei
1442 5361 1559 5412 nonest.
1585 5357 1692 5414 Aballo
1707 5359 1824 5414 delatum
1838 5359 1907 5410 alius

1103 5545 1245 5582 conessum
1253 5533 1302 5580 est:
1319 5527 1374 5594 lege
1386 5531 1470 5582 ιιιιιι
1482 5527 1668 5584 testamentaria
1680 5531 1710 5582 de
1721 5529 1800 5594 patris
1808 5527 1906 5592 quidem

1102 5599 1247 5650 testamento
1260 5595 1365 5662 pupillis
1379 5613 1452 5664 agere
1469 5597 1541 5650 divus
1554 5599 1719 5664 Vespasianus
1735 5595 1859 5660 permisit,
1878 5595 1907 5644 de

1103 5665 1392 5732 aHisnonpermisitscr.
1445 5669 1477 5732 (6)
1493 5665 1736 5732 selparentiumius.
1789 5663 1822 5724 (ι)
1838 5661 1906 5710 leno-

1103 5733 1206 5786 ciumF
1266 5735 1299 5798 (ι)
1317 5733 1449 5786 iniusi'²
1517 5735 1551 5798 (a)
1569 5733 1656 5782 vuar
