4366 6258
1040 349 1104 422 495
1538 349 1698 418 xxxim
1721 353 1791 414 ιι.
1805 349 1910 416 ιιι

248 377 288 424 Du
307 375 358 422 ffls
380 371 468 430 QUAE
488 375 625 424 reum

252 551 274 602 et
288 541 487 612 captarentur,
511 555 573 594 oum
596 541 708 610 quisque
726 555 816 594 eorum
834 541 868 592 ad
886 541 1048 610 trigesimum
1101 535 1180 588 modo
1192 533 1358 602 improbasse
1368 539 1480 602 ridetur,
1498 553 1551 606 quo
1562 529 1729 610 improbatae
1740 529 1821 608 surmt
1834 529 1909 608 illae:

253 625 339 668 mrum
352 607 446 662 aetatis
459 607 625 676 pervenisset
633 611 650 674 ¹,
667 613 694 662 et
712 623 772 662 cum
788 607 855 660 liber
874 609 987 676 quisque
1004 623 1048 660 eo·
1101 607 1164 678 ‘qua
1181 615 1215 654 0¹
1232 607 1369 678 partemii
1385 603 1473 658 Titius
1489 599 1614 658 taedent
1625 603 1794 668 seriptumrn
1810 595 1911 676 talium

253 693 302 736 rom
317 679 392 738 esset,
418 679 520 728 certam
536 689 668 728 summam
690 673 750 728 dari
772 673 901 728 voluerat.
938 679 965 728 et
985 689 1049 730 cou-
1102 671 1166 722 ‘ems
1183 673 1343 732 recitarent,
1367 685 1400 722 ex
1416 685 1449 722 ea
1466 677 1545 738 parte
1560 671 1638 724 heres
1655 667 1729 730 eud,
1753 667 1785 718 Ui
1800 663 1911 730 Ptrffldt
1945 695 1947 700 ’

253 749 331 804 iuncta
347 739 479 808 scriptura
496 741 536 794 ita
547 747 668 796 caverat:
686 741 811 796 ‘Sabinae
829 745 855 794 et
869 739 1050 808 Cyprogeniae
1100 733 1273 800 haberentur,
1290 751 1323 788 ac
1340 735 1363 790 ιι
1379 733 1495 814 insertae
1512 741 1671 792 testamento
1688 751 1743 790 nun
1758 733 1880 788 ιιιιιιιιιι.

254 811 309 868 ‘dari
323 811 388 874 solo,
407 823 467 862 cum
485 807 520 862 ad
533 813 662 864 statutam
674 813 789 862 aetatem
800 807 978 876 pervenerint,
995 809 1049 862 sin·
1136 799 1311 856 inerrare
1331 801 1422 856 Vanus
1436 803 1503 856 tetro
1522 805 1616 872 quinto
1637 805 1801 876 diqestorum
1835 799 1911 868 Quae

254 879 317 952 gulis
334 879 421 932 decem
439 883 466 928 et
482 875 534 930 hoo
552 877 665 944 amplius
688 875 876 928 alimentorum
899 875 1005 928 nomine
1022 875 1050 928 in
1101 871 1129 924 in
1151 873 1311 924 testamento
1343 869 1443 936 scripta
1472 877 1561 922 essent
1585 887 1672 940 neque
1695 871 1911 938 intellegerentur

255 955 336 1004 ‘annos
352 941 468 1010 singulos
487 943 576 1012 quoad
593 943 681 996 ιιιιιιι
696 941 807 1018 singulis
825 939 934 994 deoem’.
968 955 1049 1060 guae·
1102 935 1166 1006 quid
1183 935 1370 1016 significarent,
1387 951 1420 988 ea
1437 937 1547 1006 perinde
1563 945 1627 1016 sunt
1643 955 1676 994 ac
1697 939 1722 994 si
1738 941 1839 1008 scripta
1856 951 1911 990 non

254 1017 320 1072 situm
336 1013 376 1066 est
392 1015 481 1062 utrum
499 1009 622 1062 omnibus
641 1009 808 1062 manumissa
827 1007 953 1062 admenta
989 1009 1049 1062 ebe·
1102 1009 1206 1060 essent:
1224 1003 1326 1072 rehqua
1343 1007 1500 1072 adtemper
1517 1017 1621 1072 seipsa
1637 1007 1734 1060 salem.

255 1089 321 1138 antur
338 1093 372 1132 an
387 1091 449 1130 vero
466 1075 583 1132 Sabinae
599 1081 628 1130 et
640 1075 820 1146 Cyprogeniae
838 1075 910 1128 solis.
939 1091 1050 1144 respon·
1136 1067 1350 1130 3Maacrarus
1365 1071 1434 1126 libro
1450 1071 1591 1126 undecimo
1608 1075 1803 1130 institutionum
1838 1075 1867 1130 si
1883 1075 1912 1126 iu

255 1151 286 1204 dit
301 1143 440 1202 secundum
458 1159 490 1198 ea
508 1159 577 1214 quae
593 1147 808 1214 proponerentur
828 1141 911 1196 rideri
929 1143 1050 1196 omnibus
1101 1139 1239 1194 metallum
1261 1137 1385 1194 damnato
1409 1137 1473 1208 quid
1495 1143 1572 1192 extra
1594 1153 1704 1194 causam
1725 1141 1910 1198 alimentorum

255 1217 364 1274 admenta
380 1213 476 1282 legata.

609 1417 678 1480 V1².

257 1521 295 1576 br
308 1519 363 1570 HIS
380 1519 471 1576 QUAE
488 1517 629 1570 Poenam
647 1515 756 1570 CAUSA
773 1517 1051 1574 retinebuntur.

286 1615 299 1674 1
317 1617 481 1672 Ararcnnus
495 1617 564 1672 libro
582 1617 772 1686 quaestionum
800 1615 870 1672 Filio
887 1613 1052 1670 familiasrel

258 1699 321 1744 ιιιιο
344 1685 440 1738 herede
462 1685 585 1738 instituto
608 1685 687 1738 etiam
710 1683 733 1738 si
761 1683 790 1738 in
813 1683 900 1754 patris
922 1683 1053 1738 dominive

258 1769 357 1824 poenam
372 1753 462 1806 illicite
479 1751 521 1816 rel
536 1753 668 1822 probrose
684 1751 849 1816 detumeat,
873 1751 972 1806 nudius
995 1767 1051 1806 mo·

258 1821 327 1876 nand
342 1821 455 1888 legatum
479 1835 539 1876 esse
557 1819 712 1888 respondit:
734 1835 791 1876 uon
813 1819 885 1876 enim
906 1819 935 1872 id
957 1819 1052 1884 solum,

258 1887 318 1960 quod
332 1887 357 1942 in
368 1887 477 1942 heredes
485 1889 505 1952 ³,
523 1887 571 1942 sed
582 1903 669 1954 omne,
686 1887 758 1958 quod
769 1887 798 1940 in
809 1889 937 1956 cuiusque
947 1885 1053 1940 lucrum

258 1955 393 2022 siquiden
409 1957 503 2010 ultima
520 1955 657 2010 uoluntate
674 1957 811 2010 sentientia
834 1955 916 2008 talem
938 1969 1052 2024 poenam

257 2025 437 2080 intentamente
449 2023 579 2092 scriptum
590 2023 633 2088 sit,
645 2023 743 2080 nullius
755 2023 882 2078 momenti
891 2021 1052 2076 habendum.

285 2085 488 2146 2Mrar1arcs
509 2093 577 2146 libro
599 2095 677 2146 sento
700 2091 897 2146 institutionum
935 2089 1053 2144 Poenam

259 2157 431 2214 ccondcioue
447 2159 571 2214 uoluntas
588 2161 724 2214 testatoris
743 2163 852 2226 separat
866 2161 894 2212 et
910 2173 945 2212 an
956 2173 1051 2226 poena,

259 2241 287 2280 an
302 2225 429 2290 condicio,
454 2219 490 2280 ah
507 2227 645 2280 translatio
663 2227 706 2292 sit,
729 2241 762 2282 ex
779 2225 917 2280 uoluntate
933 2223 1053 2282 defuncti

259 2299 366 2412 appartet:
392 2293 472 2364 idque
496 2293 549 2350 diri
575 2293 686 2350 Seuerus
710 2299 737 2350 et
759 2293 912 2348 Autumnus
936 2293 1063 2364 rescrips

260 2375 344 2416 rerun.

603 2569 630 2628 V
647 2565 686 2628 1⁴.

432 2665 480 2716 DE
497 2569 646 2716 REGULAI
655 2665 861 2716 euremari.

288 2760 302 2817 1
321 2761 425 2818 Cursus
437 2763 506 2818 libro
521 2765 558 2818 tri
576 2767 656 2818 esimo
669 2765 763 2836 quinto
778 2763 941 2834 digestorum
973 2765 1053 2818 [lato-

261 2831 327 2886 nlana
345 2829 436 2898 regula
458 2833 497 2886 sic
521 2831 552 2884 de
592 2833 624 2900 ἰ,
654 2833 740 2902 quod,
770 2831 793 2886 si
815 2831 967 2886 testamenti
988 2831 1055 2886 lacti

261 2905 363 2968 tempore
381 2899 538 2954 decessisset
554 2899 674 2962 testator,
691 2899 786 2954 inutile
801 2899 880 2962 foret,
898 2899 925 2952 id
938 2899 1053 2968 legatum

262 2965 466 3034 quandocumque
482 2967 633 3034 decesserit,
650 2983 705 3022 non
721 2965 819 3022 valere.
853 2983 921 3034 quae
935 2965 1053 3022 definitio

263 3039 272 3088 ι
301 3033 501 3100 inquibusdam
517 3031 587 3092 falsa
609 3039 659 3090 est.
693 3033 764 3102 Quid
784 3033 868 3098 enim,
892 3033 915 3088 si
939 3033 1054 3104 quisita

263 3103 384 3170 legaverit:
419 3101 450 3154 ‘si
494 3107 538 3156 ost
561 3103 689 3158 kalendas
714 3101 951 3168 marmaricam,
982 3101 1053 3154 Titio

263 3169 348 3224 ‘dato'i
363 3185 397 3222 an
415 3169 471 3224 ιιι·
493 3171 588 3224 amur?
604 3187 666 3224 nam
682 3169 735 3224 hoo
749 3169 828 3222 modo
841 3169 865 3222 si
875 3169 965 3222 statim
982 3185 1053 3222 mor-

263 3235 414 3300 incaluerit,
431 3253 487 3290 non
505 3253 563 3292 esse
581 3235 672 3292 datium
683 3237 798 3304 legatum
815 3237 903 3290 verius
917 3241 958 3290 est
974 3253 1054 3304 quam

263 3307 275 3358 l
301 3303 422 3358 inutiliter
438 3303 540 3358 datum
574 3305 641 3358 item
658 3307 682 3360 si
697 3305 746 3358 tibi
766 3303 870 3370 legatus
888 3309 929 3356 est
946 3301 1054 3368 modus,

263 3373 299 3440 qui
312 3373 441 3428 scribendi
462 3373 615 3428 testamenti
638 3379 757 3442 tempore
779 3373 842 3424 tuus
867 3375 922 3436 est,
949 3371 972 3424 si
995 3385 1055 3424 eum

263 3441 308 3496 ιιι
323 3445 447 3496 testatore
464 3439 629 3508 alienareris,
646 3441 762 3510 legatum
779 3437 828 3494 tibi
845 3438 964 3504 debetur,
983 3439 1054 3507 quod

263 3509 466 3574 reddebetum,
484 3509 508 3562 si
524 3515 637 3578 testator
654 3511 744 3564 statim
761 3505 927 3562 decessisset.

289 3573 306 3634 ι
320 3577 435 3634 Patalis
449 3577 519 3632 libro
536 3585 634 3648 quarto
646 3577 682 3630 ud
695 3577 831 3632 Picentium
866 3573 921 3628 Sed
938 3581 964 3628 et
980 3575 1004 3628 si
1015 3575 1054 3628 sic

263 3647 386 3714 legaverit:
416 3645 448 3700 ‘si
473 3643 530 3700 filia
554 3659 614 3698 mea
636 3643 707 3698 Titio
728 3647 813 3712 nupta
836 3641 903 3710 erit',
932 3641 1056 3696 sufficere

264 3715 334 3766 ιιιιιιι
350 3719 396 3778 ιιι,
415 3713 438 3766 ιι
454 3713 547 3766 mortis
564 3719 683 3780 tempore
706 3717 791 3780 nupta
807 3709 971 3774 inueniatur,
992 3709 1056 3762 licet

263 3781 396 3836 ιιιιιιιιιιιι
413 3779 479 3834 facti
494 3785 614 3848 tempore
631 3779 711 3832 fuerit
726 3777 857 3844 impubes.

290 3845 507 3908 3Per1nmnus
527 3847 595 3902 lituo
621 3847 714 3916 quinto
740 3845 842 3900 decimo
869 3847 1056 3916 quaestionum

265 3915 395 3972 ιιιοιιιιιι
410 3913 504 3984 regida
519 3931 574 3970 uon
611 3913 706 3970 ertinet
728 3913 763 3968 ad
785 3913 947 3970 hereditates
969 3927 1056 3982 neque

264 3985 293 4040 ιι
306 4001 335 4040 ιι
350 3989 442 4056 legata,
461 3999 575 4052 quorum
611 3983 647 4036 'es
663 3997 718 4038 non
734 3981 828 4036 mortis
851 3987 986 4050 tempore,
1009 3981 1057 4036 sed

263 4059 315 4120 post
329 4053 425 4108 aditam
442 4051 513 4108 cedit
528 4051 710 4108 hereditatem.

291 4121 308 4178 4
328 4123 469 4178 Uarrones
483 4119 552 4174 libro
569 4119 670 4174 denno
688 4119 725 4174 ud
735 4117 866 4174 Sabinum
899 4117 992 4172 Placet
1004 4117 1056 4172 Ga-

264 4189 322 4244 tonis
337 4189 453 4258 regulam
470 4185 506 4240 ad
523 4185 718 4242 condicionales
731 4185 912 4240 institutiones
923 4201 978 4240 non
994 4201 1055 4256 per-

264 4255 342 4312 inere.

293 4323 399 4382 biorn
415 4323 483 4378 libro
500 4323 624 4376 circnma
641 4323 758 4378 secundo
782 4321 820 4376 nd
836 4319 965 4376 Sabinum
1001 4319 1054 4374 Re-

265 4393 317 4456 gula
332 4393 477 4448 Catoniana
494 4389 529 4444 ad
546 4403 630 4444 noras
647 4387 717 4462 leger
734 4405 789 4444 uon
806 4389 928 4460 pertinet.

603 4601 675 4660 VIII
682 4599 702 4660 ⁶.

267 4693 306 4746 Illi
319 4697 373 4748 HIS
390 4699 482 4756 QUAE
498 4699 563 4750 PRO
580 4699 652 4750 NON
672 4697 840 4748 sestertia
861 4693 1057 4746 HABENTUR.

296 4791 309 4852 1
327 4795 466 4854 lucrinus
481 4799 549 4852 libro
566 4797 762 4870 septuagesimo
781 4801 874 4850 octauo
892 4795 1056 4864 diqestorum

267 4857 291 4914 ii
309 4865 363 4930 quis
384 4865 558 4920 hereditatem
580 4865 622 4920 rel
642 4863 758 4932 legatum
783 4863 851 4916 sibii
877 4861 1056 4932 adscripserit,

268 4931 398 4996 ιιιιιιιιι,
421 4947 456 4988 an
473 4933 605 4988 hereditas
622 4933 663 4986 vel
678 4933 795 5000 legatum
812 4945 861 5000 pro
879 4945 934 4984 non
956 4929 1056 4998 scripto

267 4989 391 5074 iubeatur.
425 5005 453 5056 et
470 5001 546 5070 quid,
564 5001 588 5056 si
604 4999 776 5056 substitutum
792 4997 892 5052 habeat
908 4997 1058 5052 hrriusmcdi

267 5065 402 5120 maudut
422 5069 592 5138 respoudit⁸r
615 5083 679 5138 pars
696 5065 864 5132 hereditatis,
890 5065 924 5120 de
946 5083 999 5134 qua
1015 5081 1058 5122 me

267 5133 417 5204 communi,
428 5135 464 5190 ad
474 5137 647 5192 substitutum
656 5137 777 5206 pertinet.
801 5151 863 5188 nam
875 5139 983 5190 senatus
996 5149 1057 5190 cum

268 5429 293 5494 b}
307 5439 470 5498 parennem
479 5443 506 5492 F

268 5575 279 5610 r
280 5501 326 5616 sifi)
333 5505 519 5620 ἐξι-Βιι.
527 5511 570 5574 44,
578 5521 612 5574 ιι,
622 5521 654 5564 ιι.
663 5521 741 5566 ιι-
752 5515 791 5578 Cf.
802 5513 859 5566 σοι.
869 5515 895 5578 6,
903 5521 936 5566 ιι.
971 5511 1058 5578 (athe-

296 5637 325 5698 ιι)
342 5639 389 5688 Ed.
400 5651 418 5692 ι.
428 5651 454 5700 ιι
466 5641 528 5710 Pop.
539 5655 564 5704 ις
574 5645 635 5698 Sat.
645 5655 664 5698 ι.
674 5659 695 5698 ι.
704 5675 739 5684 -
748 5647 811 5698 Boe.
820 5651 863 5714 ιι,
871 5659 905 5712 ιι,
915 5657 1003 5700 setar.

1101 1207 1223 1264 relictum
1240 1205 1334 1274 fuerit,
1357 1223 1482 1276 pronon
1504 1207 1604 1276 scripte
1628 1213 1669 1260 est
1690 1225 1740 1264 neo
1757 1213 1793 1266 ad
1817 1211 1911 1266 fiscum

1101 1275 1230 1346 pertinet:
1248 1291 1310 1330 nam
1325 1291 1429 1346 poenae
1442 1289 1533 1330 seruus
1547 1279 1597 1340 est,
1614 1291 1668 1328 non
1678 1273 1814 1334 Caesaris:
1833 1285 1860 1334 et
1872 1279 1911 1332 ita

1104 1351 1116 1398 1
1153 1343 1228 1400 dirus
1245 1343 1309 1398 Pius
1326 1343 1470 1414 rescripsit.
1506 1341 1559 1398 Sed
1575 1343 1636 1396 etsi
1652 1349 1911 1412 posttestamentunr

1101 1411 1204 1468 iactum
1225 1411 1302 1466 heres
1327 1411 1466 1466 institutus
1488 1411 1533 1466 vel
1553 1411 1696 1480 legatarius
1721 1411 1749 1466 in
1775 1417 1911 1468 metallum

1103 1485 1119 1534 2
1154 1481 1233 1534 datus
1250 1481 1293 1548 sit,
1311 1479 1347 1534 ad
1362 1479 1458 1534 fiscum
1474 1495 1528 1534 non
1544 1477 1668 1550 pertinet.
1702 1477 1769 1534 Item
1786 1483 1809 1534 si
1834 1499 1910 1538 servo

1106 1547 1192 1606 alieno
1209 1549 1273 1618 quid
1289 1549 1405 1618 legatum
1421 1547 1503 1602 tuerit
1519 1555 1546 1602 et
1562 1553 1657 1616 postea
1673 1561 1691 1602 a
1707 1551 1836 1602 testatore
1850 1551 1911 1606 red·

1106 1621 1209 1686 emptus
1227 1617 1270 1682 sit,
1286 1617 1403 1684 legatum
1420 1615 1614 1684 exsdnguitur:
1637 1629 1699 1670 nam
1722 1631 1791 1684 quae
1807 1617 1835 1668 in
1852 1633 1911 1672 eam

1104 1699 1212 1738 oausam
1234 1686 1425 1756 peruenerunt,
1449 1699 1467 1736 a
1488 1699 1542 1750 qua
1562 1683 1680 1754 incipere
1700 1699 1755 1738 uon
1777 1689 1910 1750 poterant,

1103 1769 1152 1822 pro
1170 1769 1226 1806 non
1242 1753 1347 1822 scriptis
1364 1751 1506 1806 habentur.
1640 1769 1641 1772 ¹

1137 1819 1157 1876 4
1180 1819 1323 1876 Uiuianus
1338 1819 1405 1876 libro
1424 1819 1502 1874 tertio
1525 1819 1627 1874 decimo
1649 1819 1687 1874 ad
1709 1817 1733 1872 ie
1753 1833 1793 1870 em
1809 1815 1910 1870 Iulium

1103 1893 1130 1942 et
1145 1887 1188 1942 Pu
1208 1891 1262 1942 ium
1297 1887 1328 1942 st
1342 1903 1374 1944 eo
1397 1893 1530 1956 tempore,
1554 1903 1608 1956 quo
1634 1885 1714 1942 alicui
1730 1835 1845 1954 fugatum
1862 1885 1909 1938 ad-

1104 1905 1282 2020 scribezatur,
1305 1957 1333 2010 in
1350 1957 1431 2012 rebus
1454 1957 1576 2010 humanis
1586 1957 1608 1990 ¹⁰
1624 1971 1678 2008 non
1695 1961 1766 2020 erat,
1784 1969 1833 2034 pro
1856 1969 1911 2008 non

1106 2029 1116 2076 l
1152 2023 1251 2092 scripto
1269 2025 1321 2080 hoo
1338 2023 1486 2081 habebitur.
1522 2023 1575 2078 Sed
1595 2029 1624 2078 et
1644 2023 1668 2080 si
1683 2023 1712 2076 in
1727 2023 1845 2076 bostrum
1861 2035 1909 2090 po·

1103 2095 1199 2146 testate
1216 2097 1281 2158 erat,
1299 2109 1351 2164 quo
1361 2097 1380 2128 ²¹
1397 2091 1681 2158 testamentumliebat,
1699 2107 1784 2162 neque
1801 2091 1836 2146 ab
1846 2089 1910 2144 hos·

1103 2159 1174 2214 tibus
1191 2161 1281 2230 rediit,
1305 2177 1354 2230 pro
1371 2177 1426 2216 non
1443 2161 1543 2230 scripto
1567 2161 1631 2216 erit:
1652 2165 1680 2216 et
1701 2161 1740 2214 ιιι
1761 2159 1911 2212 Iulianus¹²

1103 2227 1204 2282 scribit.

1137 2293 1155 2350 5
1175 2293 1293 2350 Pactus
1301 2293 1368 2350 libro
1380 2297 1536 2352 duodenne
1549 2269 1734 2366 quaestionum
1761 2293 1839 2362 Quod
1850 2293 1910 2362 quis

1102 2363 1155 2418 sthi
1170 2361 1347 2432 adscripserit,
1373 2363 1396 2418 si
1414 2365 1459 2418 alii
1475 2365 1614 2418 restituere
1637 2377 1655 2418 a
1670 2367 1798 2418 testatore
1820 2361 1909 2416 iussus

1103 2435 1159 2496 eat,
1183 2447 1243 2486 cum
1260 2445 1339 2486 onere
1355 2431 1587 2488 fideicommissum
1597 2431 1619 2466 ¹³
1640 2431 1668 2488 id
1692 2431 1765 2500 apud
1786 2429 1909 2484 heredem

1103 2503 1230 2564 remanet,
1247 2499 1365 2566 quamvis
1382 2515 1431 2566 pro
1450 2515 1505 2554 non
1520 2501 1621 2568 scripto
1633 2505 1711 2554 esset.
1745 2497 1815 2554 idem
1826 2503 1866 2552 est
1883 2505 1910 2550 et

1103 2567 1132 2620 iu
1148 2569 1308 2620 testamento
1325 2565 1425 2620 militis.

1448 2773 1535 2832 vl111
1543 2771 1572 2834 ¹⁴.

1145 2871 1193 2920 nu
1210 2869 1268 2922 urs
1286 2869 1377 2928 nunu
1394 2869 1438 2920 ur
1456 2871 1613 2922 murenis
1630 2871 1866 2924 nuraaunrun.

1142 2965 1155 3022 l
1175 2967 1352 3022 Macerinus
1367 2967 1434 3022 libro
1452 2975 1530 3024 sento
1556 2969 1750 3026 institutionum
1783 2971 1844 3024 Diri
1862 2971 1909 3024 Se·

1104 3049 1183 3090 uerus
1200 3041 1228 3088 et
1243 3037 1393 3088 Antoninus
1410 3037 1605 3114 rescripserunt
1619 3037 1696 3106 quasi
1711 3037 1847 3106 indignum
1865 3053 1910 3092 oa·

1104 3117 1164 3156 rere
1179 3103 1266 3170 legato
1285 3117 1332 3156 seu
1349 3103 1551 3158 fideicommisso
1574 3103 1706 3168 libertum,
1730 3119 1799 3172 quae
1817 3105 1840 3160 ei
1857 3109 1910 3160 tes·

1104 3175 1221 3222 tamento
1237 3169 1345 3238 patroni
1361 3169 1456 3224 relicta
1478 3175 1566 3236 erant,
1592 3187 1652 3224 cum
1674 3175 1816 3238 patronum
1833 3187 1910 3226 suum

1105 3241 1294 3304 postmortem
1312 3237 1368 3292 eius
1385 3237 1462 3304 quasi
1484 3237 1593 3290 illicitae
1608 3239 1703 3292 mercis
1719 3239 1908 3306 negotiatorem

1107 3303 1248 3368 detulerat,
1265 3303 1383 3370 quamuis
1402 3309 1428 3358 et
1444 3303 1590 3372 praemium
1606 3305 1710 3358 meruit.

1139 3367 1256 3428 irum
1283 3371 1350 3426 libro
1374 3371 1513 3426 undecimo
1545 3373 1740 3424 institutionum
1781 3371 1910 3424 Aufertur

1105 3439 1238 3492 hereditas
1250 3451 1284 3492 ex
1294 3451 1355 3492 asse
1367 3443 1394 3490 et
1403 3439 1439 3492 ad
1450 3437 1545 3492 fiscum
1556 3437 1680 3506 pertinet,
1694 3439 1718 3494 si
1728 3441 1909 3508 emancipatus

1105 3505 1175 3560 filius
1194 3511 1288 3560 conus
1304 3505 1410 3560 tabulas
1427 3507 1557 3562 bonorum
1574 3505 1767 3574 possessionem
1778 3507 1862 3574 patris
1880 3513 1913 3578 ut

1105 3573 1265 3644 praeteritus
1281 3573 1388 3640 petierit
1406 3579 1431 3626 et
1448 3589 1481 3628 ex
1498 3573 1685 3628 substitutione
1695 3573 1839 3640 impuberis
1853 3575 1909 3628 adi-

1109 3649 1119 3692 )
1156 3641 1207 3694 erit
1228 3641 1408 3694 hereditatem.
1448 3641 1515 3694 Item
1541 3641 1646 3710 siquis
1669 3645 1764 3694 contra
1785 3643 1908 3694 mandata

1107 3709 1212 3762 duxerit
1233 3721 1343 3762 uxorem
1364 3721 1398 3760 ex
1415 3721 1448 3760 ea
1464 3707 1612 3776 provincia,
1635 3707 1663 3760 in
1685 3723 1739 3776 qua
1761 3707 1911 3762 ιιιιιιιιιιιι15

1106 3773 1207 3842 aliquid
1220 3775 1293 3842 gerit,
1311 3773 1419 3842 quodsi
1433 3789 1467 3826 ex
1477 3779 1635 3828 testamento
1646 3775 1737 3828 uxoris
1750 3775 1910 3842 adquisitum

1107 3847 1147 3896 est
1164 3841 1218 3896 diri
1234 3841 1345 3896 Severus
1363 3847 1390 3896 et
1405 3841 1555 3896 Antoninus
1568 3841 1773 3910 ,rescripserunt
1795 3841 1910 3896 retinere

1107 3925 1167 3962 eum
1183 3925 1237 3964 uon
1253 3925 1346 3978 posse,
1367 3913 1504 3976 tamquam
1526 3907 1549 3964 si
1571 3913 1645 3964 tutor
1666 3907 1794 3978 pupillam
1817 3915 1910 3964 eontra

1107 3977 1242 4030 decretum
1259 3977 1411 4046 amplissimi
1422 3975 1521 4032 ordinis
1533 3977 1562 4030 in
1579 3975 1685 4032 demunt
1696 3991 1771 4030 suam
1783 3977 1912 4032 duxisset.

1107 4049 1220 4114 unoque
1233 4059 1296 4114 ergo
1311 4059 1376 4098 casu
1390 4045 1440 4098 etsi
1454 4059 1487 4098 er
1501 4059 1561 4098 asse
1574 4045 1652 4100 heres
1664 4045 1802 4100 institutus
1815 4045 1911 4100 adierit

1106 4113 1293 4178 hereditatem,
1316 4111 1381 4168 fisco
1404 4112 1481 4168 locus
1503 4111 1545 4166 fit:
1575 4129 1638 4166 uam
1658 4111 1734 4180 quasi
1756 4111 1863 4180 indigno
1886 4115 1911 4168 ei

1108 4183 1122 4234 ι
1157 4177 1277 4234 aufertur
1293 4179 1435 4234 hereditas.
1470 4181 1522 4234 Per
1539 4181 1701 4234 contrarium
1718 4187 1807 4234 autern
1829 4181 1911 4234 dueta

1106 4253 1161 4300 tam
1178 4247 1214 4302 ab
1231 4263 1271 4312 ao,
1290 4249 1335 4316 qui
1352 4247 1470 4301 officium
1485 4247 1514 4300 in
1530 4249 1668 4318 prouincia
1683 4247 1806 4316 gerebat,
1832 4263 1911 4316 quam

1106 4329 1124 4370 a
1138 4321 1228 4370 tutore
1244 4315 1335 4370 illicite
1350 4315 1434 4384 magis
1452 4321 1506 4382 est,
1527 4321 1558 4368 ut
1574 4315 1679 4372 dicatur
1697 4331 1792 4384 capere
1808 4315 1880 4368 illam
1890 4315 1911 4348 ¹⁶

1106 4399 1140 4438 ιιι
1155 4387 1314 4438 testamento
1331 4399 1380 4438 uec
1399 4383 1475 4450 quasi
1490 4383 1519 4438 iu
1538 4383 1543 4396 '
1581 4399 1624 4438 am
1644 4399 1704 4440 esse
1722 4381 1909 4450 repellendam.

1107 4455 1122 4506 a
1156 4451 1230 4506 Idem
1246 4451 1306 4518 erit,
1323 4453 1347 4506 si
1363 4451 1422 4522 quis
1439 4451 1515 4508 riri'
1552 4453 1653 4508 orantis
1668 4451 1792 4508 bonnuel
1808 4453 1910 4520 partem

1107 4519 1368 4644 Bpnommfalicuius
1391 4521 1497 4590 cognati
1538 4521 1668 4576 oraverit:
1692 4535 1754 4576 nam
1778 4517 1854 4589 quasi
1869 4519 1910 4570 in-

1171 4605 1221 4644 oa
1250 4597 1332 4644 artur.

1178 4657 1257 4712 quat
1280 4657 1347 4712 libro
1392 4657 1467 4712 uinto
1492 4657 1646 4728 requierunt
1688 4655 1827 4722 indignum
1853 4669 1911 4708 esse

1107 4723 1183 4780 divus
1199 4723 1264 4780 Pius
1280 4725 1353 4780 illum
1371 4673 1495 4792 gerrem,
1511 4733 1542 4780 ut
1557 4731 1585 4780 et
1600 4723 1743 4802 Marcellus
1757 4723 1825 4776 libro
1843 4721 1909 4774 duo-

1107 4793 1209 4848 decimo
1227 4793 1387 4864 digestorum
1397 4795 1487 4860 refert,
1506 4793 1551 4864 qui
1565 4791 1776 4846 nemausense
1788 4805 1909 4860 compro·

1107 4861 1187 4918 batus
1204 4861 1288 4918 estid
1305 4865 1402 4930 egisse,
1427 4867 1458 4916 ut
1479 4879 1527 4930 per
1547 4861 1737 4930 neglegentiam
1760 4865 1787 4912 et
1804 4861 1908 4930 eulpam

1106 4945 1182 4986 scam
1199 4931 1335 4996 muliane
1370 4947 1406 4986 ua
1422 4931 1498 4984 heres
1514 4929 1650 4984 institutus
1668 4935 1732 4994 erat,
1752 4937 1906 4986 moreretur.
1965 4949 1968 4954 ·

1140 4997 1160 5056 4
1183 4997 1327 5054 Uarianos
1342 4949 1410 5056 ιιινι
1427 5005 1524 5068 quarto
1542 4997 1643 5052 damme
1660 4997 1697 5052 ud
1712 4999 1826 5054 edictum
1854 4999 1906 5054 Pa·

1106 5069 1229 5190 Einianus
1244 5067 1313 5123 libro
1331 5069 1422 5138 quinto
1439 5067 1622 5134 quaestionum
1639 5065 1689 5134 ait,
1711 5065 1734 5122 si
1751 5067 1809 5140 quis
1826 5087 1905 5128 unum

1125 5137 1237 5202 eredem,
1255 5137 1330 5206 quasi
1346 5151 1394 5206 per
1411 5135 1507 5188 fabum
1521 5135 1690 5206 adscriptum,
1708 5139 1851 5206 accusarit,
1868 5139 1905 5194 le·

266 5207 364 5280 meum
375 5201 439 5272 legis
466 5203 606 5260 Corneliae
634 5205 807 5260 oonsdtueret
833 5203 959 5258 adumsus
988 5219 1056 5270 eum,
1106 5211 1196 5274 gutum
1214 5207 1238 5260 ei
1253 5219 1308 5260 non
1325 5203 1424 5258 auferri
1441 5219 1458 5258 a
1475 5205 1605 5260 coherede
1619 5207 1747 5278 relictum,
1766 5225 1907 5282 quemnon

267 5275 305 5330 ιιι
318 5267 367 5322 sthi
381 5269 555 5326 hereditatem
575 5273 617 5326 rel
638 5273 754 5344 legatum
777 5271 942 5342 scripsisset,
965 5271 1058 5326 eodem
1106 5273 1268 5345 inquietavit.

269 5373 1906 5404 ““’”““““““““““““-·-·-·--··*ι-·-ι-·-υ-ι-ιιιι-ιιι-ι---ι-ι-ι---υι-ι-ι-υ-ι-ι-----η-ι-ι-ιυι--ἡ---ιι-ιι-..-.-.,-,--,,,,-.,,.,--“-,...........-......-ν

1108 5465 1154 5496 sor.
1223 5445 1257 5510 (ι)
1274 5443 1497 5498 minuerunt.
1573 5453 1619 5518 (lb)
1636 5453 1712 5512 isim,
1788 5455 1830 5518 (tl)
1846 5455 1908 5504 tem.

1108 5513 1285 5630 mimi&
1371 5513 1416 5578 (ιι)
1433 5517 1640 5588 ιιι).3ι),ιιι,ι
1659 5599 1661 5604 Α
1723 5525 1767 5588 (ιι)
1784 5521 1907 5572 fideicom-

1142 5649 1185 5710 ιι)
1203 5647 1336 5710 sat.1...a;
1352 5649 1401 5702 uu.
1411 5661 1487 5716 ι...ιι;
1503 5655 1566 5724 Pap.
1577 5669 1665 5718 nnn
1679 5659 1744 5726 app.
1755 5657 1906 5710 ιι-ιιι.

296 5703 326 5768 ιι)
348 5705 441 5788 ioan.
455 5719 516 5772 u.a;
534 5711 733 5792 Eius-lupe.
748 5707 912 5782 ’-Βαι.ιι,
929 5725 1057 5780 ιι,ιι...ιι.
1109 5713 1429 5782 6)),ιι-οιοοιιιιι
1498 5725 1690 5792 (isiotrense.
1764 5727 1809 5790 (ιι)
1828 5723 1906 5790 illam]

269 5767 297 5832 lt)
312 5777 495 5840 aripertus
561 5781 594 5844 (tl
611 5781 820 5848 albestatt-,onai7
892 5789 924 5848 ιι)
942 5785 1055 5848 respondi
1107 5779 1263 5836 illorumsrr.
