4392 6276
215 427 261 480 ΒΕ
280 419 533 478 incantemus

1041 395 1061 474 5

1601 403 1712 470 nvsv.
1733 407 1760 488 1,
1788 415 1893 480 ιιιι

931 487 932 490 ’
1009 487 1010 490 ’
1150 493 1154 496 ==
1196 491 1205 500 ιι

590 601 648 664 XI¹

369 677 370 680 '
458 707 504 756 nc
522 695 776 754 roccaromana.

248 805 336 860 ''Non
357 805 442 860 solum
466 811 554 858 tamen
577 797 711 856 naturales
734 793 973 850 liberisecundum
992 809 1023 848 ea

214 875 291 944 ’quae
308 873 422 928 diximus
439 875 467 926 in
483 873 616 942 potestate
633 869 726 920 nostra
745 869 816 930 sunt,
834 879 925 918 verum
943 863 1022 918 etiam

215 947 226 994 t
264 941 290 997 ‘ii
311 957 378 1012 quos
397 941 562 1010 adoptamus.
598 931 718 1000 Adoptio
737 937 826 986 autem
843 931 948 1004 duobos
965 947 1021 986 mo-

212 1005 260 1064 *dis
278 1009 317 1076 fit,
335 1013 384 1064 aut
400 1005 540 1076 principali
557 1001 685 1070 rescripto
698 1003 745 1052 aut
758 999 867 1070 imperio
882 1001 1021 1070 magistra·

135 1117 136 1120 ,
212 1077 273 1130 'tus
304 1075 475 1152 imperatoris·
501 1069 661 1148 auctoritate
684 1067 842 1148 adoptamus
866 1083 911 1122 eos
936 1083 1021 1148 saeve,

212 1135 1020 1284 *ttiatttttgtttfutattttattttattttttttttttt

211 1279 310 1340 eosve,
329 1277 374 1346 qui
392 1287 492 1340 quaeve
509 1287 537 1324 ιιι
553 1275 687 1338 potestate
703 1273 853 1340 parentium
871 1277 948 1338 sunt,
967 1289 1020 1326 s1ve

211 1347 217 1368 ’
236 1343 330 1398 ιίιιιιιιιι
347 1341 459 1410 gradum
475 1339 617 1394 liberorum
629 1339 776 1408 optineant,
794 1339 880 1410 qualis
896 1345 937 1394 est
949 1339 1020 1394 filius

211 1413 285 1476 wa,
308 1409 363 1464 sive
380 1407 544 1470 inferiorem,
568 1409 654 1474 qualis
672 1413 714 1460 est
730 1421 814 1478 nepos
831 1407 933 1478 neptis,
956 1423 1018 1478 pro-

210 1487 225 1538 2
259 1493 343 1546 nepos
365 1475 519 1544 proneptis.⁴
554 1475 624 1530 ³Sed
646 1475 725 1530 hodie
749 1491 782 1530 ex
803 1481 896 1530 nostra
920 1477 1017 1532 consti-

210 1547 325 1606 tutione,
350 1559 410 1598 cum
431 1545 502 1598 filius
524 1541 639 1598 familias
663 1559 679 1596 a
701 1549 779 1612 patre
795 1541 912 1598 naturali
930 1551 1018 1598 extra-

210 1631 274 1674 neae
290 1625 421 1682 personae
436 1613 466 1664 in
489 1611 658 1680 adoptionem
680 1611 773 1676 datur,
796 1613 855 1666 iura
877 1613 1018 1682 potestatis

209 1681 337 1742 naturalis
363 1679 447 1748 patris
471 1679 576 1748 minime
599 1679 780 1734 dissolvuntur
802 1697 852 1736 nec
875 1679 1017 1750 quidquam

209 1753 243 1808 ad
259 1755 363 1820 patrem
386 1747 539 1816 adoptivum
560 1749 658 1802 transit
680 1763 731 1802 nec
753 1747 782 1802 in
803 1751 938 1818 potestate
961 1749 1017 1804 eius

208 1825 261 1886 est,
286 1819 349 1872 licet
372 1817 555 1888 abxiutestato
578 1815 638 1872 iura
662 1817 839 1872 successionis
863 1817 888 1872 ei
905 1831 922 1868 a
938 1817 1016 1872 nobis

206 1889 306 1944 tributa
324 1887 396 1940 sunt.
416 1883 446 1938 'si
463 1899 526 1938 vero
548 1889 627 1952 pater
650 1883 779 1940 naturalis
802 1901 858 1940 non
881 1889 1015 1950 extraneo,

208 1955 255 2012 sed
271 1969 319 2010 avo
337 1951 385 2006 ΜΗ
403 1953 444 2006 sui
461 1957 595 2016 materno,
619 1955 660 2006 vel
677 1953 702 2006 si
717 1953 776 2022 ipse
812 1957 870 2006 ater
886 1955 1016 2008 matruelis

207 2025 287 2080 inerit
304 2019 501 2088 emancipatus,
520 2021 599 2076 etiarn
615 2027 743 2090 paterno,
762 1971 810 2076 veiJ
820 2037 920 2090 proavo
938 2021 1017 2076 simili

206 2093 284 2156 modo
307 2093 419 2160 paterno
445 2089 486 2144 vel
512 2093 630 2144 materno
659 2087 741 2144 filium
764 2105 842 2146 suurn
866 2089 966 2144 dederit
988 2091 1016 2144 in

206 2159 387 2232 adoptionem:
413 2155 441 2210 in
466 2159 518 2210 hoc
542 2171 606 2210 casn
630 2157 693 2224 quia
715 2157 744 2210 in
765 2173 847 2212 unam
872 2173 1015 2228 personam

208 2231 369 2286 concurrunt
391 2229 419 2278 et
440 2225 574 2278 naturalia
597 2229 624 2278 et
647 2225 798 2294 adoptionis
821 2227 895 2292 iura,
923 2231 1014 2282 manet

206 2297 300 2354 stabile
321 2294 364 2348 ius
386 2293 473 2362 patris
496 2291 613 2362 adoptivi
630 2299 657 2348 et
674 2295 789 2348 naturali
806 2295 912 2362 maculo
931 2313 1013 2366 copu-

195 2367 287 2430 latum
303 2367 331 2418 et
347 2361 462 2430 legitimo
480 2361 630 2432 adoptionis
648 2363 727 2416 modo
746 2363 928 2426 constrictum,
946 2369 977 2420 ot
988 2369 1014 2418 et

204 2431 348 2486 infamilia
365 2429 436 2484 etin
459 2435 592 2498 potestate
613 2429 767 2484 huiusmodi
789 2431 873 2500 patris
897 2431 1014 2502 adoptivi

203 2507 219 2556 3
242 2501 295 2556 sit.
332 2497 399 2552 Cum
415 2505 504 2552 autem
512 2499 631 2566 impubes
639 2499 844 2570 perprincipale
852 2501 1012 2570 rescriptum

203 2567 354 2638 adrogatur,
373 2581 456 2622 causa
474 2567 579 2634 cognita
596 2567 734 2634 adrogatio
749 2567 911 2636 permittitur
926 2575 952 2624 et
967 2585 1011 2624 ex·-

203 2637 315 2706 quiritur
333 2649 415 2690 causa
433 2635 637 2704 adrogationis⁴,
656 2641 692 2690 an
703 2637 816 2692 honesta
827 2637 863 2690 sit
874 2637 1011 2704 expediat-

203 2719 253 2774 que
275 2705 390 2774 pupillo,
414 2709 441 2756 et
459 2719 520 2772 cum
537 2703 697 2774 quibusdam
715 2703 915 2758 condicionibus
933 2705 1011 2760 adro-

200 2771 271 2842 gatio
289 2773 333 2838 fit,
357 2771 385 2826 id
402 2775 490 2826 estut
507 2777 600 2826 caveat
615 2771 760 2840 adrogatur
776 2783 908 2842 personae
924 2773 1012 2844 publi·

201 2855 262 2906 cae,
286 2843 338 2896 hoc
355 2843 398 2894 est
413 2839 558 2904 tabulario,
583 2841 606 2894 si
623 2841 694 2894 intra
710 2839 878 2908 pubertatem
895 2857 932 2910 pn
950 2841 1011 2896 illas

201 2909 352 2974 decesserit,
369 2909 555 2962 restituturum
572 2921 600 2964 se
617 2909 689 2964 bona
705 2909 771 2972 illis,
790 2909 843 2978 qui,
863 2909 885 2964 si
903 2859 1010 2978 avibptio

199 2975 273 3032 facta
289 2991 345 3032 non
362 2979 440 3042 esset,
458 2975 494 3030 ad
510 2979 705 3032 successionem
723 2975 780 3032 eins
793 2977 899 3032 venturi
913 2983 1010 3032 essent.

199 3047 263 3100 item
279 3061 334 3100 non
351 3047 418 3100 alias
436 3045 603 3114 emancipare
620 3059 666 3100 eos
684 3049 774 3114 potest
791 3045 942 3116 adrogator,
960 3047 1011 3100 nisi

200 3129 283 3170 causa
299 3113 406 3182 cognita
429 3113 501 3182 digni
523 3113 733 3182 emancipatione
755 3113 856 3168 fuerim
879 3119 906 3170 et
928 3117 1011 3170 ιιιιιε5

198 3185 336 3238 sunbona
353 3181 391 3236 eis
408 3183 511 3238 reddat.
537 3179 585 3236 sed
606 3191 634 3236 et
656 3181 679 3236 si
701 3181 832 3236 decedens
856 3187 933 3252 pater
950 3197 1011 3236 eum

198 3251 398 3308 exheredaverit
413 3251 456 3306 vel
471 3249 546 3304 vivus
563 3249 620 3304 sine
636 3249 708 3304 insta
725 3263 808 3306 causa
822 3267 882 3306 eum
895 3251 1010 3306 emanci-

196 3319 312 3390 paverit,
329 3319 435 3374 iubetor
452 3323 574 3388 quartam
590 3323 694 3386 partem
712 3317 736 3372 ei
753 3335 862 3374 suorum
878 3319 1011 3374 bonorum

197 3389 360 3458 reinquere,
382 3385 505 3442 videlicet
521 3393 627 3454 praeter
644 3387 729 3452 bona,
755 3401 824 3456 quae
847 3387 882 3440 ad
904 3391 1009 3456 patrem

197 3455 351 3526 adoptivum
372 3455 512 3510 transtulit
536 3457 563 3508 et
584 3469 696 3524 quorum
722 3455 890 3510 commodum
914 3457 938 3510 ei
960 3455 1008 3510 ad-

197 3529 214 3578 4
246 3525 354 3596 quisivit
370 3527 472 3592 postea.
508 3521 639 3576 Minorem
661 3527 728 3576 natu
750 3539 805 3578 non
827 3539 908 3592 posse
925 3523 1007 3578 maio·

196 3607 252 3648 rem
269 3593 398 3662 adoptare
414 3593 516 3662 placet:
534 3588 643 3660 adoptio
662 3591 732 3644 enim
748 3595 873 3646 naturam
889 3591 1008 3646 imitatur

119 3687 120 3690 ¹
197 3665 225 3716 et
240 3677 289 3730 pro
306 3665 426 3716 monstro
443 3665 498 3724 est,
521 3663 553 3712 ut
576 3659 661 3712 maior
683 3659 720 3714 sit
735 3659 807 3716 fiius
824 3675 904 3728 qnam
920 3665 1005 3732 pater.

119 3789 120 3792 Ἴ
197 3727 278 3782 debet
293 3729 332 3782 ita
350 3731 403 3784 ue⁶
419 3727 452 3794 is,
470 3727 516 3808 qui
533 3725 584 3782 sibi
600 3743 650 3796 per
666 3727 867 3796 adrogationem
883 3729 926 3782 vel
942 3729 1005 3782 ado·

120 3815 122 3836 2
196 3797 314 3866 ptionern
362 3797 414 3850 'um
431 3797 510 3860 lacit,
534 3795 612 3866 plena
629 3797 783 3866 pubertate,
807 3797 835 3850 id
858 3803 900 3852 est
917 3797 1006 3854 decem

119 3867 120 3924 ξ
197 3869 211 3918 5
246 3869 275 3920 et
291 3869 352 3920 octo
371 3865 447 3920 annis
464 3863 631 3936 praecedere.
665 3863 744 3920 Licet
766 3869 855 3920 autem
879 3869 906 3920 et
922 3867 949 3920 in
966 3865 1006 3920 lo-

197 3947 257 3986 cum
278 3933 383 4004 nepotis
406 3935 447 3990 vel
464 3931 550 4002 neptis
567 3933 608 3986 vel
625 3933 758 3994 inlocum
775 3933 948 4004 pronepotis't
965 3935 1007 3988 vel

196 4005 333 4072 proneptis
350 4003 393 4058 vel
410 4001 534 4070 deinceps
551 4001 690 4070 adoptare,
708 4001 827 4122 quamvis
844 4001 929 4058 filium
947 4001 1005 4072 quis

192 4073 213 4124 ’6
245 4085 300 4124 non
315 4071 423 4124 habeat.
458 4071 496 4126 Et
518 4075 573 4124 tam
595 4069 679 4124 filiurn
701 4069 817 4124 aienum
839 4071 898 4140 quis
920 4071 949 4124 in
965 4072 1005 4125 lo·

197 4153 256 4206 eum
273 4139 378 4208 nepotis
395 4145 484 4208 potest
500 4139 638 4208 adoptare,
675 4139 1004 4208 namnepoteminlocum

197 4209 211 4256 t
245 4205 302 4262 ΜΗ
338 4207 390 4262 Sed
413 4209 437 4262 si
477 4207 519 4262 uis
541 4207 647 4274 nepotis
656 4155 724 4262 ioco
743 4209 854 4278 adoptet
869 4207 911 4262 vel
928 4207 1005 4278 quasi

197 4287 230 4328 ex
245 4289 277 4330 co
293 4273 357 4340 filio,
376 4289 454 4346 quem
488 4275 622 4330 abatiam
639 4275 804 4344 adoptatum,
822 4275 863 4330 vel
880 4277 1005 4344 quasiex

196 4339 257 4406 illo,
280 4359 358 4412 quem
380 4343 529 4398 naturalem
545 4343 574 4398 in
591 4357 642 4398 sua
657 4349 791 4412 potestate
808 4343 903 4400 habet:
924 4345 955 4398 'in
973 4359 1003 4398 eo

197 4423 261 4464 casn
278 4417 304 4464 et
320 4411 390 4466 filius
408 4411 557 4468 consentire
576 4409 663 4476 debet,
681 4427 716 4466 oe
734 4411 759 4466 ei
774 4413 856 4468 invito
875 4427 939 4468 suus
956 4413 1003 4466 he-

195 4489 237 4530 res
255 4479 434 4548 adgnascatur
442 4483 458 4534 ⁸.
488 4481 537 4534 sed
560 4495 594 4534 en
616 4481 750 4534 contrario
775 4481 798 4536 si
815 4495 880 4536 avus
898 4487 932 4536 ex
947 4481 1002 4534 tilio

195 4551 318 4612 nepotem
335 4547 425 4606 datin
443 4549 627 4618 adoptionem,
651 4563 707 4604 non
730 4553 770 4604 est
793 4563 902 4604 necesse
919 4549 1003 4604 filium

196 4613 211 4692 β
246 4617 402 4674 consentire.
437 4619 469 4672 In
485 4615 605 4686 plurimis
623 4621 713 4672 autem
731 4619 819 4672 causis
837 4619 1003 4672 adsimilatur

194 4693 231 4760 ιε,
254 4685 300 4752 qui
316 4685 459 4754 adoptatus
476 4685 517 4740 vel
534 4685 677 4754 adrogatus
695 4691 750 4750 est,
773 4686 798 4740 ei
821 4685 866 4754 qui
890 4703 922 4740 ex
938 4685 1002 4754 legi-

194 4751 256 4804 timo
275 4753 441 4808 matimonio
455 4755 539 4808 'natus
554 4759 602 4808 est.
629 4753 722 4808 etideo
734 4753 824 4822 siquis
833 4769 881 4824 per
889 4755 1002 4824 impera-

192 4823 278 4900 torem
299 4823 354 4876 sive
371 4823 444 4890 apud
460 4823 611 4892 praetorem
627 4823 669 4876 vel
686 4823 758 4892 apud
773 4823 924 4892 praesidem
939 4837 1002 4946 gro-

123 4893 128 4958 ζ
192 4901 294 4944 vinciae
316 4907 372 4946 non
398 4895 552 4942 exmanenm
575 4889 754 4958 adoptaverit,
776 4895 867 4960 potest
889 4905 941 4946 eun
961 4907 1002 4946 em

193 4957 209 5006 9
243 4955 289 5010 alii
304 4957 333 5012 in
350 4958 519 5026 adoptionem
536 4955 609 5010 dare.
645 4957 723 5012 ⁹*Sed
740 4965 767 5012 et
782 4959 848 5012 illud
864 4959 1003 5028 utriusque

192 5021 349 5092 'adoptionis
367 5039 506 5082 commune
524 5029 577 5088 est,
589 5023 672 5094 “quod
696 5031 723 5078 ot
744 5025 786 5092 hi,
809 5027 855 5096 qui
877 5041 1002 5096 generare
1023 5073 1024 5076 ,

192 5093 398 5162 nonpossint,
422 5095 514 5166 quales
525 5109 526 5112 ¹
538 5097 600 5146 sunt
617 5093 765 5162 spadones,
788 5095 920 5162 adoptare
938 5111 1001 5164 pos-

196 5161 225 5210 iti
260 5159 339 5224 *sont
353 5165 464 5218 castrati
477 5165 758 5240 autemnonposmnt.
792 5161 920 5216 Feminae
934 5177 1000 5244 quo-

194 5231 252 5296 *que
269 5227 399 5296 adoptare
416 5247 470 5286 non
487 5235 614 5300 possunt,
632 5245 696 5300 qma
713 5243 762 5284 nec
779 5231 916 5284 naturales
932 5229 999 5284 hbe-

225 5399 255 5462 t)
276 5399 506 5476 valentiana
521 5407 634 5474 narn
653 5403 829 5464 maenaa
888 5403 921 5464 (a
941 5401 999 5454 aaa.

128 5451 133 5506 Ξ
194 5465 465 5546 intententur)
514 5471 855 5534 ‹alseatinaantnvn
899 5471 998 5530 (stado-

128 5551 135 5602 Ξ
189 5537 319 5598 ΡΗοιιίεΒ
388 5541 420 5598 [5)
440 5545 510 5604 tunc]
524 5541 725 5604 W,tuncutBE
774 5543 808 5600 (tl
827 5537 955 5600 itaquelE
962 5537 997 5600 W,

128 5603 135 5626 ζ
192 5603 271 5654 ⁰⁷¹tB
360 5609 396 5674 (t)
414 5607 842 5672 neptisveiinlocnmtealocoW0)
854 5605 996 5670 pronepotis]

198 5667 741 5744 W'cumdintoeumponmseparans,
754 5693 798 5726 aa.
811 5673 999 5740 invertentes

193 5735 226 5794 (8)
242 5743 477 5808 Magnarum
488 5747 685 5808 MnascaturB
754 5747 786 5810 (9)
808 5741 998 5804 Gadamarta

191 5801 377 5890 (Diabate
446 5815 492 5876 (ro)
512 5813 843 5882 Gatt,1or(th.1‚v,a,a)
900 5809 942 5872 (ιι)
959 5809 997 5888 aa

130 5875 136 5932 Ξ
197 5867 559 5946 Gor-th.,inpotastatetttrt
626 5887 669 5948 (ta)
689 5879 996 5942 sicenimetlE,sioeu1m

1076 591 1128 676 ’ros
1135 595 1164 650 in
1177 601 1311 718 potestate
1325 615 1375 680 soa
1389 597 1508 654 habente
1526 593 1574 676 sed
1586 601 1620 650 ex
1632 593 1797 664 indiligentia
1811 595 1884 664 prin·
1915 573 1917 580 ξ

1076 677 1142 732 cipis
1159 681 1176 718 a
1211 669 1336 724 solatium
1349 671 1491 724 hberorum
1505 679 1661 718 am1saornm
1676 665 1808 732 adoptare
1820 681 1884 734 pos·

1023 749 1024 752 ¹
1078 732 1107 782 11
1143 737 1213 788 sunt.
1253 731 1623 808 ΗἸΗιιΗιιιοῑιιιιιιιιεειΗΗιιε
1639 731 1800 812 adoptionis,
1814 749 1885 802 quae

1854 817 1883 854 o·
1946 819 1947 822 ¹

1075 795 1130 864 'per
1146 815 1251 854 sacrum
1268 807 1407 860 oraculum
1425 805 1462 870 fit,
1481 799 1551 872 quod
1568 799 1599 864 is,
1635 799 1777 878 uilliberos
1792 817 1821 854 m

1074 863 1178 942 'testate
1194 869 1289 936 habet,
1307 875 1331 926 si
1348 889 1377 928 se
1394 869 1577 942 adrogantium·
1591 817 1707 932 deqderrt,
1725 881 1781 946 non
1798 817 1884 924 solim

1074 931 1137 1054 {ets
1151 939 1307 1058 avertet
1322 941 1487 1064 adstiti
1502 935 1792 1060 vittatam
1806 935 1884 1058 tat

1301 1025 1327 1060 ιιι
1368 1025 1404 1062 un
1488 1023 1545 1064 esa
1869 1043 1875 1058 .

1073 1067 1112 1122 sic
1138 1069 1207 1124 enim
1231 1073 1289 1124 ει12
1314 1073 1389 1130 divus
1415 1027 1550 1146 signatus
1576 1091 1631 1128 non
1651 1019 1719 1124 cinte
1746 1019 1884 1126 Titianum

1072 1135 1221 1208 adoptavit,
1240 1153 1320 1206 quam
1337 1141 1359 1196 is
1378 1143 1564 1200 Germanicum
1581 1139 1731 1210 adoptavit:
1750 1145 1782 1192 ut
1797 1139 1882 1208 proti-

1071 1219 1121 1258 nus
1139 1205 1283 1274 adoptione
1299 1207 1373 1262 facta
1389 1211 1499 1282 incipiat
1516 1211 1689 1268 Germanicus
1703 1207 1818 1274 Augusti
1835 1223 1881 1262 ne·

1074 1275 1103 1326 12
1120 1289 1188 1352 'pos
1206 1287 1272 1328 esse.
1307 1275 1389 1352 Apud
1408 1277 1534 1334 Catonem
1556 1281 1626 1334 bene
1649 1277 1778 1346 scriptum
1800 1275 1882 1330 refert

1072 1345 1233 1410 antiquitas,
1256 1341 1325 1396 servi
1340 1359 1362 1396 si
1381 1357 1398 1394 a
1417 1345 1522 1402 domino
1540 1347 1661 1418 adoptati
1679 1345 1746 1408 sint,
1772 1361 1805 1400 ex
1827 1343 1880 1398 boc

1070 1409 1129 1476 ipso
1145 1423 1233 1480 posse
1254 1409 1370 1464 liberari.
1403 1415 1474 1468 unde
1496 1421 1523 1470 et
1545 1431 1594 1470 nos
1618 1413 1715 1470 eruditi
1736 1413 1766 1466 in
1788 1415 1883 1466 nostra

1071 1475 1260 1532 constitutione
1271 1479 1291 1510 ¹³
1316 1477 1396 1532 etiam
1422 1497 1482 1534 eum
1508 1499 1626 1550 servum,
1654 1499 1732 1564 quem
1759 1481 1881 1536 dominus

1070 1545 1137 1598 actis
1154 1545 1388 1600 intervenientibus
1406 1545 1488 1602 filium
1506 1565 1584 1604 suum
1600 1549 1789 1616 nominaverit,
1814 1549 1880 1602 libe-

1068 1629 1129 1666 rum
1143 1627 1202 1668 esse
1217 1613 1411 1680 constituimus,
1429 1615 1491 1670 licet
1503 1617 1554 1670 hoc
1568 1619 1603 1672 ad
1620 1619 1662 1674 ius
1680 1619 1728 1674 filii
1746 1619 1880 1688 accipien-

1070 1679 1133 1736 dum
1150 1681 1175 1736 ei
1191 1697 1246 1736 non
1264 1681 1372 1736 sufficit.
1862 1717 1863 1720 =

1431 1823 1516 1882 ,ffla

1091 1919 1214 1978 enisus
1232 1919 1338 1986 monis
1355 1917 1410 1970 ios
1428 1899 1631 1974 renascaris
1650 1923 1818 1976 sonvmoa
1829 1925 1856 1976 ¹⁵.

1105 2019 1283 2074 ιθἨίιίεειιιιιε
1301 2035 1381 2086 nunc,
1400 2021 1496 2090 quibus
1514 2019 1599 2076 modis
1615 2021 1642 2088 ii,
1660 2023 1705 2092 qui
1723 2023 1809 2080 alieno
1826 2023 1878 2082 iuri

1067 2087 1188 2144 'subiecti
1210 2093 1287 2154 sunt,
1313 2105 1344 2142 eo
1368 2089 1426 2144 iure
1448 2091 1602 2144 liberantur.
1631 2091 1787 2158 etquidem
1811 2093 1878 2148 servi

1067 2155 1296 2226 'quemadmodum
1304 2161 1439 2226 potestate
1452 2159 1606 2224 liberantur,
1622 2175 1655 2212 ex
1669 2159 1711 2214 bis
1726 2159 1879 2230 intellegere

1067 2223 1230 2294 possumus,
1255 2241 1324 2294 quae
1348 2225 1380 2278 de
1404 2225 1485 2280 servis
1511 2225 1726 2282 manumittendis
1753 2229 1877 2298 superius

1066 2291 1252 2366 'exposuimus
1280 2293 1308 2348 hi
1324 2309 1396 2372 vero,
1415 2293 1460 2366 qui
1475 2293 1505 2348 in
1517 2297 1656 2416 (potestate
1669 2297 1789 2374 parentis
1805 2301 1877 2360 sunt,

1065 2361 1176 2418 *mortuo
1195 2377 1227 2416 eo
1245 2363 1287 2416 sui
1304 2363 1368 2414 iuris
1386 2359 1462 2416 liunt.
1486 2377 1516 2416 se
1551 2363 1603 2416 hoc
1622 2363 1818 2418 distructionem
1834 2381 1876 2418 re-

1065 2429 1144 2502 ’cipit
1170 2445 1233 2486 nam
1250 2435 1353 2486 mortuo
1372 2435 1530 2498 patresano
1547 2429 1698 2486 omnimodo
1713 2431 1761 2486 tilii
1774 2431 1878 2486 filiaeve

1064 2497 1113 2554 ‘sui
1130 2501 1194 2554 iuris
1213 2497 1372 2554 efficiuntur.
1395 2503 1500 2554 mortuo
1514 2513 1576 2552 vero
1592 2513 1641 2552 avo
1655 2515 1710 2552 non
1724 2501 1875 2554 omnimodo

1064 2567 1181 2638 'nepotes
1199 2571 1345 2648 neptesque
1362 2565 1404 2620 sui
1426 2567 1490 2622 iuris
1514 2567 1595 2646 fiunt,
1619 2567 1667 2648 sed
1688 2567 1741 2632 ita,
1768 2569 1791 2624 si
1813 2573 1876 2638 post

1064 2635 1182 2692 *mortem
1204 2651 1246 2690 avr
1268 2653 1297 2690 m
1319 2639 1479 2704 potestatem
1502 2639 1587 2704 patris
1610 2651 1653 2690 sun
1675 2637 1794 2690 recasuri
1821 2645 1876 2690 nou

1064 2701 1147 2760 'suntz
1166 2705 1256 2774 itaque
1273 2705 1296 2758 si
1313 2703 1441 2758 moriente
1460 2717 1508 2758 avo
1526 2707 1602 2772 pater
1621 2717 1712 2758 eorum
1730 2709 1757 2756 et
1773 2705 1837 2758 vivit
1849 2711 1874 2760 et

1063 2771 1098 2828 *in
1114 2777 1248 2842 potestate
1265 2771 1349 2840 patris
1367 2771 1409 2826 sui
1426 2777 1479 2838 est,
1502 2777 1568 2826 tunc
1589 2777 1653 2840 poet
1670 2771 1772 2828 obitum
1789 2773 1831 2834 avi
1848 2773 1874 2828 in

1065 2837 1217 2908 *patasini
1233 2843 1369 2908 potestate
1381 2839 1462 2894 liunt:
1487 2841 1509 2894 si
1532 2853 1593 2894 vero
1616 2841 1654 2906 is,
1679 2855 1731 2908 quo
1754 2845 1874 2910 tempore

1063 2909 1134 2966 'avus
1151 2909 1276 2974 mentun,
1296 2913 1344 2962 aut
1359 2907 1413 2962 iam
1429 2913 1550 2964 mortuus
1568 2913 1609 2962 est
1626 2915 1674 2964 aut
1692 2909 1756 2962 exiit
1773 2909 1811 2964 de
1824 2925 1872 2978 po-

1063 2975 1167 3034 'testate
1183 2975 1281 3046 patris,
1305 2979 1371 3030 tuno
1387 2975 1429 3042 hi,
1454 2975 1516 3056 qnia
1532 2975 1560 3030 in
1577 2981 1736 3044 potestatem
1754 2977 1810 3032 eins
1829 2993 1874 3030 ca·

1064 3051 1075 3098 t
1113 3047 1182 3102 *dere
1198 3059 1254 3100 non
1270 3047 1392 3116 possunt,
1411 3045 1453 3098 sui
1466 3043 1530 3098 imis
1544 3043 1620 3098 fiunt.
1657 3043 1723 3098 (ium
1737 3049 1827 3100 autem
1841 3047 1873 3108 is,

1062 3115 1115 3182 ‘qui
1140 3115 1176 3170 ob
1202 3113 1311 3180 aliquod
1335 3111 1495 3166 maleficium
1517 3113 1545 3164 in
1568 3111 1682 3168 insulam
1706 3111 1873 3182 deportatur,

1061 3181 1203 3238 'civitatem
1215 3181 1319 3246 amittit,
1338 3179 1456 3248 sequitur
1472 3185 1512 3244 ut,
1531 3179 1617 3248 qnia¹⁷
1631 3197 1662 3234 eo
1678 3179 1758 3234 modo
1774 3197 1808 3236 ex
1822 3197 1872 3234 nu·

1061 3249 1140 3306 'mero
1160 3251 1254 3304 civium
1272 3249 1455 3302 Romanorum
1471 3247 1581 3310 tollitur,
1599 3247 1709 3316 perinde
1726 3251 1784 3302 acsi
1800 3263 1872 3302 mor·

1061 3317 1114 3374 'tuo
1137 3335 1169 3374 eo
1193 3317 1316 3372 desinant
1338 3315 1414 3370 liberi
1435 3317 1464 3368 in
1486 3319 1620 3386 potestate
1643 3317 1700 3370 eius
1718 3331 1785 3372 esse.
1811 3315 1873 3384 pari

1060 3383 1170 3440 *ratione
1187 3391 1214 3440 et
1230 3383 1253 3440 si
1269 3385 1307 3450 is,
1325 3383 1371 3452 qui
1387 3383 1415 3436 in
1431 3387 1565 3452 potestate
1582 3383 1701 3452 parentis
1719 3383 1767 3450 sit,
1784 3383 1813 3438 in
1829 3383 1870 3436 in·

1061 3455 1152 3510 'sulam
1170 3455 1326 3524 deportatus
1348 3451 1442 3518 luerit,
1466 3451 1563 3506 desinit
1572 3451 1593 3484 ¹⁸
1613 3453 1642 3506 in
1664 3455 1800 3520 potestate
1822 3467 1871 3520 pa-

1059 3521 1148 3578 *rentis
1166 3523 1240 3578 osse.⁴
1267 3521 1314 3576 sed
1331 3519 1355 3574 si
1372 3535 1406 3574 ex
1421 3519 1584 3590 indulgentia
1599 3519 1742 3600 principali
1754 3519 1873 3574 restituti

1037 3593 1074 3644 Η
1107 3587 1761 3658 fuerim,peromniapristinumstatumreciprunt.
1790 3587 1871 3642 19Βε-

1057 3659 1137 3730 legati
1154 3665 1243 3714 autem
1259 3663 1350 3728 patres
1367 3657 1396 3710 in
1412 3655 1525 3712 insulam
1541 3657 1570 3710 in
1583 3661 1720 3736 potestate
1739 3671 1788 3710 sua
1804 3655 1870 3710 libe-

1058 3743 1104 3782 ros
1126 3729 1254 3782 retinent:
1279 3731 1306 3782 et
1331 3741 1345 3780 e
1363 3725 1496 3780 condano
1514 3725 1590 3778 liberi
1607 3725 1717 3794 relegati
1733 3725 1762 3778 in
1774 3729 1870 3846 Rotas-

1058 3799 1072 3848 3
1108 3801 1164 3852 tate
1180 3801 1322 3866 parentum
1340 3797 1485 3848 remanent.
1520 3793 1627 3848 Poenae
1649 3807 1740 3848 servus
1760 3809 1774 3848 ε
1796 3797 1870 3848 ectus

1057 3863 1125 3920 filios
1142 3865 1170 3918 in
1187 3869 1321 3932 potestate
1335 3863 1434 3916 habere
1449 3861 1553 3914 desinit.
1580 3861 1649 3916 servi
1662 3865 1752 3916 autem
1765 3875 1869 3932 poenae

1057 3931 1218 3996 efficiuntur,
1237 3931 1327 4002 quiin
1344 3929 1479 3984 metallum
1497 3929 1658 3984 damnantur
1675 3935 1702 3984 et
1716 3929 1763 4008 qui
1777 3929 1869 4008 bestiis

1057 4005 1073 4054 4
1103 4000 1283 4056 subiciuntur,
1318 3999 1403 4052 Filius
1419 3997 1536 4052 familias
1553 3997 1577 4052 si
1592 3999 1758 4062 militaverit,
1781 3997 1824 4052 vel
1847 4013 1870 4052 si

1057 4075 1167 4124 senator
1181 4069 1224 4124 vel
1241 4067 1335 4124 consid
1352 4065 1433 4122 fuerit
1448 4065 1546 4130 factus,
1564 4071 1654 4120 manet
1670 4067 1700 4120 in
1716 4065 1801 4134 patris
1818 4079 1868 4134 po·

1056 4141 1160 4192 testate.
1186 4137 1279 4190 militia
1296 4137 1365 4190 enim
1382 4135 1424 4190 vel
1446 4133 1629 4190 consularia²⁰
1646 4133 1759 4202 dignitas
1782 4133 1869 4202 patris

1055 4209 1189 4274 potestate
1214 4205 1298 4262 filium
1323 4219 1379 4258 non
1405 4201 1509 4256 liberat.
1544 4199 1592 4256 sed
1619 4217 1651 4256 ea
1677 4201 1869 4256 constitutione

1055 4275 1176 4328 ιιοείιί,21
1200 4289 1302 4328 summa
1324 4271 1482 4342 patriciatus
1505 4269 1618 4338 dignitas
1641 4269 1702 4322 ilico
1726 4269 1760 4322 ab
1783 4269 1867 4336 impe-

1054 4343 1166 4397 rialibus
1183 4341 1309 4396 codicillis
1327 4339 1461 4410 praestitis
1479 4337 1601 4418 epatris
1614 4341 1748 4406 potestate
1761 4337 1866 4390 liberat.

1055 4411 1114 4478 quis
1132 4409 1200 4466 enim
1217 4407 1335 4478 patiatur
1351 4409 1455 4476 patrem
1472 4405 1578 4474 quidem
1601 4417 1682 4474 posse
1704 4419 1753 4472 per
1776 4419 1866 4458 eman.
1943 4423 1946 4434 «

1052 4471 1866 4614 ΞΗΞΞΞΫΗΞΞΞΜΗΗΞΗΗΗΞΗΗΗΗΞΞΗΗΞΗ

1054 4631 1113 4670 eum
1136 4629 1215 4682 quern
1238 4613 1289 4666 sibi
1310 4617 1416 4682 patrem
1433 4609 1511 4678 elegit
1528 4609 1562 4662 ab
1581 4609 1668 4664 aliena
1686 4609 1799 4668 ειιίιιιειε,
1815 4625 1865 4678 po·

1054 4687 1068 4736 5
1103 4683 1219 4738 testate?
1253 4681 1320 4734 ΨΜ
1337 4679 1371 4732 ab
1388 4679 1510 4732 hostibus
1535 4683 1630 4744 captus
1653 4677 1866 4750 lueritparens,

1053 4751 1178 4820 *quamvis
1196 4763 1287 4802 servus
1304 4747 1421 4802 bostium
1436 4745 1499 4810 dat,
1516 4749 1606 4800 tamen
1622 4745 1723 4814 pendet
1738 4747 1780 4802 ius
1798 4747 1865 4802 libe·

1053 4821 1149 4874 'rorum
1166 4821 1276 4886 propter
1292 4817 1335 4868 ius
1351 4813 1520 4882 postliminiir
1538 4815 1600 4884 quia
1617 4815 1653 4880 hi,
1671 4815 1718 4884 qui
1731 4817 1765 4870 ab
1779 4815 1864 4870 bosti-

1054 4887 1110 4942 'bns
1127 4885 1198 4956 capti
1212 4889 1283 4946 sunt,
1301 4883 1325 4936 si
1338 4883 1437 4936 reversi
1450 4881 1558 4946 fuednt,
1576 4883 1665 4938 omnia
1697 4883 1792 4938 ristina
1805 4883 1865 4936 iura

1054 4955 1199 5024 'recipiunt
1226 4951 1327 5030 idcirco
1343 4965 1465 5030 reversus
1483 4955 1511 5004 et
1527 4951 1625 5006 liberos
1643 4901 1753 5006 habebit
1769 4955 1797 5006 in
1814 4967 1863 5020 po·

1053 5023 1172 5086 *testata*
1190 5033 1252 5090 quia
1269 5017 1460 5088 postlimmmm
1476 5017 1552 5090 fingit
1568 5035 1629 5076 eum
1646 5021 1692 5090 qui
1709 5027 1804 5088 captus
1823 5021 1864 5072 est

1052 5105 1156 5160 semper
1171 5089 1200 5144 in
1217 5087 1323 5142 civitate
1339 5087 1434 5142 fuisse:
1460 5087 1563 5144 sivero
1580 5089 1618 5144 ibi
1635 5089 1793 5152 decesserit,
1818 5103 1863 5144 ex-

1049 5159 1125 5226 inde,
1152 5171 1185 5212 en
1202 5169 1254 5226 quo
1273 5159 1368 5224 captus
1386 5159 1427 5210 est
1442 5162 1533 5228 pater,
1550 5157 1620 5212 filius
1639 5155 1681 5210 sni
1697 5157 1761 5212 iuris
1778 5155 1863 5210 tuisse

1050 5227 1159 5282 videtur.
1188 5221 1254 5294 *ipse
1277 5239 1383 5294 quoque
1404 5223 1474 5280 filius
1497 5241 1611 5294 neposve
1634 5225 1658 5282 si
1681 5225 1715 5280 ab
1738 5225 1862 5280 hostibus

1057 5397 1471 5462 ΗΜ,εεΗεΞΒ,ιιὶιειειιίιιιιιιΗΠΙ
1539 5399 1583 5462 (ta)
1605 5399 1783 5462 Cod.'l,t,i,1o

1084 5471 1127 5528 tta)
1149 5467 1186 5532 Of
1197 5465 1571 5534 (lati,1aa.mtDip.t,rdod.
1579 5465 1602 5528 8,
1610 5467 1694 5532 saite)
1763 5467 1807 5530 (ιι)
1825 5465 1863 5530 a'e

1049 5533 1377 5598 ind.ts,dissolvttnrABE
1409 5537 1454 5600 tro)
1467 5535 1699 5596 Gatlnarmanae
1734 5533 1779 5598 (ιι)
1789 5533 1860 5596 qnia]

1049 5603 1293 5668 ammanitidas
1385 5603 1430 5666 (18)
1447 5605 1484 5656 sic
1495 5601 1605 5654 Wient
1615 5603 1645 5664 d,
1652 5603 1776 5662 desintE,
1784 5601 1861 5650 desiit

1049 5671 1101 5722 ΑΒ
1109 5673 1157 5724 We
1246 5673 1292 5738 (is)
1312 5669 1860 5740 §ntaaaMnretaaitattemptatam

1049 5741 1097 5868 im)
1114 5741 1452 5862 agaAPEtttconsnlarisB
1509 5741 1553 5802 (oti
1573 5737 1859 5804 §efin.aadod.12,s,s

1058 5811 1095 5874 aa)
1141 5811 1251 5872 attmo
1847 5829 1848 5832 ¹
