4366 6258
251 377 294 424 DE
315 373 472 420 SENTENT.
495 373 612 422 Passis·
648 373 693 420 DE
716 373 881 422 GADAVER.

1043 349 1101 424 821
1249 359 1636 426 xlixxvlssmaaat.
1659 359 1903 428 XXXXVlllll

928 451 1232 464 -μ--η-,Μ

285 535 322 598 15
341 537 538 596 *Maecianus
553 537 619 592 libro
639 577 1055 594 ........................

251 603 435 676 *Deportatus
453 607 586 658 civitatem
603 605 712 668 amittit,
735 605 886 660 libertatem
908 607 1006 662 retinet
1028 611 1056 660 et

251 679 328 732 *iure
347 673 416 728 civili
433 679 519 736 curet,
543 673 660 740 gentium
675 687 738 726 uero
757 673 848 726 utitur.
882 675 974 742 itaque
992 673 1056 728 emit

251 741 369 806 *uendit
386 743 457 796 locat
472 739 604 802 conducit,
619 745 760 808 permutat,
777 739 853 794 fenus
869 747 975 796 exercet
989 743 1055 796 alia-

251 819 322 882 *que
340 809 442 862 similia.
478 807 549 862 unde
573 807 653 862 etiam
676 813 749 862 recte
771 807 885 876 obligat,
908 823 977 878 quae
995 815 1057 878 post

253 877 516 934 *condemnationem
534 877 675 958 quaesivit:
700 877 796 944 quibus
809 877 846 930 ,in
867 877 948 932 rebus
971 877 1055 930 credi-

252 955 344 1002 *tores
362 959 477 1013 quoque,
503 961 548 1012 qur
569 943 640 998 bona
660 943 713 998 fide
731 949 921 998 contraxerunt
939 961 999 998 cum
1016 959 1056 1010 eo,

253 1013 460 1086 *praeferuntur
480 1011 545 1066 fisco
569 1011 714 1082 deportatis
738 1009 871 1066 defunctis
894 1011 1056 1066 succedenti.

253 1091 335 1186 *napi
352 1081 435 1144 bona,
453 1095 521 1150 quae
539 1079 766 1162 condemnationis
784 1085 903 1148 tempore
919 1079 1056 1160 inveniun-

252 1147 1056 1288 isidtirurpriidoigitffuqirihmidgrdelpiritiddi?t‘ethlilerlelicii·

252 1287 348 1342 *stimi
365 1292 390 1340 et
407 1287 495 1354 legata
512 1301 607 1354 capere
623 1291 720 1356 potest.

288 1351 324 1412 16
344 1353 444 1408 *Iona
465 1353 533 1408 libro
557 1391 957 1408 .......................
992 1351 1058 1406 Gom

253 1421 401 1492 *Ulpianus
425 1421 606 1476 Damaseeunr
636 1422 669 1475 ab
692 1421 854 1492 imperatore
875 1421 998 1492 petisset,
1028 1425 1059 1474 ιιι

253 1489 351 1544 *matri
378 1489 534 1558 deportatae
560 1489 595 1544 ad
614 1489 713 1544 uictum
736 1489 888 1544 necessaria
910 1489 1059 1558 relinquere

254 1559 324 1612 *sibi
341 1559 551 1626 permitteretur,
574 1557 637 1612 item
659 1561 744 1612 mater
767 1573 816 1628 per
837 1557 964 1612 libertum
980 1573 1058 1612 snum

252 1623 1058 1762 ltibtttsltllaillitlttttttttisltt

314 1735 321 1760 ,
914 1735 919 1746 .

252 1759 413 1816 “hereditas
430 1777 480 1816 nec
500 1761 616 1828 legatum
637 1777 687 1816 nec
707 1761 941 1816 fideicommissum
964 1767 1058 1816 contra

252 1829 498 1882 *‘consuetudinem
515 1829 651 1898 legemque
668 1831 803 1898 publicam
824 1829 977 1886 huiusmodi
997 1845 1056 1898 per·

252 1895 353 1950 *sonis
383 1895 497 1966 relinqui
524 1901 614 1966 potest
640 1913 726 1966 neque
754 1913 846 1952 earum
875 1897 1057 1952 condicionem

252 1963 378 2018 *mutari
393 1965 528 2020 convenit:
547 1965 670 2034 quoniam
688 1969 777 2020 antem
794 1967 839 2034 pie
855 1965 979 2032 rogastis,
997 1979 1057 2032 per·

251 2031 356 2088 *mitto
377 2033 452 2086 vobis
473 2033 566 2086 ultirrm
587 2033 723 2088 uoluntate
743 2033 894 2102 relinquere
915 2031 963 2098 iis,
989 2047 1057 2100 quae

253 2099 316 2152 *‘ad
333 2099 431 2154 rictum
448 2101 568 2170 aliosque
585 2115 649 2154 usus
667 2101 832 2154 necessarios
855 2099 1005 2164 sufficiant,
1028 2103 1059 2154 ut

252 2167 305 2288 *¹1in
323 2167 387 2258 quid
404 2167 438 2222 ad
455 2185 501 2224 eos
518 2185 551 2224 ex
568 2167 609 2222 his
628 2167 717 2222 causis
734 2167 890 2236 pertinebit,
913 2183 1010 2236 capere
1025 2167 1058 2222 iis

251 2239 278 2272 *‘
291 2233 376 2290 ἐεει.

287 2299 323 2358 17
338 2301 528 2356 *Ponronrus
539 2303 608 2356 libro
622 2339 1057 2356 .........................

251 2369 414 2438 *Relegatua
437 2369 534 2426 statuis
554 2375 582 2422 et
602 2367 761 2436 imaginibus
779 2369 907 2422 honorari
924 2385 978 2422 non
995 2385 1057 2438 pro-

254 2433 345 2502 l(18)
362 2439 497 2492 *hibetur
533 2435 676 2506 Relegatus
699 2440 800 2492 statum
823 2453 901 2490 suum
924 2437 1058 2506 integrum
1111 2443 1112 2446 ’

251 2505 370 2560 *retinet
386 2511 414 2558 et
430 2505 501 2558 bona
515 2519 584 2572 quae
596 2503 679 2558 babet
693 2509 720 2558 et
734 2509 895 2572 potestatem
908 2503 936 2558 in
949 2505 1057 2572 liberos,

251 2573 327 2626 *sire
352 2571 387 2626 ad
413 2577 517 2640 tempus
542 2573 598 2626 sive
619 2571 648 2626 in
669 2577 829 2640 perpetuum
851 2573 984 2640 relegatus
1008 2579 1056 2626 εει.

251 2645 266 2694 2
284 2643 324 2764 (ιὲ
353 2639 531 2708 *Deportatio
550 2645 639 2694 autem
656 2655 711 2694 non
727 2637 758 2692 lit
776 2639 811 2692 ad
828 2645 942 2710 tempus.

288 2705 300 2764 1
332 2703 630 2774 (19)*Caca1sraarns
639 2707 706 2762 libro
717 2747 1056 2762 .........................

251 2775 415 2844 *Relegatus
435 2775 534 2830 morari
554 2791 609 2830 non
630 2779 720 2842 potest
736 2773 850 2842 Romae,
877 2773 927 2830 etsi
947 2773 975 2828 id
997 2791 1056 2830 sen·

251 2845 355 2898 *tentia
368 2843 588 2912 comprehensum
600 2857 655 2896 nou
668 2847 717 2908 εει,
732 2843 796 2910 qnia
809 2843 954 2896 communis
968 2845 1058 2910 patria

251 2913 326 2966 iest:
345 2911 476 2980 usquein
493 2925 525 2964 ea
543 2911 661 2976 cintate,
680 2909 708 2962 in
726 2925 780 2978 qua
795 2915 916 2964 moratur
932 2911 1057 2980 princeps

251 2979 313 3034 *vel
329 2993 377 3046 per
395 2993 473 3046 quam
489 2979 599 3044 transit,
622 2977 654 3032 iis
671 2977 741 3032 enim
760 2977 823 3032 solis
840 2977 999 3048 permissum
1016 2983 1058 3034 εει

252 3045 417 3116 *principem
432 3045 537 3110 intueri,
557 3045 603 3114 qui
614 3043 727 3100 Romam
739 3043 842 3114 ingredi
854 3049 975 3116 possunt,
995 3047 1058 3114 quia

254 3119 264 3166 1
300 3115 445 3184 *princeps
468 3119 546 3184 pater
568 3113 669 3182 patriae
693 3119 741 3168 est.
779 3115 846 3166 Cum
863 3113 990 3168 adversus
1007 3115 1056 3168 ho-

251 3181 355 3236 *mines
371 3181 469 3236 liberos
488 3181 617 3236 eiusmodi
633 3181 765 3238 sententia
785 3179 885 3246 fertur,
907 3197 957 3250 per
977 3197 1058 3262 quam

251 3249 342 3304 *bona
357 3265 448 3304 eorum
460 3249 640 3320 publicantur,
658 3249 742 3316 qualis
761 3255 802 3304 εει
820 3247 1012 3318 deportationrs
1029 3251 1057 3304 in

252 3317 399 3382 *insiliam
431 3333 463 3372 ea
489 3317 549 3388 ipsa
576 3317 707 3372 sententie
733 3317 848 3386 priorem
875 3317 1057 3372 condicionem

251 3385 396 3442 *amittunt
418 3391 445 3440 et
467 3385 556 3466 statim
583 3385 676 3454 poenis
702 3385 904 3466 sibiirrogatis
926 3399 975 3466 per
998 3401 1057 3440 eam

252 3455 428 3520 *traduntum
458 3453 510 3508 nim
539 3453 603 3522 quid
633 3469 693 3508 cum
719 3459 858 3508 maiestate
885 3457 1056 3508 coniunctum

251 3523 389 3592 *requirit
408 3527 438 3576 ut
454 3537 541 3592 poena
558 3523 757 3578 exacerbetur*

588 3727 689 3790 XXIII
696 3727 715 3788 ².

305 3829 352 3878 DE
369 3825 591 3878 SENTENTIAM
607 3829 718 3880 Passa
734 3829 780 3880 ΕΤ
797 3827 1001 3880 assenseris.

1108 547 1119 596 1
1155 549 1230 598 tutus
1251 543 1407 598 admittitur.
1445 541 1591 598 Sensim
1610 541 1908 620 metallumdamnatus

1105 613 1275 678 restituatur,
1303 609 1431 680 numquid
1454 609 1566 664 servitus
1586 623 1688 678 poenae
1709 613 1846 676 extrnguat
1866 613 1908 668 ius

1105 685 1263 746 patronatus
1281 679 1359 734 etism
1376 683 1439 746 post
1461 677 1673 732 restitutionem?
1707 681 1735 730 et
1756 679 1838 744 magis
1860 685 1908 746 εει,
1954 697 1955 700 ’

1106 753 1137 800 ut
1154 763 1209 800 non
1225 747 1362 814 extinguat
1378 745 1490 800 servitus
1505 745 1548 800 ius
1565 747 1731 814 patronatus.

1141 809 1160 868 2
1183 811 1263 868 Iorn
1287 815 1354 868 libro
1381 813 1474 880 quinto
1503 829 1518 866 c
1541 813 1659 866 brionum
1700 811 1728 866 Si
1754 809 1910 880 deportatus

1107 881 1265 960 restitutus-²
1293 881 1446 950 dignitatem
1469 829 1582 958 quiem,
1596 877 1760 946 indulgentia
1781 877 1910 958 principis

1108 953 1279 1016 ιεειιιειειιι,
1296 949 1324 1000 in
1341 963 1390 1004 sua
1407 953 1496 1000 autem
1513 961 1601 1002 omma
1619 947 1689 1000 bona
1706 963 1760 1002 non
1777 951 1817 1000 est
1834 951 1909 1000 restr-

1108 1019 1198 1080 tntns,
1220 1029 1271 1068 nec
1293 1031 1311 1068 a
1333 1013 1506 1070 creditoribus
1531 1031 1580 1068 nec
1600 1015 1707 1082 publico
1725 1015 1831 1070 nomine
1849 1029 1911 1066 con·

1108 1079 1191 1136 veniri
1207 1086 1304 1150 potest.
1338 1081 1402 1138 sed³
1425 1099 1485 1136 cum
1507 1083 1532 1138 ei
1553 1081 1668 1138 facultas
1692 1083 1782 1138 oblata
1803 1087 1873 1138 essct
1896 1097 1910 1134 a

1108 1147 1229 1216 principe
1250 1149 1320 1204 bona
1341 1165 1446 1218 qnoque
1467 1165 1517 1204 sua
1537 1149 1716 1220 reciperandi,
1741 1150 1864 1206 maluerit
1881 1165 1912 1204 ea

1109 1215 1298 1286 derelinquere,
1322 1217 1471 1274 actionibus
1490 1233 1587 1272 exuere
1604 1235 1641 1284 se,
1660 1219 1755 1288 quibus
1773 1225 1836 1276 ante
1853 1235 1911 1274 sen-

1108 1285 1220 1340 tentiam
1236 1285 1371 1340 subiectus
1388 1285 1485 1352 fuerat,
1502 1303 1555 1342 non
1573 1287 1678 1354 poterit.
1784 1317 1785 1320 =

1142 1349 1161 1410 3
1187 1351 1370 1408 Papinianus
1394 1353 1462 1408 libro
1489 1359 1567 1408 secolo
1595 1355 1696 1410 damino
1722 1369 1911 1424 responsorum

1108 1419 1140 1474 Ιιι
1157 1419 1271 1474 insulam
1288 1418 1420 1488 deportati
1436 1421 1507 1476 bona
1523 1421 1605 1476 fiscus
1622 1437 1710 1492 poena
1724 1423 1836 1478 remissa
1850 1423 1913 1476 reti-

1109 1487 1180 1542 nuit:
1205 1487 1349 1542 creditores
1373 1505 1406 1542 ex
1426 1495 1489 1544 ante
1509 1495 1583 1558 gesto
1606 1507 1660 1546 non
1681 1491 1781 1546 babere
1804 1507 1863 1546 cum
1883 1507 1912 1546 eo

1109 1557 1155 1626 qui
1173 1555 1275 1612 debitor
1310 1555 1425 1610 nondam
1442 1555 1495 1612 fuit
1511 1557 1629 1614 actiones
1648 1559 1776 1612 constitit.
1804 1561 1915 1628 quodsi

1109 1627 1181 1680 bona
1206 1639 1266 1678 oum
1308 1623 1314 1636 '
1351 1623 1423 1678 itatis
1446 1625 1614 1680 restitutione
1637 1641 1765 1680 concessa
1781 1627 1914 1694 recipera-

1109 1693 1188 1760 verit,
1210 1693 1289 1746 utiles
1310 1691 1428 1746 acdones
1445 1693 1614 1748 necessariae
1630 1699 1792 1758 nonerunt,
1811 1711 1872 1748 cum
1890 1699 1914 1746 et

1109 1761 1227 1816 ιιιιεειεε
1244 1763 1406 1829 competunt.

1142 1825 1162 1886 4
1184 1829 1302 1882 Panans
1323 1825 1389 1882 libro
1407 1829 1518 1898 septimo
1536 1827 1638 1882 decimo
1656 1831 1842 1900 quaestionum
1883 1831 1914 1882 Ιιι

1108 1897 1243 1952 ιιιειεΠιιιιι
1264 1895 1389 1950 damnata
1410 1895 1504 1950 mulier
1520 1913 1581 1950 eum
1598 1911 1676 1964 quem
1692 1897 1767 1966 prius
1786 1915 1914 1966 concepe-

1109 1971 1152 2020 rat
1174 1963 1269 2030 edidit,
1294 1963 1387 2020 deinde
1409 1979 1426 2018 a
1448 1963 1567 2032 principe
1589 1963 1713 2018 restituta
1736 1971 1785 2020 est.
1822 1969 1914 2020 buma-

1108 2035 1169 2156 ιιιὲιε
1183 2033 1296 2112 ,dicetur
1322 2031 1401 2086 etiam
1428 2031 1593 2100 cognationis
1620 2031 1680 2086 iura
1706 2033 1769 2088 huie
1792 2035 1916 2088 restituta

1107 2119 1134 2158 ιι
1153 2117 1219 2156 εει.Ι

1442 2305 1584 2366 ΧΧΙΙΙΙᾸ.

1249 2407 1295 2458 nn
1313 2403 1549 2458 cabannamus
1567 2403 1774 2456 runrroaun.

1145 2503 1158 2560 1
1180 2501 1323 2560 Uarianos
1336 2505 1403 2560 libro
1415 2521 1487 2560 coac
1499 2503 1533 2558 dc
1544 2503 1638 2574 ospicio
1645 2501 1821 2574 proconsulis
1850 2503 1914 2558 Cor·

1107 2587 1176 2642 pora
1192 2589 1284 2626 eorum
1302 2573 1348 2644 qui
1366 2571 1452 2644 capite
1470 2571 1630 2626 damnantur
1654 2571 1773 2638 cognatis
1796 2571 1914 2642 ipsorum

1107 2641 1230 2710 neganda
1245 2657 1301 2696 non
1316 2647 1392 2698 sont:
1417 2647 1443 2696 ει
1463 2641 1491 2694 id
1512 2655 1542 2694 se
1565 2641 1719 2694 observasse
1742 2641 1822 2694 etiam
1840 2639 1915 2694 divus

1108 2709 1245 2776 Augustus
1273 2709 1341 2764 libro
1365 2707 1466 2764 decimo
1490 2707 1524 2764 de
1546 2707 1601 2764 uita
1622 2721 1672 2764 sua
1695 2707 1796 2762 scribit.
1836 2707 1915 2762 bodie

1108 2781 1320 2844 colementum,
1343 2777 1455 2846 inques
1472 2775 1703 2840 animadvertitur,
1727 2791 1840 2846 corpora
1861 2791 1914 2830 non

1108 2845 1185 2898 aliter
1207 2845 1385 2912 sepeliuntur,
1415 2859 1493 2914 quam
1518 2845 1542 2900 si
1565 2843 1647 2898 fuerit
1667 2843 1781 2912 petitum
1804 2849 1832 2898 et
1853 2861 1914 2914 per-

1106 2911 1230 2978 missum,
1256 2917 1284 2966 et
1305 2927 1503 2980 nonnumquam
1524 2927 1579 2968 non
1601 2911 1778 2980 permittitur,
1801 2913 1914 2968 maxime

1107 2979 1254 3034 maiestatis
1277 2995 1360 3034 causa
1382 2979 1575 3034 damnatorum.
1610 2995 1702 3034 eorum
1726 2995 1830 3048 quoque
1854 2995 1914 3034 eor·

1107 3061 1187 3114 pora,
1216 3047 1262 3116 qui
1284 3047 1412 3102 exurendi
1434 3047 1606 3112 damnantur,
1635 3047 1691 3118 peti
1713 3053 1839 3116 possunt,
1862 3049 1913 3102 sci-

1107 3115 1170 3168 licet
1197 3119 1229 3168 nt
1255 3129 1317 3170 ossa
1344 3121 1371 3170 ει
1398 3115 1498 3170 cineres
1525 3115 1637 3170 collecta
1663 3115 1815 3184 sepulturae
1842 3115 1913 3170 tradi

1107 3181 1219 3252 possint.

1106 3267 1107 3270 ’
1142 3247 1161 3308 2
1178 3249 1354 3304 Marcianus
1373 3249 1440 3304 libro
1457 3249 1572 3304 secundo
1585 3249 1776 3322 publicorum
1809 3251 1837 3304 Si
1854 3251 1914 3320 quis

1106 3317 1135 3372 in
1156 3317 1271 3372 insulam
1293 3317 1448 3386 deportatur
1474 3317 1516 3372 rel
1544 3319 1677 3400 relegatus
1704 3317 1799 3382 fuerit,
1827 3333 1915 3386 poena

1109 3385 1188 3440 etiam
1204 3389 1266 3454 post
1283 3391 1394 3440 mortem
1410 3391 1507 3450 manet,
1526 3401 1575 3440 nec
1592 3385 1655 3440 licet
1672 3401 1732 3440 eum
1748 3385 1809 3440 inde
1825 3391 1913 3442 trans·

1106 3453 1178 3508 ferre
1199 3453 1281 3508 abobi
1303 3457 1330 3506 ει
1346 3451 1459 3522 sepelire
1475 3453 1625 3508 inconsulto
1642 3453 1775 3522 principe:
1800 3459 1831 3506 ιιι
1853 3469 1912 3508 sae·

1106 3521 1215 3592 pissime
1231 3521 1344 3576 Seuerus
1361 3525 1388 3574 et
1400 3519 1551 3574 Antoninus
1567 3523 1762 3592 rescripserunt
1778 3527 1806 3576 ει
1823 3521 1912 3576 multis

1106 3589 1259 3660 petentibus
1275 3589 1327 3644 boc
1343 3589 1430 3658 ipsum
1445 3589 1621 3644 indulserunt.

1078 3679 1079 3682 ¹
1142 3653 1161 3714 3
1181 3655 1299 3712 Paucos
1313 3656 1380 3712 libro
1392 3657 1482 3728 primo
1495 3657 1686 3712 sententiarum
1720 3655 1839 3724 Corpora
1854 3655 1912 3708 ani·

1107 3723 1305 3848 Hradgacrgffim
1328 3723 1488 3792 quibuslibet
1509 3723 1661 3794 petentibus
1688 3723 1722 3778 ad
1748 3723 1911 3792 sepulturam

1126 3809 1161 3848 an
1278 3831 1284 3844 .

287 3925 302 3982 i
331 3925 476 3982 Uarianos
499 3925 567 3982 libro
591 3927 745 4000 trigessimo
769 3931 870 3982 octavo·
884 3927 922 3982 aa
942 3927 1057 3982 edictum
1122 3935 1123 3938 ’

253 3993 293 4050 dd
310 3993 504 4052 successionem
521 3995 608 4052 liberti
621 4001 753 4068 patronus
769 3997 925 4068 deportatus
940 3999 967 4052 et
980 3995 1056 4052 resti·
1131 3999 1133 4004 “

734 4821 869 4900 LIBER
891 4819 1257 4916 compressurus
1278 4817 1432 4896 NONUS.

630 5013 672 5074 1⁶.

296 5113 342 5164 DE
359 5113 674 5164 APPELLATIONIBUS
690 5111 735 5162 ΕΤ
752 5113 1012 5164 RELATIONIBUS.

287 5207 302 5266 1
328 5209 471 5266 Uarianos
491 5209 559 5266 libro
575 5211 668 5280 primo
690 5209 723 5264 dc
740 5211 968 5282 appellationibus
1001 5213 1056 5282 Ap·

252 5277 366 5344 pellandi
390 5293 455 5334 usus
477 5293 558 5348 quarn
579 5277 614 5332 sit
635 5279 760 5346 frequens
784 5293 916 5348 quamque
933 5293 1056 5334 necessa-

251 5343 1057 5482 tramaultramarinam

254 5493 333 5546 quam
350 5481 417 5536 bene
433 5481 504 5536 latas
521 5481 666 5536 sententias
683 5479 711 5534 in
727 5479 803 5548 peius
820 5479 955 5548 reformet,
972 5497 1069 5550 neque*

287 5653 316 5714 (rt
335 5653 461 5712 Sabim
480 5653 543 5720 Pop.
554 5665 647 5704 aa*
659 5653 720 5700 Bm.
731 5651 771 5716 60,
781 5661 861 5706 ιε*
878 5651 916 5718 ty.
930 5653 989 5704 θεά.
999 5655 1023 5718 9,
1033 5665 1057 5708 ει
1074 5659 1075 5662 ’

254 5719 286 5782 (a)
303 5719 439 5770 restitusF
500 5723 532 5784 (ε)
550 5719 627 5772 silas.
639 5719 691 5770 eald.

288 5789 319 5850 (ιι
333 5787 391 5838 sot.
400 5787 729 5854 ιιιΡαμε-Βαεθεεε
764 5785 798 5852 (s)
811 5787 1059 5840 indutorumasffl

1106 5007 1177 5064 enim
1196 5009 1290 5078 ntique
1311 5007 1405 5064 melius
1427 5007 1582 5076 pronuntiat
1603 5005 1647 5076 qui
1667 5005 1825 5062 novissimus
1848 5023 1908 5062 sen-

1109 5083 1120 5130 1
1157 5077 1267 5130 tentiam
1282 5077 1386 5130 laturus
1404 5079 1452 5130 est.
1486 5075 1641 5146 Quaesitum
1658 5081 1712 5142 est,
1729 5091 1765 5130 an
1782 5077 1908 5132 adversus

1106 5145 1264 5226 resumptum
1280 5143 1560 5266 principisapirovocari
1570 5143 1664 5224 possit,
1681 5143 1752 5200 forte
1763 5143 1787 5200 si
1801 5159 1909 5214 praeses

1107 5213 1259 5282 provinciae
1275 5211 1317 5266 rel
1334 5227 1393 5280 quis
1445 5227 1477 5266 us
1496 5211 1657 5266 consuluerit
1679 5217 1707 5266 et
1728 5211 1780 5266 ad⁷
1805 5211 1909 5266 consul·

1106 5281 1235 5334 tationem
1251 5279 1308 5334 eius
1325 5279 1407 5334 inerit
1418 5279 1591 5362 rescriptum:
1610 5285 1650 5334 εει
1667 5279 1737 5334 enim
1754 5281 1909 5350 quaesitum,

1108 5363 1182 5402 ana
1220 5347 1317 5402 ollandi
1338 5347 1380 5402 ius
1403 5365 1435 5402 su
1455 5353 1526 5402 ersrt.
1562 5347 1625 5416 quid
1646 5347 1728 5412 euim,
1751 5347 1824 5402 siin
1847 5363 1911 5402 con-

1108 5415 1184 5470 sulem
1198 5431 1220 5494 ⁸p
1241 5413 1365 5470 mentitos
1387 5365 1453 5470 esti)
1475 5413 1508 5470 de
1531 5431 1584 5486 qna
1604 5431 1634 5470 ιε
1656 5419 1731 5470 extat
1752 5413 1911 5494 rescriptum

1109 5481 1162 5536 divi
1173 5483 1217 5536 Pu
1232 5481 1297 5554 apis
1313 5481 1347 5536 τὸ
1361 5483 1453 5538 κοινὸν
1466 5485 1524 5536 τῶν
1538 5485 1678 5554 Θρᾳκῶνῦ,
1697 5497 1749 5552 quo
1764 5483 1912 5538 ostenditur

1119 5619 1123 5628 ‹
1142 5653 1176 5718 (ι)
1194 5653 1338 5716 Subi-..133
1352 5659 1496 5718 Ed.1r...21;
1506 5659 1677 5724 'Popula-²73
1691 5657 1839 5722 App.28.-
1848 5657 1909 5708 Bos,

1109 5723 1423 5792 a,1.-0fi00d.7,r1‚o
1491 5725 1659 5790 illinisti?
1724 5727 1756 5788 181
1775 5725 1863 5776 idest:
1881 5725 1912 5780 ad

1109 5791 1369 5844 commnnsTlrracum
