4366 6258
257 369 440 418 sternamus
466 373 680 420 POSSESSIONE

1043 355 1106 424 653

1722 349 1865 414 XXXXl
1886 359 1904 412 2

256 543 311 600 tam
336 557 411 606 eum,
438 543 468 592 tn
489 541 578 592 autem
604 543 717 594 nanctus
740 539 823 596 tueris
850 541 1053 610 possessionem,
1106 537 1260 592 accessione
1289 539 1321 592 de
1349 543 1374 594 ιι
1403 547 1428 596 ιι
1457 541 1524 596 clam
1553 543 1580 592 et
1605 531 1725 606 precario
1753 533 1904 586 venditoris.

256 609 349 686 praedo
367 611 425 664 es¹t
454 621 537 676 aeque
560 607 584 662 si
605 607 747 662 vendidero
770 623 820 662 nec
837 607 972 662 tradidero
990 625 1053 672 rem,

256 683 276 740 si
292 695 343 732 non
360 677 496 730 voluntate
513 689 573 728 mea
589 679 703 730 nanctus
719 677 756 730 sis
774 675 983 744 possessionem,
1000 691 1054 730 non

221 779 222 784 .
255 765 299 822 pro
316 751 434 814 emptore
450 741 579 812 possideo,
596 743 644 796 sed
659 745 759 812 praedo
777 759 813 796 es.

287 813 304 872 6
328 811 471 866 Uarianos
479 811 546 864 libro
561 813 776 880 septrtupensimo
789 811 826 864 ud
838 809 954 864 edietum
980 809 1054 864 illam

256 879 387 956 possidere
400 893 459 934 eum
477 877 596 942 dicimus,
614 877 659 946 qui
676 879 774 932 furtive
789 877 926 944 ingressus
935 883 975 930 est
992 893 1054 946 pos-

256 949 393 1008 sessionem
417 947 556 1016 ignorante
584 961 629 1012 eo,
665 961 742 1014 quem
770 945 820 1000 sibi
848 945 1055 1000 controversiam

255 1021 382 1076 securum
405 1013 591 1084 suspicabatur
614 1021 653 1080 et,
683 1031 716 1068 ne
739 1013 854 1078 faceret,
877 1013 996 1066 timebat.
1031 1013 1053 1066 is

255 1091 338 1144 eutem
362 1083 419 1151 qui,
451 1097 511 1136 cum
539 1081 687 1150 possideret
709 1097 762 1136 nou
788 1081 867 1146 clam,
898 1097 927 1134 se
950 1081 1053 1146 celavit,

254 1161 279 1212 in
301 1167 332 1206 ea
357 1165 439 1204 causa
462 1155 515 1216 est,
540 1155 571 1204 ut
593 1165 647 1206 non
668 1149 787 1204 videatur
810 1149 878 1202 clam
904 1147 1053 1216 possidere:

255 1237 303 1278 uon
326 1219 393 1272 enim
414 1219 483 1272 ratio
514 1217 671 1286 optinendae
695 1217 885 1286 possessionis,
913 1217 960 1272 sed
981 1217 1054 1284 origo

254 1287 441 1348 nanciscendae
470 1285 630 1354 exquirenda
653 1291 705 1340 est:
729 1301 778 1338 nec
806 1299 964 1354 quemquam
986 1285 1055 1338 clam

254 1355 384 1428 possidere
410 1355 539 1422 incipere,
568 1355 612 1422 qui
635 1353 735 1408 sciente
758 1357 806 1406 aut
827 1353 932 1408 volente
950 1369 995 1420 eo,
1020 1353 1055 1408 ad

255 1439 327 1492 quem
350 1437 381 1476 ea
403 1437 445 1476 res
468 1423 595 1490 pertinet,
626 1425 673 1474 aut
702 1421 809 1502 ιιιιιιι2
836 1421 940 1476 ιιιιιιι
968 1423 1055 1476 ιιιιι

257 1491 311 1546 idei
329 1489 524 1558 possessionem
541 1489 711 1544 nanciscitur.
747 1495 850 1558 itaque,
874 1489 959 1558 inquit
975 1489 1054 1544 Pom-

255 1559 356 1630 ponius,
376 1559 444 1612 olam
461 1557 624 1612 nanciscitur
641 1557 847 1627 possessionem,
875 1559 921 1626 qui
938 1557 1054 1612 futuram

255 1627 454 1682 controversiam
476 1633 595 1680 metuens
616 1625 753 1694 ignorante
776 1641 821 1694 ιο,
851 1641 930 1696 quem
953 1629 1053 1690 metriit,

259 1703 264 1748 l
299 1693 394 1748 furtive
412 1693 439 1746 in
458 1693 651 1762 possessionem
668 1693 821 1762 ingreditur.
849 1695 918 1762 (ιιι3
935 1695 969 1748 ad
986 1711 1053 1750 nun-

254 1763 324 1816 dinas
351 1761 487 1828 profectus
511 1763 640 1816 neminem
661 1763 796 1832 reliquerit
823 1769 862 1828 et,
889 1763 1016 1816 dumille
1038 1779 1055 1816 a

255 1829 371 1882 nundinis
403 1829 485 1894 redit,
519 1831 613 1900 aliquis
649 1831 818 1900 occupaverit
850 1831 1054 1900 possessionem,

255 1897 330 1952 videri
362 1911 421 1950 eum
451 1899 519 1952 elam
544 1897 681 1966 possidere
706 1899 797 1954 Labeo
827 1899 933 1954 scribit:
959 1897 1055 1952 retinet

254 1981 309 2032 erpo
327 1965 522 2032 possessionem
538 1967 574 2032 is,
598 1967 643 2034 qui
660 1967 695 2020 ad
712 1967 843 2020 nundinas
863 1967 941 2022 abiit:
965 1981 1055 2020 verum

254 2033 273 2086 si
288 2037 460 2088 revertentem
478 2035 612 2088 dominum
629 2051 690 2094 non¹
700 2035 847 2098 admiserit,
872 2035 897 2088 vi
914 2035 996 2102 magis
1013 2035 1053 2088 in·

252 2099 335 2168 tellegi
350 2101 499 2168 possidere,
517 2119 571 2156 non
589 2101 665 2156 clam.

284 2165 300 2224 7
320 2167 537 2224 prorupturos
554 2169 795 2240 quinquepertitae
815 2175 912 2238 quarto
931 2169 967 2224 ud
983 2169 1053 2224 edic-

254 2241 302 2290 tom
338 2235 390 2290 Sed
411 2243 439 2290 et
461 2239 485 2292 si
511 2239 576 2294 nolit
598 2239 626 2290 in
644 2237 754 2292 fundum
777 2239 888 2302 reverti,
915 2237 986 2304 quod
1002 2239 1053 2290 vim

252 2305 372 2356 maiorem
389 2311 519 2372 vereatur,
542 2305 675 2360 amississe
693 2305 889 2374 possessionem
909 2305 1052 2360 videbitur:

254 2371 329 2424 etita
345 2371 471 2428 Neratius
488 2389 592 2442 quoque
610 2373 710 2428 scribit.

284 2433 318 2494 85
340 2437 420 2492 Iners
446 2441 514 2496 libro
543 2443 732 2510 senopenst'mo
763 2443 856 2508 quinto
880 2441 917 2494 ud
939 2441 1053 2496 edictum

252 2505 489 2574 ιιιιιιιιιιιοιιιιιιθ
507 2509 579 2562 nulla
592 2509 726 2576 possessio
740 2509 844 2578 adquiri
862 2509 913 2564 uisi
926 2509 1012 2564 animo
1027 2517 1054 2564 et

253 2589 358 2644 corpore
370 2581 468 2642 potest,
484 2577 523 2630 ita
535 2575 609 2628 nulla
622 2575 759 2640 amittitur,
777 2577 828 2632 nisi
845 2577 873 2630 in
887 2593 939 2644 qua
952 2583 1053 2632 utrum·

253 2657 299 2710 que
314 2643 342 2694 in
360 2645 522 2698 contrarium
539 2647 628 2698 actum
646 2649 694 2698 est.

282 2707 300 2766 9
320 2709 411 2764 aaron
431 2713 498 2766 libro
521 2713 660 2764 vicensimo
685 2713 777 2780 quinto
796 2711 832 2764 ud
855 2711 969 2766 edictum
986 2729 1053 2782 pro·

252 2777 359 2832 tinctula
393 2777 559 2832 Generaliter
577 2779 695 2898 quisquis
712 2779 819 2832 omuino
837 2785 930 2832 nostro
947 2779 1053 2834 nomine

252 2845 284 2900 sit
303 2845 330 2896 in
350 2845 531 2914 possessiones
554 2861 586 2900 ve
597 2845 635 2900 uti
652 2851 811 2914 procurator
827 2847 925 2914 hospes
944 2847 1053 2914 auricus,

254 2929 296 2968 nos
313 2911 450 2980 possidere
467 2913 592 2968 videmur.

284 2977 338 3036 10⁷
361 2979 506 3034 Uarianos
515 2981 583 3034 libro
600 2983 788 3052 senopetrsimo
801 2995 873 3034 nono
889 2981 926 3034 ad
938 2981 1053 3034 edictam

252 3049 350 3116 Siquis
368 3053 430 3100 ante
449 3047 584 3112 conduxit,
602 3055 697 3116 postea
713 3049 836 3116 precario
854 3049 964 3116 rogavit,
983 3049 1053 3102 vide-

251 3117 317 3170 bitur
335 3115 489 3170 discessisse
507 3129 523 3166 a
541 3115 729 3170 conductione:
758 3115 828 3182 quod
851 3115 873 3166 si
896 3119 959 3168 ante
976 3131 1054 3182 roga·

251 3185 295 3248 ιιι,
324 3187 420 3250 postea
441 3181 582 3246 conduxit,
609 3181 767 3236 conduxisse
788 3181 929 3236 videbitur.
953 3183 1053 3302 lpotius

251 3251 313 3306 enim
331 3251 382 3304 hoo
399 3249 545 3316 procedere
563 3249 678 3314 videtur,
702 3249 773 3318 quod
795 3249 936 3304 novissime
965 3253 1054 3304 actum

254 3327 262 3372 l
297 3323 347 3372 est:
378 3325 405 3372 et
433 3319 485 3370 hoc
513 3317 675 3386 Pomponius
704 3317 749 3370 ait.
789 3317 863 3372 Idem
891 3319 957 3370 Pom
977 3317 1053 3372 onius

251 3385 386 3442 bellissime
407 3391 521 3454 temptat
545 3385 645 3452 dicere,
674 3385 802 3454 numquid
828 3385 874 3454 qui
896 3401 948 3440 eon
966 3387 1054 3440 uxerit

251 3455 350 3524 quidem
378 3453 529 3522 praedium,
560 3451 680 3522 precario
704 3459 792 3506 autem
821 3453 925 3520 rogavit
947 3469 1001 3506 non
1023 3457 1054 3508 ut

251 3521 407 3592 possideret,
431 3521 477 3574 sed
500 3521 579 3574 utin
604 3521 772 3588 possessione
795 3527 866 3574 esset
892 3523 943 3584 (est
965 3525 1053 3574 autem

251 3593 321 3658 longe
336 3589 478 3644 diversum:
498 3589 570 3642 aliud
587 3595 630 3642 est
646 3589 715 3642 enim
732 3589 877 3656 possidere,
895 3589 1053 3658 longenliud

250 3661 275 3712 in
298 3657 465 3726 possessione
496 3673 566 3712 esse:
595 3655 707 3724 denique
731 3657 769 3710 ιιι
793 3655 939 3710 servandae
962 3671 1052 3720 causa,

250 3727 405 3794 legatorum,
432 3723 522 3778 damni
539 3723 631 3778 infecti
647 3739 701 3778 non
718 3723 862 3792 possident,
881 3723 930 3778 sed
946 3727 1009 3778 sunt
1025 3723 1053 3776 in

250 3793 412 3862 possessione
442 3791 579 3846 custodiae
603 3801 707 3848 causat:
738 3791 808 3860 quod
831 3793 855 3844 si
878 3793 980 3844 factum
1004 3797 1051 3856 est,

251 3867 263 3914 ι
294 3867 436 3930 utrumque
453 3859 584 3928 procedit.
621 3859 648 3914 Si
661 3859 724 3980 tquis
747 3865 773 3912 et
791 3859 948 3914 conduxerit
965 3865 993 3912 et
1008 3875 1052 3914 ro·

249 3931 343 3996 paverit
385 3927 501 3994 cenario,
524 3927 564 3982 uti
586 3927 747 3994 pessimat,
772 3927 795 3980 si
818 3926 925 3996 quidem
946 3943 1052 3982 nummo

250 4013 296 4050 nno
316 3945 456 4060 conduxit,
474 3997 548 4048 nulla
566 3995 694 4064 dubitatio
713 4001 761 4058 ιιι,
780 3997 843 4064 quin
861 3995 886 4048 ei
902 3997 1053 4064 precarium

250 4065 329 4120 solum
346 4069 450 4126 teneat,
473 4063 535 4132 quia
553 4063 695 4116 conductio
713 4063 787 4116 nulla
804 4069 858 4126 est,
882 4077 950 4142 quae
968 4063 1053 4116 estin

250 4147 297 4186 uno
320 4133 457 4186 nnmmoiz
482 4131 523 4184 sin
545 4145 608 4184 vero
626 4129 720 4198 pretio,
747 4135 812 4184 tunc
830 4129 1051 4198 distrnguendum,

248 4201 306 4266 qnid
324 4201 397 4268 prius
414 4199 517 4252 factum
534 4203 582 4252 est.

282 4265 315 4324 11
336 4267 455 4322 Partus
475 4267 542 4320 libro
560 4267 747 4336 senapensimo
766 4267 859 4334 quinto
883 4265 921 4320 ad
937 4265 1050 4320 ediciam

248 4331 316 4390 Iuste
332 4333 459 4404 possidet,
479 4333 525 4402 qui
542 4339 651 4388 auctore
668 4339 792 4402 praetore
809 4333 936 4402 possidet.

281 4399 318 4458 12
341 4403 487 4458 ιιιιιιιιι
500 4401 567 4456 libro
579 4403 795 4472 septuopenstmo
806 4403 844 4456 acl
853 4401 968 4456 edictum
995 4401 1051 4456 Na-

249 4471 366 4524 turaliter
379 4469 481 4524 videtur
499 4469 636 4538 possidere
651 4471 673 4522 is
686 4469 731 4538 qui
743 4485 820 4524 usum
832 4469 950 4522 fructum
961 4471 1051 4524 habet.

252 4541 267 4616 l·
293 4539 366 4594 Nihil
395 4553 534 4592 commuue
566 4537 648 4592 habet
675 4537 825 4606 proprietas
854 4555 914 4592 curn
946 4553 1051 4606 posses-

249 4617 330 4660 sione:
349 4611 376 4662 et
392 4605 451 4660 ideo
470 4621 525 4660 non
542 4605 688 4674 denegatur
704 4607 729 4660 ei
749 4605 919 4660 interdictum
932 4605 972 4660 uti
989 4621 1052 4674 pos-

249 4671 347 4738 sidetis,
371 4673 417 4744 qui
435 4675 523 4742 coepit
539 4689 595 4728 rem
618 4673 765 4728 vindicare:
789 4691 843 4728 uon
861 4675 930 4728 enim
947 4675 1053 4730 videtur

248 4743 404 4804 possessioni
422 4741 596 4804 renuntiasse,
616 4741 661 4810 qui
679 4759 735 4796 rem
748 4741 899 4798 vindicavit.

282 4807 317 4866 13
335 4811 415 4864 Innn
429 4811 515 4864 ιιιιι9
531 4811 746 4880 septuopenst'mo
764 4811 927 4864 secundoud
938 4811 1051 4864 edictum

248 4869 405 4944 Pomponius
428 4877 522 4942 refert,
551 4893 612 4930 cum
633 4877 735 4944 lapides
757 4877 786 4930 in
803 4879 921 4932 Tiberim
939 4877 1053 4932 demersi

248 4951 331 4998 essent
351 4945 492 5014 naufragio
516 4949 543 5000 et
563 4949 625 5012 post
641 4951 745 5014 tempus
764 4945 889 5008 extracti,
914 4961 950 4998 an
968 4945 1051 5002 domi·

248 5009 315 5066 nium
331 5013 360 5066 in
377 5015 479 5082 integro
497 5013 549 5068 tuit
565 5029 614 5080 per
631 5013 658 5066 id
675 5017 788 5082 tempus,
807 5029 859 5080 quo
878 5015 1050 5068 erantmersi.

248 5089 291 5144 ego
314 5081 459 5136 dominium
482 5097 524 5138 me
547 5081 660 5136 retinere
677 5087 757 5150 puto,
780 5083 976 5148 possessionem
998 5099 1052 5136 non

247 5151 321 5212 puto,
344 5165 395 5202 nec
419 5161 460 5204 est
484 5149 568 5204 simile
589 5147 712 5218 fugitivo:
737 5165 851 5218 namque
868 5149 993 5218 fugitivus
1010 5149 1051 5202 id·

248 5211 314 5268 circo
336 5233 353 5270 a
376 5217 453 5272 nobis
476 5217 606 5286 possideri
623 5217 738 5284 videtur,
761 5233 795 5270 ue
819 5217 877 5286 ipse
900 5233 949 5272 nos
966 5217 1052 5286 privet

252 5281 260 5328 l
293 5287 474 5350 possessione:
499 5291 527 5338 at
549 5285 577 5338 in
593 5285 726 5354 lapidibus
751 5287 882 5340 diversum
899 5291 948 5342 est.
985 5285 1051 5340 Cum

248 5347 301 5410 quis
319 5353 402 5406 utitur
420 5353 580 5408 adminiculo
599 5369 632 5406 ex
647 5369 763 5434 persona
776 5355 902 5418 auctoris,
920 5355 960 5408 uti
974 5353 1051 5408 debet

248 5425 303 5470 tum
327 5435 376 5474 sue
403 5419 615 5488 oausa'suisque
637 5421 719 5476 vitiis:
748 5421 859 5488 denique
884 5421 1005 5476 addimus
1022 5421 1050 5476 in

254 5527 404 5542 *·-·=-·—-—-
451 5537 479 5542 ...Π

1106 611 1119 658 2
1155 605 1296 658 Ριιιιιιιι
1319 609 1467 674 quaeritur,
1496 609 1520 664 si
1543 607 1600 676 quis
1621 601 1755 658 hominem
1776 601 1904 656 venditori

1104 673 1275 736 redhibuerit,
1293 687 1329 726 au
1343 679 1494 730 accessione
1511 677 1550 730 uti
1566 673 1652 744 possit
1664 685 1698 726 ex
1710 685 1826 738 persona
1839 669 1902 724 eius.

1105 745 1132 794 et
1154 745 1218 794 sunt
1234 739 1279 808 qni
1301 745 1395 808 putent
1412 759 1466 796 non
1482 759 1576 812 posse,
1601 741 1663 812 quia
1686 737 1842 794 venditionis
1866 741 1906 790 est

1104 809 1230 862 resolutio
1254 807 1410 862 redhibitio:
1435 809 1478 862 alii
1495 817 1638 880 emptorem
1654 807 1797 864 venditoris
1815 821 1905 860 acces-

1105 877 1178 930 sione
1201 891 1310 930 usurum
1334 879 1360 928 et
1382 877 1542 930 venditorem
1566 877 1704 946 emptoris,
1730 875 1801 946 quod
1823 873 1905 944 magis

1106 951 1119 998 :t
1154 943 1320 1012 probandum
1337 949 1410 1012 puto.
1447 943 1475 996 Si
1490 941 1557 998 liber
1573 947 1651 1002 homo
1675 947 1716 1002 vel
1733 947 1832 1000 alienus
1850 959 1905 998 ser-

1104 1027 1161 1078 vus,
1180 1029 1240 1066 cum
1257 1013 1328 1066 bona
1345 1011 1398 1066 lide
1411 1011 1537 1066 servirent
1545 1015 1574 1076 1⁰,
1592 1015 1801 1084 comparaverint
1818 1021 1845 1068 et
1862 1013 1906 1066 alii

1104 1081 1277 1150 adquisierint
1292 1081 1494 1150 possessionem,
1512 1093 1598 1148 neque
1613 1081 1724 1138 liberum
1741 1099 1826 1152 neque
1839 1083 1905 1138 ιιιιι

1105 1153 1121 1202 4
1154 1147 1289 1204 dominum
1312 1149 1409 1204 dehere
1432 1149 1471 1200 uti
1489 1147 1647 1204 accessione.
1683 1151 1836 1216 Quaesitum
1856 1157 1905 1216 est,

1105 1219 1127 1272 si
1144 1219 1221 1270 heres
1246 1219 1320 1288 prius
1343 1233 1397 1270 non
1418 1213 1608 1286 possederat¹¹,
1633 1231 1667 1270 an
1690 1221 1905 1288 testatorispos-

1106 1285 1188 1340 sessio
1216 1285 1240 1338 ιι
1275 1285 1393 1340 accedat.
1428 1291 1455 1340 et
1478 1283 1582 1352 quidem
1605 1283 1632 1336 in
1658 1291 1820 1354 emptoribus
1844 1305 1905 1358 pos-

1105 1353 1187 1408 sessio
1214 1353 1428 1422 interrumpitur,
1459 1353 1505 1406 sed
1536 1351 1682 1404 nunidem
1712 1353 1740 1406 in
1766 1357 1906 1412 heredibus

1104 1423 1223 1490 plerique
1235 1423 1359 1490 probant,
1378 1421 1503 1490 quoniam
1515 1419 1618 1488 plenius
1627 1425 1667 1474 est
1680 1419 1722 1474 ius
1732 1425 1906 1480 successionis

1105 1507 1184 1558 quam
1206 1489 1360 1558 emptionis:
1386 1489 1433 1544 sed
1456 1489 1578 1558 suptilius
1602 1493 1642 1544 ιιι
1666 1489 1737 1554 quod
1759 1491 1788 1544 in
1805 1499 1906 1562 empto·

1106 1565 1119 1610 5
1154 1575 1218 1626 rem,
1231 1559 1297 1612 etin
1313 1557 1437 1612 heredem
1451 1557 1479 1612 id
1488 1573 1593 1626 quoque
1605 1557 1722 1626 probari.
1749 1557 1811 1612 Non
1820 1567 1905 1614 autem

1106 1641 1137 1680 ea
1154 1633 1260 1680 tantum
1277 1627 1410 1696 possessio
1428 1627 1563 1680 testatoris
1581 1625 1670 1680 heredi
1687 1627 1821 1692 procedit,
1839 1645 1905 1696 quae

1105 1695 1183 1750 morti
1200 1695 1252 1750 fuit
1268 1695 1395 1758 iniuncta,
1413 1711 1501 1750 ιιιιιι
1520 1711 1551 1748 ea
1569 1707 1686 1762 quoque,
1697 1707 1766 1762 quae
1782 1711 1907 1762 umquam

1106 1765 1120 1816 6
1154 1763 1291 1816 testatoris
1318 1761 1407 1816 fuerit.
1447 1761 1478 1816 In
1505 1761 1566 1816 dote
1583 1777 1698 1830 ‘quoque
1726 1761 1749 1816 ιι
1775 1761 1837 1814 data
1865 1779 1908 1816 ιιι

1105 1829 1185 1884 fiterit
1202 1831 1244 1884 ιιι
1262 1847 1294 1884 ex
1310 1829 1373 1884 dote
1390 1837 1510 1898 recepta,
1532 1829 1650 1884 accessio
1667 1829 1774 1882 dabitur
1794 1827 1835 1882 vel
1852 1845 1907 1882 ma-

1106 1903 1119 1948 i
1154 1899 1206 1952 rito
1223 1899 1265 1954 vel
1283 1897 1368 1952 uxori.
1404 1897 1431 1952 si
1448 1899 1482 1962 ιι,
1502 1899 1547 1966 qui
1564 1897 1683 1966 precario
1702 1897 1844 1962 concessit,
1863 1913 1907 1950 ac·

1106 1967 1224 2020 cessione
1241 1967 1303 2020 velit
1324 1967 1364 2020 uti
1381 1981 1414 2020 ex
1434 1981 1548 2034 persona
1571 1967 1625 2020 eius
1644 1967 1688 2020 cui
1706 1963 1848 2028 concessit,
1874 1981 1907 2018 an

1104 2033 1202 2100 possit,
1226 2035 1371 2102 quaeritur.
1407 2049 1455 2102 ego
1472 2039 1536 2100 puto
1554 2049 1626 2098 enm,
1644 2033 1689 2102 qui
1705 2033 1825 2100 precario
1844 2047 1908 2086 con-

1106 2101 1193 2164 cessit,
1212 2101 1338 2170 quamdiu
1355 2107 1444 2156 manet
1461 2103 1617 2168 precarium,
1636 2101 1788 2156 accessione
1803 2099 1842 2154 uti
1854 2115 1908 2154 non

1104 2185 1194 2236 posse:
1214 2169 1236 2222 si
1244 2173 1335 2224 tamen
1347 2185 1408 2224 rece
1427 2171 1476 2224 erit
1490 2171 1769 2238 possessionemrupto
1778 2169 1907 2238 precario,

1105 2235 1245 2290 dicendum
1263 2253 1321 2292 esse
1340 2187 1466 2292 accedere
1482 2239 1676 2306 possessionem
1698 2239 1756 2292 eius
1773 2237 1907 2306 temporis,

1106 2311 1119 2356 8
1155 2321 1207 2372 quo
1229 2305 1350 2372 precario
1375 2305 1569 2374 possidebatur.
1603 2305 1646 2356 Ex
1668 2305 1740 2358 iacto
1765 2305 1907 2372 quaeritur,

1105 2371 1203 2440 siquis
1226 2373 1403 2426 manumissus
1426 2387 1563 2426 excausa
1586 2371 1713 2440 peculiari
1739 2370 1837 2426 habeat
1853 2387 1908 2424 rem

1104 2455 1158 2494 non
1177 2455 1302 2494 concesso
1328 2439 1378 2495 sibi
1394 2439 1513 2508 peculio,
1538 2439 1632 2494 deinde
1649 2439 1770 2494 dominus
1787 2439 1850 2494 velit
1866 2455 1907 2492 re-

1104 2514 1192 2561 tracta
1220 2509 1389 2576 possessione
1419 2507 1572 2562 accessione
1601 2509 1653 2576 uti,
1685 2523 1720 2560 an
1746 2509 1838 2576 possit.
1882 2511 1908 2560 et

1104 2575 1206 2644 placuit
1227 2593 1281 2628 non
1309 2591 1368 2630 asse
1390 2575 1503 2630 dandam
1525 2575 1594 2630 hauc
1619 2575 1812 2638 accessionem,
1840 2589 1908 2644 quae

1105 2649 1120 2696 e
1155 2643 1224 2696 clam
1244 2643 1338 2698 habita
1361 2647 1410 2696 est.
1451 2643 1588 2696 Praedone
1610 2641 1764 2710 possidente
1787 2643 1809 2696 si
1833 2641 1908 2696 iussu

1103 2708 1197 2766 iudicis
1215 2725 1258 2764 res
1281 2711 1345 2764 mibi
1362 2709 1485 2764 restituta
1502 2711 1548 2776 sit,
1571 2711 1749 2764 accessionem
1772 2725 1828 2764 esse
1844 2707 1908 2762 mihi

1107 2783 1136 2830 10
1172 2777 1286 2830 dandam
1303 2779 1413 2848 placuit.
1442 2777 1493 2830 Sed
1510 2783 1537 2832 et
1553 2777 1680 2846 legatario
1694 2777 1906 2832 dandamacces·

1104 2845 1206 2900 sionem
1234 2845 1291 2898 eius
1319 2845 1458 2912 temporis,
1489 2863 1540 2914 quo
1568 2845 1620 2898 init
1646 2845 1718 2914 apud
1747 2851 1906 2908 testatorem,

1105 2913 1241 2966 sciendum
1257 2917 1306 2968 est.
1343 2929 1377 2964 an
1399 2911 1503 2968 heredis
1526 2915 1659 2980 possessio
1678 2913 1701 2966 ιι
1719 2913 1844 2976 accedat,
1871 2911 1906 2964 vi-

1104 2979 1225 3034 deamus:
1244 2985 1271 3034 et
1287 2985 1362 3048 puto,
1381 2979 1434 3032 sive
1448 2995 1514 3046 pure
1531 2981 1584 3034 sive
1601 2981 1650 3034 sub
1661 2979 1816 3034 condicione
1829 2979 1906 3034 fuerit

1103 3047 1233 3110 relictum,
1252 3047 1393 3100 dicendum
1411 3061 1468 3098 esse
1484 3047 1512 3100 id
1529 3047 1662 3112 temporis
1681 3063 1733 3114 quo
1751 3049 1828 3100 heres
1845 3063 1906 3114 pos·

1104 3113 1172 3166 sedit
1193 3119 1254 3166 ante
1277 3115 1434 3166 existentem
1457 3113 1637 3166 condicionem
1659 3115 1700 3166 vel
1717 3115 1907 3168 restitutionem

1105 3181 1156 3244 rei,
1186 3181 1313 3246 legatario
1343 3179 1480 3248 proficere.
1521 3181 1656 3234 testatoris
1690 3187 1778 3234 autem
1807 3193 1907 3248 semper

1104 3247 1224 3316 proderit
1239 3247 1375 3316 legatario,
1400 3247 1423 3302 ιι
1439 3247 1553 3314 legatum
1571 3263 1631 3300 vere
1648 3247 1700 3300 fuit
1716 3249 1758 3302 vel
1774 3247 1908 3302 fideicom-

1107 3321 1135 3368 ιι
1172 3317 1287 3370 missum.
1324 3315 1376 3370 Sed
1397 3321 1424 3368 ιι
1446 3313 1482 3378 ιι,
1507 3315 1550 3370 ιιι
1568 3331 1609 3370 ιιι
1629 3315 1727 3370 donata
1745 3325 1796 3382 est,
1819 3331 1908 3370 acces-

1107 3387 1136 3436 ta
1172 3383 1246 3436 sione
1262 3389 1354 3436 utetur
1376 3397 1408 3436 ex
1429 3397 1543 3450 persona
1565 3383 1620 3436 eius
1643 3385 1688 3450 qui
1705 3383 1820 3436 donavit.
1857 3385 1909 3436 Ac·

1105 3451 1237 3506 cessiones
1250 3451 1278 3504 iu
1292 3467 1385 3504 eorum
1396 3465 1509 3518 persona
1521 3451 1609 3504 locum
1624 3451 1732 3514 habent,
1752 3453 1797 3520 qui
1810 3453 1909 3506 habent

1103 3519 1239 3586 propriam
1247 3519 1455 3586 possessionem:
1475 3523 1590 3572 ceterum
1604 3519 1722 3574 accessio
1736 3519 1833 3574 nemini
1846 3537 1909 3588 pro-

1109 3593 1136 3640 13
1172 3585 1240 3652 ficit,
1263 3585 1314 3640 nisi
1332 3587 1357 3640 ei
1380 3587 1498 3656 quipse
1522 3587 1676 3654 possedite.
1711 3587 1854 3640 Praeterea
1877 3603 1910 3640 ne

1102 3655 1213 3708 vitiosae
1231 3655 1337 3734 quidem
1354 3655 1516 3722 possessioni
1532 3653 1586 3706 ulla
1603 3659 1692 3722 potest
1705 3655 1844 3708 accedere:
1864 3655 1909 3708 sed

1103 3723 1181 3776 ιιι13
1199 3721 1294 3776 vitiosa
1312 3723 1350 3784 ιι,
1368 3737 1436 3790 quae
1453 3721 1547 3774 vitioso
1564 3737 1617 3774 non
1634 3733 1682 3776 est.

1140 3787 1177 3844 tt
1196 3787 1314 3844 Pennus
1333 3789 1401 3844 libro
1418 3789 1605 3860 resapere-seton
1624 3797 1716 3844 octavo
1741 3789 1778 3844 ori
1794 3789 1908 3844 edictum

1103 3857 1132 3910 Si
1146 3871 1238 3912 servus
1252 3859 1293 3910 vel
1306 3857 1377 3910 filius
1391 3855 1503 3910 familias
1521 3857 1675 3922 vendiderit,
1694 3855 1801 3910 dabitur
1818 3871 1908 3912 acces·

1104 3925 1143 3980 sio
1166 3925 1236 3990 eius,
1262 3925 1361 3992 quod¹i
1385 3941 1465 3994 penes
1487 3941 1529 3978 me
1552 3925 1617 3990 init,
1641 3925 1744 3980 scilicet
1767 3925 1789 3978 si
1806 3925 1909 3980 volente

1103 4009 1145 4048 me
1163 3997 1210 4046 aut
1226 3993 1260 4048 de
1277 3993 1390 4060 peculio,
1409 3991 1485 4046 cuius
1502 3993 1612 4046 liberam
1631 3993 1727 4060 peculii
1742 3993 1908 4048 administra·

1106 4069 1116 4114 t
1153 4061 1252 4116 tionem
1274 4059 1438 4126 habuerunt,
1464 4059 1643 4114 vendiderunt.
1681 4061 1781 4114 Tutore
1805 4077 1909 4130 quoque

1103 4129 1144 4182 ιιι
1161 4135 1284 4182 curatore
1302 4129 1430 4182 vendente
1448 4127 1553 4182 dabitur
1571 4127 1689 4182 accessio
1703 4129 1760 4184 eius
1773 4129 1908 4198 temporis,

1103 4213 1155 4264 quo
1174 4197 1291 4264 pupillus
1308 4195 1350 4250 vel
1367 4195 1482 4250 furiosus
1501 4195 1627 4264 possedit.

1139 4261 1176 4320 15
1198 4265 1289 4318 Gerus
1309 4263 1378 4318 libro
1402 4265 1542 4318 vicensimo
1560 4271 1638 4318 sento
1661 4263 1699 4318 od
1715 4265 1829 4318 edictum
1842 4281 1909 4336 pro-

1101 4333 1215 4388 vinciale
1249 4331 1329 4396 Rem,
1348 4347 1415 4400 quae
1432 4333 1509 4386 nobis
1526 4333 1653 4402 subrepta
1672 4337 1723 4400 est,
1742 4331 1851 4402 perinde
1868 4333 1913 4384 im·

1103 4400 1251 4468 tellegimur
1278 4401 1398 4456 desinere
1424 4399 1560 4468 possidere
1589 4407 1668 4468 atque
1694 4415 1765 4466 eam,
1792 4415 1860 4468 quae
1884 4401 1909 4452 ιι

1103 4469 1179 4522 nobis
1198 4475 1290 4536 erepta
1307 4475 1356 4524 est.
1392 4471 1438 4522 sed
1456 4471 1478 4522 si
1494 4469 1530 4534 is,
1556 4471 1601 4538 qui
1622 4471 1650 4522 in
1667 4471 1800 4538 potestate
1816 4471 1909 4520 nostra

1103 4543 1152 4600 est,
1171 4537 1340 4604 subripuerit,
1358 4537 1482 4606 quamdiu
1500 4539 1572 4606 apud
1589 4539 1674 4606 ipsum
1690 4537 1725 4590 sit
1738 4551 1789 4600 res,
1808 4535 1908 4588 tamdiu

1102 4621 1156 4658 non
1184 4605 1329 4660 antittimus
1358 4605 1563 4674 possessionem,
1592 4605 1655 4674 quia
1681 4619 1728 4672 per
1757 4603 1908 4656 huiusmodi

1103 4687 1230 4742 personas
1255 4673 1404 4742 adquiritur
1424 4675 1501 4728 nobis
1524 4675 1665 4744 possessio.
1701 4675 1728 4726 ιι
1751 4671 1818 4724 haec
1841 4671 1908 4724 ratio

1103 4747 1155 4806 est,
1182 4757 1265 4810 quare
1286 4741 1422 4796 videamur
1445 4743 1582 4810 fugitivum
1606 4739 1756 4820 possidere,
1784 4737 1855 4816 qued
1878 4741 1907 4806 is,

1103 4809 1323 4878 quemadmodum
1352 4811 1464 4864 aliarum
1492 4827 1581 4866 rerum
1609 4821 1802 4876 possessorem
1827 4813 1906 4862 mter-

1101 4883 1205 4932 vertere
1221 4895 1275 4932 non
1292 4885 1389 4948 potest,
1406 4879 1445 4932 ita
1461 4897 1495 4934 ue
1512 4895 1587 4930 suam
1604 4875 1709 4944 quidem
1726 4879 1821 4942 potest.

1140 4941 1176 5002 16
1201 4945 1344 5000 Πιιιιιιιι
1360 4947 1427 5002 libro
1445 4945 1659 5016 septuopensimo
1678 4945 1756 4996 tertio
1781 4943 1818 4996 ud
1838 4945 1904 5000 edic·

1103 5019 1158 5068 tom
1199 5013 1275 5084 Quod
1301 5033 1371 5070 uxor
1399 5017 1453 5068 viro
1479 5019 1527 5068 aut
1550 5013 1589 5066 vir
1611 5011 1689 5064 uxori
1710 5009 1830 5080 donavit,
1858 5031 1907 5084 pro

1101 5099 1256 5150 possessore
1274 5083 1431 5152 possidetur.

1139 5149 1175 5206 17
1199 5151 1278 5204 Ιιιι
1301 5153 1368 5206 libro
1394 5149 1608 5218 septtropensr'ntc
1630 5151 1707 5202 serto
1734 5149 1772 5202 od
1793 5149 1907 5204 edictum

1103 5217 1131 5272 Si
1148 5219 1206 5288 quis
1223 5221 1249 5272 vi
1267 5219 1299 5272 de
1316 5219 1483 5286 possessione
1501 5215 1618 5272 delemus
1634 5215 1675 5282 sit,
1693 5217 1803 5286 perinde
1815 5219 1908 5272 haberi

1102 5287 1180 5340 debet
1198 5303 1230 5342 ac
1248 5287 1271 5340 ιι
1287 5285 1450 5354 possideret,
1475 5301 1534 5338 cum
1556 5285 1695 5342 interdicto
1713 5287 1746 5340 de
1763 5287 1789 5342 vi
1806 5287 1908 5356 recipe-

1104 5359 1114 5408 ι
1152 5355 1252 5408 rendae
1269 5353 1445 5422 possessionis
1462 5351 1616 5410 facultatem
1634 5357 1740 5410 habeat.
1777 5353 1908 5410 Differen-

1100 5423 1139 5474 tia
1160 5423 1229 5476 inter
1251 5419 1395 5474 dominium
1415 5425 1443 5476 et
1463 5423 1657 5488 possessionem
1673 5425 1740 5478 haec
1758 5429 1812 5488 ιιι,
1836 5423 1908 5492 quod

688 5533 1565 5548 mQ———ss-bfflss——m
1568 5541 1649 5548 ..Μ-,ψ
1652 5539 1906 5546 fflffl

248 5581 275 5644 (ι)
291 5587 417 5638 tuentem
479 5587 573 5656 praedo
587 5603 613 5640 ee
630 5591 676 5642 del.
781 5595 813 5654 (a)
831 5591 882 5640 alia
896 5607 945 5652 qua
962 5593 1051 5660 Menpe
1103 5593 1146 5652 est,
1162 5589 1221 5652 qnia
1236 5593 1261 5638 et
1273 5589 1321 5640 hoc
1336 5587 1476 5644 donationis
1487 5595 1566 5646 instar
1574 5595 1671 5656 inducit
1681 5595 1713 5646 D.
1727 5597 1742 5648 i.
1751 5599 1843 5662 petrino
1850 5597 1907 5660 sor-

248 5653 275 5714 is)
293 5655 496 5720 quilsiquisscr.
548 5659 579 5720 tt)
596 5655 662 5708 libro
672 5659 750 5708 onaF
793 5667 824 5720 {sl
843 5659 1048 5722 =D.50‚1v,1ss
1103 5669 1166 5706 losse
1181 5659 1325 5722 interpolato

248 5717 278 5778 (ιι
296 5723 411 5786 utigitur
419 5725 453 5772 D.
466 5725 480 5774 l.
491 5725 585 5790 pomino
595 5743 668 5790 eoque
674 5725 784 5790 pleniore
836 5729 869 5788 (t)
887 5727 1050 5788 sn=D.1s,
1102 5725 1143 5788 (11)
1160 5725 1285 5790 possideat
1301 5725 1349 5790 1⁴⁷²,
1371 5725 1508 5794 possideres
1524 5731 1549 5782 F
1556 5731 1563 5760 ¹

1415 5665 1449 5724 (ιι)
1466 5663 1584 5714 libroom.
1600 5665 1626 5712 F
1718 5667 1763 5728 (10)
1780 5663 1872 5712 servire
1887 5663 1913 5712 F

1682 5731 1726 5794 (ιιι
1744 5731 1851 5796 possidet
1870 5725 1903 5782 F*

248 5793 300 5838 tit
353 5795 386 5856 (s)
403 5791 490 5854 siquis
499 5791 647 5842 conduxerit
656 5807 756 5842 nummo
765 5809 825 5856 uno,
838 5791 971 5842 conductio
980 5791 1051 5842 nulla
1102 5791 1227 5854 (1³)neF
1291 5793 1335 5858 (14)
1354 5797 1591 5864 eiustemporisquo
1605 5801 1659 5852 edd.
