4366 6258
272 353 301 418 Χ
324 361 341 422 4
1064 345 1122 420 148
1639 373 1685 418 ιι)
1707 371 1926 418 nxnrnnxnun

231 529 233 532 ¹
271 543 325 592 tum
343 541 440 598 habeat
457 541 507 604 sio,
526 546 555 593 ιι
572 545 647 594 actor
663 553 719 592 rern
735 539 885 608 possideat,
902 541 925 594 is
943 555 1002 592 cum
1019 553 1071 608 quo
1122 553 1155 594 ex
1172 539 1266 594 arbore
1282 541 1330 592 ιιι
1352 539 1381 594 in
1403 539 1515 592 fundum
1536 553 1623 592 meum
1647 537 1774 604 deciditi,
1799 553 1856 592 earn
1880 553 1926 618 ego

273 613 286 658 'i
320 615 411 678 agetm
427 613 518 662 utatur
533 607 645 660 fruatur.
686 607 758 660 Idem
775 609 893 662 Iulianus
910 607 1002 662 scribit
1019 623 1071 662 em·
1121 607 1236 662 immisso
1253 621 1349 676 pecore
1367 607 1496 676 depasce:
1515 623 1568 676 qua
1585 607 1689 662 actione
1703 623 1812 676 possum
1825 607 1928 660 tenen?

273 679 379 742 pteron,
398 675 442 742 ιιι
459 681 521 730 ruta
538 691 616 730 caesa
634 691 687 730 nou
704 677 825 740 restituit,
845 675 879 730 ad
897 675 1071 730 exhibendum
1121 675 1281 744 Pomponius
1305 675 1399 728 scribit
1421 679 1569 744 competere
1592 675 1723 730 actionem
1746 675 1781 728 ad
1803 673 1927 728 exhiben-

272 745 354 798 teneri
370 743 398 796 iu
416 749 542 810 quantum
558 743 587 796 in
603 745 675 796 litem
691 745 825 798 iurarero:
850 743 897 796 sed
920 743 957 796 ibi
980 743 1071 808 adicit,
1123 743 1197 808 dum,
1221 743 1243 796 si
1267 743 1327 796 dolo
1345 757 1428 812 pecus
1445 743 1554 808 immisi,
1578 749 1608 796 ιι
1625 741 1747 812 glandem
1766 741 1927 796 comederet:

271 811 293 862 si
311 815 410 878 emptor
423 811 561 928 lpossideat
578 817 624 864 aut
643 811 702 866 dolo
720 811 783 866 iecit
801 827 852 880 quo
875 811 963 864 minus
986 811 1071 880 possi·
1121 827 1182 864 nam
1200 815 1227 864 et
1244 811 1265 864 si
1282 811 1359 878 glans
1376 817 1479 864 extaret
1502 825 1550 864 nec
1572 811 1680 878 patieris
1704 825 1745 862 ιιι
1767 811 1872 874 tollere,
1895 809 1929 862 ad

271 881 285 928 3
320 877 387 934 dest.
436 883 489 932 tem
503 877 593 932 Celsus
611 878 705 934 scribit
722 887 832 944 stercus,
851 879 921 946 quod
937 879 965 932 in
983 893 1072 932 aream
1123 877 1296 934 exhibendum
1322 879 1469 944 teneberis,
1502 877 1720 948 quemadmodum
1745 877 1768 932 si
1793 877 1929 932 materiam

270 959 353 1000 meam
368 947 528 1012 congessisti,
547 961 596 1014 per
609 947 644 1000 ad
659 949 833 1004 exhibendum
848 947 978 1000 actionem
992 961 1072 1014 posse
1122 961 1206 1000 meam
1232 947 1347 1000 delatam
1364 949 1392 1000 in
1409 961 1500 1014 agrum
1518 963 1595 1000 suurn
1613 947 1671 1016 quis
1689 945 1793 1000 auferre
1810 963 1864 1000 non
1880 961 1929 1014 pa-

269 1017 296 1066 te
314 1015 438 1082 consequi
455 1021 485 1066 ιι
501 1015 588 1078 tollas,
607 1015 644 1068 sic
662 1021 750 1070 tamen
767 1023 797 1068 ut
814 1021 900 1068 toturn
917 1015 1009 1068 tollas:
1028 1029 1071 1068 oe·
1122 1019 1228 1068 teretur.
1256 1021 1282 1068 et
1295 1015 1385 1084 placet
1392 1015 1470 1068 nobis
1476 1015 1615 1084 Pomponii
1630 1015 1768 1078 sententia,
1786 1015 1839 1068 sive
1853 1015 1929 1082 glans

269 1083 285 1132 4
318 1085 405 1134 terum
422 1081 487 1136 alias
504 1097 558 1134 non
575 1097 660 1150 posse.
697 1083 749 1138 Sed
767 1087 794 1136 et
810 1081 833 1136 si
850 1083 915 1136 ratis
933 1081 1021 1136 delata
1038 1081 1073 1136 sit
1124 1087 1195 1136 extet
1212 1082 1266 1136 sire
1283 1087 1442 1150 consumpta
1458 1083 1500 1136 ιιι.
1527 1081 1573 1136 ιιι
1591 1083 1613 1134 ιι
1638 1087 1723 1146 extet,
1748 1081 1826 1136 etiam
1848 1081 1928 1134 iuter-

270 1147 423 1202 riilurninis
446 1149 473 1202 in
496 1165 587 1216 agrurn
611 1149 732 1218 alterius,
756 1165 835 1218 posse
857 1165 917 1204 eum
941 1151 1074 1204 conveniri
1124 1151 1194 1204 dicto
1211 1149 1244 1204 de
1260 1149 1356 1218 glande
1372 1149 1497 1216 legenda,
1520 1149 1636 1204 etmihi
1658 1151 1736 1204 tertio
1760 1165 1864 1218 quoque
1889 1149 1930 1202 die

270 1213 304 1268 ad
321 1215 495 1270 exhibendum
512 1217 636 1270 Neratius
656 1219 754 1272 scribit.
781 1217 852 1272 unde
869 1217 972 1286 quaerit
988 1217 1072 1270 Nera·
1124 1217 1248 1286 legendae
1263 1217 1367 1286 glandis
1384 1215 1500 1270 laorrltas
1518 1221 1600 1282 esset,
1618 1217 1659 1272 uti
1675 1223 1782 1284 potero,
1801 1219 1824 1270 si
1842 1217 1929 1270 damni

269 1283 334 1348 tius,
360 1291 448 1336 utrum
474 1285 618 1338 defuturo
646 1285 783 1340 dumtaxat
810 1285 906 1338 damno
931 1301 966 1338 an
988 1291 1015 1338 et
1040 1285 1074 1338 de
1125 1291 1139 1338 ι
1174 1285 1264 1340 infecti
1283 1299 1385 1340 cavero.
1421 1283 1449 1338 Si
1468 1285 1524 1354 quis
1547 1299 1603 1338 rem
1625 1285 1690 1338 iecit
1715 1285 1749 1338 ad
1772 1285 1852 1338 aliurn
1869 1301 1928 1354 per-

269 1353 410 1420 praeterito
429 1351 533 1406 domino
552 1353 608 1420 agri
625 1353 772 1408 cavendum
789 1351 831 1418 sit,
851 1357 876 1404 ei
894 1351 932 1406 ait
947 1353 1025 1406 etiam
1039 1353 1073 1408 ιι
1125 1353 1227 1418 ιιιιιι,
1248 1353 1351 1408 ridetur
1368 1351 1429 1408 dolo
1446 1351 1542 1406 fecisse
1559 1369 1611 1420 ιιι
1629 1353 1716 1406 minus
1733 1353 1884 1432 possideat,
1908 1353 1931 1406 si

269 1423 284 1470 5
319 1419 460 1486 praeterito
487 1421 573 1472 caveri
599 1427 729 1488 oportere.
766 1419 818 1474 Sed
841 1427 867 1472 et
890 1419 912 1474 si
939 1421 972 1474 de
995 1419 1074 1474 ruina
1125 1423 1139 1474 3
1174 1421 1251 1474 modo
1268 1423 1320 1474 hoc
1338 1421 1430 1474 dolose
1445 1421 1547 1474 iecerit.
1583 1419 1635 1474 Sed
1658 1419 1680 1472 si
1703 1435 1761 1488 quis
1785 1435 1841 1474 rem
1858 1419 1929 1474 dete-

269 1487 368 1554 ιιιιιι
388 1487 417 1540 ιι
438 1495 511 1540 tuam
534 1501 621 1540 aream
644 1489 685 1542 vel
707 1489 735 1540 in
757 1493 818 1540 tuas
842 1489 921 1540 aedes
939 1489 1072 1552 deciderit,
1124 1489 1218 1540 riorem
1237 1489 1398 1552 exhibuerit,
1424 1503 1507 1566 aeque
1524 1489 1559 1540 ad
1576 1487 1752 1540 exhibendum
1770 1501 1830 1540 eum
1847 1489 1930 1540 teneri

269 1561 284 1608 s
319 1555 449 1608 teneberis
459 1553 493 1606 ad
503 1555 684 1618 exhibendum,
698 1555 761 1608 licet
769 1569 822 1606 non
838 1553 981 1624 possideas.
1008 1555 1074 1606 Item
1125 1555 1239 1608 Sabinus
1258 1555 1303 1606 ait.
1330 1555 1378 1608 sed
1394 1555 1446 1608 hoc
1463 1555 1500 1608 ιιι
1517 1555 1608 1624 ιιιιιι
1631 1571 1722 1606 rerum
1745 1561 1799 1620 est,
1824 1555 1846 1608 si
1869 1555 1929 1608 dolo

269 1621 291 1676 ιι
309 1621 366 1690 quis
383 1621 537 1676 facultatem
554 1623 709 1676 restituendi
725 1637 779 1674 non
796 1621 908 1686 habeat,
933 1623 995 1676 licet
1010 1637 1072 1690 pos·
1126 1621 1194 1676 malo
1211 1621 1239 1674 in
1256 1621 1329 1676 aliud
1347 1637 1444 1690 corpus
1461 1637 1504 1676 res
1521 1623 1557 1676 sit
1578 1621 1725 1686 translata,
1748 1621 1829 1674 veluti
1851 1621 1875 1676 si
1899 1639 1930 1676 ex

269 1689 361 1754 sideat,
380 1695 468 1744 tamen
486 1689 520 1742 ιι
539 1691 714 1744 exhibendum
731 1705 785 1742 non
802 1689 944 1754 tenebitur,
962 1695 992 1744 ut
1008 1695 1074 1756 puta
1125 1691 1223 1758 scypho
1250 1705 1338 1744 massa
1362 1689 1437 1742 iacta
1462 1689 1510 1742 sit:
1535 1705 1694 1758 quamquam
1721 1689 1789 1742 enirn
1815 1703 1931 1744 massam

269 1759 291 1812 si
308 1759 336 1810 in
353 1759 416 1828 fuga
434 1773 522 1812 servus
542 1759 588 1812 sit:
613 1759 648 1814 ad
665 1759 717 1810 hoc
733 1757 813 1826 plane
830 1759 915 1810 solum
933 1757 1072 1822 tenebitur,
1124 1757 1255 1822 exhibeat,
1272 1757 1307 1810 ιι
1316 1757 1494 1810 exhibendum
1502 1757 1642 1822 tenebitur,
1658 1771 1720 1810 narn
1734 1761 1837 1810 mutata
1845 1757 1932 1810 forma

269 1833 299 1880 ut
316 1833 407 1880 careat
424 1843 452 1880 se
470 1827 660 1892 exhibiturum,
679 1827 702 1878 si
719 1825 746 1878 in
764 1831 923 1894 potestatem
941 1825 996 1880 eins
1014 1841 1072 1894 per·
1125 1829 1139 1876 4
1174 1841 1257 1894 prope
1273 1825 1404 1878 interemit
1421 1825 1597 1878 substantiam
1613 1825 1660 1880 rei.
1696 1825 1840 1878 Marcellus
1865 1825 1930 1880 scri-

269 1895 375 1948 renerit.
404 1895 450 1948 sed
469 1903 494 1948 ιι
512 1897 534 1950 ιι
551 1913 605 1948 non
623 1895 657 1948 sit
672 1895 700 1946 in
717 1893 794 1960 iuga,
818 1895 968 1962 permiseris
986 1899 1074 1948 autern
1124 1893 1177 1956 bit,
1196 1893 1218 1948 si
1235 1893 1283 1946 tibi
1302 1893 1393 1946 decem
1409 1893 1567 1946 nomismata
1584 1893 1637 1946 sint
1655 1895 1704 1946 sub
1723 1891 1877 1948 condicione
1894 1893 1931 1948 le·

269 1963 293 2016 ei
306 1963 352 2016 nbi
366 1963 428 2016 velit
442 1963 546 2026 morari,
563 1963 633 2016 idern
652 1961 702 2014 erit
719 1963 859 2014 dicendum
867 1963 884 2026 ¹,
903 1967 949 2016 ant
966 1977 1074 2030 peregre
1123 1965 1185 2026 gata
1202 1965 1227 2012 ιι
1241 1961 1305 2012 mihi
1319 1959 1410 2014 decem
1427 1961 1510 2014 usus⁷
1527 1959 1630 2014 hactus
1651 1975 1725 2028 pure,
1744 1959 1838 2014 deinde
1854 1961 1932 2014 heres

269 2047 285 2084 ι
302 2035 328 2084 ιι
345 2031 440 2086 missus
458 2031 499 2096 ιιι,
516 2031 557 2086 ιιι
574 2031 602 2084 in
620 2029 733 2098 praediis
752 2029 804 2084 tuis
822 2035 893 2098 agat,
911 2029 1014 2084 adhoc
1029 2045 1072 2084 so-

269 2101 322 2152 lum
339 2101 479 2164 teneberis,
497 2105 527 2154 ut
545 2113 647 2152 caveas.

1124 2029 1254 2096 pendente
1271 2029 1427 2082 condicione
1441 2043 1495 2082 non
1509 2033 1603 2082 exacta
1617 2029 1740 2082 cautione
1755 2029 1845 2082 decem
1859 2027 1931 2082 fruc·

1124 2095 1209 2150 tuario
1227 2095 1347 2162 solverit,
1371 2095 1406 2152 ιι
1430 2095 1606 2150 exhibendum
1628 2113 1689 2150 eum
1712 2095 1817 2150 actione
1840 2097 1932 2160 teneri,

302 2165 320 2224 6
339 2167 456 2222 Pronus
468 2169 535 2222 libro
545 2165 752 2236 quartodecimo
762 2165 934 2230 odSabr'aum
962 2165 1072 2218 Gemma

269 2237 369 2290 inclusa
393 2251 458 2290 auro
476 2237 561 2288 alieno
580 2233 620 2288 rel
638 2233 750 2354 siffridum
769 2233 928 2288 candelabro
946 2233 1072 2286 vindicari

270 2321 321 2358 uon
338 2309 439 2372 potest,
464 2305 510 2356 sed
527 2311 556 2356 nt
581 2301 657 2356 exclu
677 2307 750 2368 atur,
776 2301 811 2356 ad
834 2301 1009 2356 exhibendum
1031 2301 1074 2368 agi

269 2379 369 2440 potest:
394 2371 468 2424 aliter
486 2377 564 2438 atque
581 2371 608 2422 in
626 2371 697 2438 tigno
715 2371 805 2424 iuncto
824 2371 947 2434 aedibus,
971 2369 1003 2422 de
1021 2385 1072 2438 quo

269 2455 317 2494 nec
335 2439 369 2492 ad
393 2437 567 2492 exhibendum
591 2439 633 2506 egi
656 2443 757 2506 potest,
785 2437 847 2506 quia
869 2437 914 2492 lex
937 2437 1073 2492 duodecim

268 2507 418 2560 tabularum
436 2507 500 2560 solvi
517 2513 631 2560 vetaret:
657 2505 703 2560 ιιι
720 2507 825 2560 ιιιιιιι
843 2505 876 2560 ιι
893 2507 964 2574 tigno
983 2507 1072 2560 iuncto

269 2591 300 2628 ex
318 2575 408 2628 eadem
424 2575 481 2644 lege
498 2575 525 2626 in
543 2575 651 2642 duplum
669 2573 762 2642 agitur.

302 2641 319 2698 7
343 2641 487 2698 Uarianos
508 2643 576 2696 libro
602 2643 744 2696 cicerrsr'mo
771 2647 868 2710 quarto
896 2641 934 2696 ud
959 2641 1072 2698 edictam

269 2711 345 2780 Tigni
371 2711 546 2778 appellatione
570 2725 674 2764 omnem
698 2711 835 2764 materiam
857 2711 886 2764 in
908 2711 982 2776 lege²
1007 2709 1071 2764 duo-

269 2779 352 2832 decim
366 2779 515 2832 tabulamm
528 2779 680 2846 accipimus,
699 2783 729 2830 ut
743 2777 901 2846 quibusdam
915 2785 987 2832 recte
1001 2779 1072 2832 vide-

270 2851 280 2898 1
318 2853 369 2900 tur.
405 2845 458 2900 Sed
476 2847 497 2898 ιι
513 2851 598 2900 rotam
616 2861 701 2898 meam
718 2845 838 2900 vehiculo
864 2845 1011 2914 aptaveris,
1034 2853 1072 2900 te·

269 2915 370 2968 neberis
395 2915 429 2968 ad
452 2913 626 2968 exhibendum
657 2917 692 2978 (et
715 2915 753 2968 ita
776 2915 939 2982 Pomponius
963 2915 1073 2980 scribit),

269 2989 282 3036 ι
319 2983 435 3052 quamvis
454 2989 516 3036 tunc
535 2981 642 3036 civiliter
662 2999 716 3038 non
738 2983 883 3052 possideas.
919 2983 993 3038 Idem
1007 2989 1034 3036 et
1051 2983 1074 3038 ιι

269 3053 380 3106 armario
404 3051 445 3104 rel
461 3051 520 3104 nari
543 3051 661 3106 tabidam
683 3067 768 3106 meam
789 3051 831 3104 rel
855 3067 948 3106 ansam
974 3051 1084 3122 scypho

268 3119 383 3174 iunxeris
401 3121 441 3172 rel
459 3119 613 3172 emblemata
630 3121 750 3190 phialae,
774 3121 815 3174 vel
831 3137 977 3190 purpuram
994 3121 1073 3174 vesti-

211 3209 212 3212 *
267 3193 355 3242 mento
365 3187 487 3242 interieris
495 3189 513 3252 ³,
530 3193 576 3242 ιιι
590 3189 744 3242 bracchium
759 3193 864 3242 statuae
874 3189 1072 3244 coadunaveris.

269 3259 282 3310 3
317 3257 383 3310 Item
401 3255 543 3326 municipes
561 3255 596 3310 ad
614 3257 789 3310 exhibendum
804 3259 938 3310 conveniri
953 3265 1073 3326 possunt,

268 3323 328 3392 quia
353 3321 468 3376 facultas
494 3335 534 3378 est
557 3325 726 3378 restituendi:
751 3341 812 3378 nam
838 3331 864 3378 ιι
887 3325 1024 3394 ιοιιιιιιι
1047 3331 1074 3376 ιι

268 3407 414 3460 usucapere
444 3407 489 3446 eos
512 3409 591 3462 posse
614 3397 726 3446 constat.
761 3393 829 3446 idem
854 3398 881 3448 et
905 3395 933 3448 in
960 3393 1074 3460 collegiis

267 3463 283 3510 4
317 3461 463 3528 ceterisque
482 3461 634 3528 corporibus
653 3459 792 3514 dicendum
811 3461 868 3514 erit.
905 3461 933 3514 Si
947 3461 1005 3530 quis
1020 3477 1074 3514 non

266 3527 401 3594 possideat
418 3527 471 3580 litis
489 3535 653 3580 contestatae
670 3533 802 3598 tempore,
830 3529 878 3582 sed
898 3535 995 3608 postea
1013 3533 1074 3580 ante

266 3595 423 3648 sententiam
441 3595 576 3662 possidere
595 3595 718 3664 coeperit,
738 3603 860 3664 oportere
878 3595 931 3650 drci
945 3601 1073 3664 'putamus

267 3667 280 3712 5
317 3661 412 3716 debere
431 3663 613 3728 condemnari,
637 3663 687 3718 nisi
705 3665 834 3718 restituat.
870 3663 899 3718 Si
917 3665 990 3732 quis,
1015 3679 1074 3718 cum

266 3729 354 3784 indicii
371 3731 474 3798 accepti
491 3737 609 3800 tempore
626 3733 788 3800 possideret,
812 3737 907 3800 postea
931 3733 987 3786 sine
1014 3733 1074 3784 dolo

266 3797 334 3850 malo
353 3797 488 3866 possidere
506 3799 619 3864 desierit,
638 3799 739 3854 absolvi
758 3815 817 3852 eum
836 3805 954 3868 oportet:
982 3815 1073 3868 quam-

266 3865 303 3918 vis
322 3865 370 3928 sit,
392 3865 479 3934 inquit
501 3867 678 3934 Pomponius,
704 3867 774 3936 quod
798 3869 822 3922 ei
844 3867 1002 3936 imputetur,
1028 3883 1076 3922 cnr

266 3949 318 3988 non
337 3935 426 3988 statim
443 3935 565 3998 restituit,
584 3935 630 3988 ιιι
647 3951 743 4002 ιιιιιι
763 3943 803 3988 ιιι
821 3951 911 3990 secum
924 3935 996 3988 litem
1011 3951 1074 3988 con-

267 4007 282 4054 o
316 4001 416 4054 testari.
459 4003 531 4056 Idem
556 4003 662 4066 scribit,
695 4003 718 4056 ιι
745 4005 803 4082 quis
830 4003 882 4056 litis
910 4009 1075 4058 contestatae

266 4077 383 4138 tempore
407 4071 566 4138 possederit,
593 4069 685 4124 deinde
710 4071 816 4124 desierit
839 4071 989 4140 possidere,
1013 4087 1074 4124 mox

267 4137 383 4206 coeperit
400 4137 453 4192 ιιιι
471 4153 504 4192 ex
521 4137 612 4192 eadem
629 4153 712 4192 causa
730 4139 784 4192 sive
801 4153 834 4192 ex
858 4141 925 4204 alia,
951 4139 1074 4192 condem-

268 4211 279 4258 l
317 4207 374 4258 nari
400 4221 460 4258 cum
485 4211 620 4274 oportere,
651 4207 702 4258 nisi
727 4207 857 4260 restituat.
893 4205 996 4260 Ibidem
1021 4223 1075 4260 non

267 4273 333 4326 male
350 4273 512 4342 Pomponius
530 4273 614 4342 iungit
631 4273 695 4338 eius,
715 4273 759 4342 qui
775 4273 809 4324 ad
823 4275 999 4328 exhibendum
1013 4275 1074 4342 egit,

266 4347 377 4408 utroque
394 4347 511 4408 tempore
527 4339 679 4394 interfuisse
696 4345 820 4410 oportere
843 4357 899 4394 rem
917 4343 940 4396 ιι
962 4341 1074 4404 restitui,

268 4409 317 4464 hoc
332 4415 373 4462 est
388 4415 414 4462 et
430 4423 481 4476 ιιι
498 4409 529 4462 ιιι
545 4415 711 4462 ιιιιιιιιιιι
723 4415 753 4480 ιι
768 4423 819 4476 ιιι
835 4407 866 4460 iit
875 4409 1074 4464 condemnatio:

267 4483 294 4528 ιι
309 4477 348 4528 ιιι
364 4477 483 4530 Labeoni
519 4477 596 4530 lacet.

302 4541 319 4600 8
338 4543 480 4598 Ιιιιιιιι
497 4493 564 4598 doro
582 4561 652 4596 norro
672 4543 836 4612 dipcstorum
868 4543 896 4594 Si
905 4543 940 4594 ad
949 4543 1074 4596 exhiben-

268 4611 328 4666 dum
347 4617 435 4664 actum
453 4615 493 4664 est
511 4627 570 4664 curn
589 4627 633 4674 eo,
652 4611 697 4688 ιιι
714 4625 800 4678 ιιιιι
813 4609 972 4728 possidebat
988 4625 1074 4678 neque

267 4679 327 4732 dolo
344 4681 413 4732 malo
431 4677 531 4732 fecerat
554 4695 603 4746 ιιι
628 4693 714 4730 nunus
737 4677 811 4744 possi
831 4681 901 4752 eret,
925 4675 1019 4730 deinde
1043 4691 1074 4730 ιο

267 4747 390 4800 defuncto
408 4747 485 4798 heres
504 4747 558 4798 eins
576 4743 694 4814 possidet
710 4759 780 4808 rem,
805 4743 929 4796 exhibere
953 4759 1011 4796 eam
1029 4759 1074 4798 ιι-

266 4813 365 4884 gendus
389 4813 446 4866 erit.
473 4815 552 4864 narni
576 4813 599 4866 si
620 4811 732 4864 fundum
755 4813 796 4864 vel
819 4809 951 4864 hominem
974 4811 1073 4880 petiero

268 4889 294 4936 et
310 4883 386 4934 heres
410 4897 442 4934 ex
466 4879 555 4934 eadem
580 4895 661 4932 causa
683 4877 819 4946 possidere
843 4879 974 4946 coeperit,
997 4879 1073 4932 resti-

267 4957 342 5014 tuere
360 4949 468 5014 cogitur.

301 5011 319 5070 a
343 5013 487 5068 Uarianos
509 5013 576 5068 libro
603 5013 744 5068 cicerrsimo
772 5017 869 5080 quarto
896 5011 933 5064 acl
960 5011 1074 5064 edictum

268 5083 384 5134 lulianus
407 5081 510 5134 scribit:
535 5081 558 5134 si
581 5081 639 5148 ιιιι
664 5079 796 5132 homiuem
821 5095 897 5148 quem
921 5077 1074 5144 possidebat

268 5149 393 5200 occiderit
410 5149 463 5202 sive
482 5147 515 5200 ιι
533 5149 613 5200 aliurn
631 5147 797 5200 transtulerit
810 5145 1005 5216 possessionem
1021 5145 1075 5200 sive

267 5215 305 5268 ita
321 5229 377 5266 rem
394 5215 540 5284 corruperit
556 5231 590 5268 ne
607 5215 699 5266 haberi
716 5215 813 5282 possit,
839 5215 874 5268 ad
899 5211 1074 5266 exhibendum

267 5281 406 5344 tenebitur,
426 5283 487 5350 qnia
504 5281 564 5336 dolo
582 5281 646 5332 iecit
664 5297 715 5350 quo
733 5281 818 5334 minus
836 5281 993 5350 possideret.
1011 5297 1074 5346 pro-

267 5347 327 5402 inde
346 5347 411 5400 etsi
428 5349 515 5402 vinum
532 5349 573 5402 ιιι
597 5347 682 5402 oleum
705 5349 747 5400 vel
772 5349 834 5416 quid
858 5347 930 5402 aliud
954 5347 1075 5418 effuderit

270 5421 281 5468 l
316 5413 357 5468 rel
375 5413 530 5482 confregerit
538 5417 555 5478 ⁵,
575 5415 609 5468 ad
628 5413 804 5470 exhibendum
820 5415 962 5468 tenebitur.
990 5413 1074 5468 (ilaus

1124 2165 1199 2232 quasi
1217 2165 1277 2218 dolo
1295 2163 1388 2218 fecerit
1402 2181 1454 2234 quo
1470 2163 1557 2218 minus
1571 2165 1730 2232 possideret:
1750 2165 1826 2218 dolus
1844 2171 1932 2218 autem

1123 2233 1150 2284 in
1168 2247 1198 2286 eo
1217 2237 1265 2296 cst,
1285 2233 1355 2300 quod
1373 2233 1523 2288 cautionem
1541 2233 1643 2300 exigere
1661 2233 1809 2300 supersedit
1826 2247 1843 2284 a
1859 2233 1932 2284 fruc·

1123 2301 1208 2354 tuario
1227 2299 1434 2368 effectumque⁸,
1457 2305 1489 2354 nt
1512 2301 1627 2368 legatum
1644 2305 1720 2352 tuum
1737 2301 1932 2364 evanescereti,

1124 2383 1183 2422 oum
1205 2369 1258 2422 iam
1280 2385 1399 2422 nummos
1422 2369 1557 2422 vindicare
1579 2385 1633 2422 non
1651 2369 1745 2436 possis.
1773 2369 1811 2420 ita
1829 2367 1932 2422 demum

1124 2443 1210 2490 autern
1227 2437 1315 2490 locum
1332 2437 1441 2490 habebit
1458 2437 1494 2490 ad
1512 2437 1689 2490 exhibendum
1712 2437 1795 2500 actio,
1820 2435 1844 2490 si
1869 2453 1932 2490 cou-

1124 2505 1191 2560 dicio
1216 2503 1332 2558 extiterit
1349 2505 1436 2574 legati.
1463 2505 1575 2574 potuisti
1598 2511 1686 2562 tamen
1709 2505 1758 2558 tibi
1780 2505 1934 2572 prospicere

1124 2573 1294 2642 stipulatione
1311 2575 1455 2642 legatorum
1474 2579 1508 2638 et,
1526 2575 1549 2626 si
1566 2573 1734 2644 prospexisti,
1752 2589 1806 2626 non
1822 2575 1871 2626 erit
1886 2573 1934 2627 tibi

1125 2641 1277 2696 necessaria
1301 2641 1335 2694 ad
1359 2641 1536 2696 exhibendum
1561 2643 1640 2696 actio.
1669 2641 1691 2694 si
1714 2647 1803 2708 tamen
1826 2641 1933 2710 ignarus

1124 2709 1203 2778 legati
1220 2709 1294 2764 tuia
1316 2707 1463 2764 fructuario
1488 2709 1554 2764 satis
1567 2725 1631 2764 non
1656 2711 1755 2778 exegit,
1779 2709 1843 2762 dicit
1859 2709 1933 2762 Mar-

1125 2779 1206 2830 cellus
1225 2791 1331 2830 cessare
1355 2777 1389 2830 ad
1412 2775 1605 2842 exhibendum,
1632 2779 1734 2830 scilicet
1759 2777 1821 2846 quia
1844 2777 1933 2830 nullus

1125 2845 1200 2900 dolus
1219 2851 1271 2900 est:
1296 2845 1505 2900 succurrendum
1529 2851 1619 2898 tamen
1642 2845 1769 2914 legatario
1787 2845 1815 2898 iu
1832 2845 1934 2898 factum

1125 2919 1139 2968 5
1175 2915 1300 2968 adversus
1314 2913 1490 2968 fructuarium
1499 2915 1605 2968 actione
1613 2913 1660 2968 ait.
1697 2913 1830 2980 Quantum
1844 2919 1934 2968 autem

1125 2983 1159 3038 ιι
1183 2983 1254 3038 hauc
1280 2983 1411 3038 actionem
1437 2983 1546 3048 attinet,
1573 2983 1697 3036 exhibere
1724 2989 1764 3036 ιιι
1789 2983 1817 3036 in
1844 2983 1934 3036 eadem

1126 3067 1206 3106 causa
1222 3057 1368 3120 praestare,
1385 3051 1414 3106 in
1431 3067 1485 3122 qua
1502 3051 1561 3116 fuit,
1580 3067 1641 3106 cum
1658 3051 1784 3104 iudicium
1800 3051 1933 3118 accipere-

1124 3127 1176 3186 tur,
1193 3127 1224 3174 ut
1241 3121 1299 3190 quis
1319 3121 1423 3188 copiam
1439 3121 1478 3172 rei
1491 3119 1593 3174 habens
1608 3119 1694 3188 possit
1710 3119 1817 3240 exseffiui
1830 3121 1935 3172 actione

1126 3205 1203 3258 quarn
1221 3187 1362 3244 destinarit
1377 3187 1405 3240 in
1422 3187 1494 3242 nullo
1514 3205 1578 3244 casu
1597 3205 1676 3256 ιιιιι
1692 3187 1766 3240 inten
1787 3189 1806 3240 't
1821 3187 1894 3242 laesa
1904 3191 1933 3252 ¹⁰,

1127 3257 1242 3326 quamvis
1260 3273 1314 3310 non
1332 3255 1365 3310 ιι
1381 3257 1559 3322 restituendo,
1583 3255 1631 3310 sed
1655 3255 1688 3310 ιι
1706 3255 1853 3310 exhibendo
1872 3271 1933 3322 aga·

1127 3331 1141 3380 6
1175 3331 1226 3380 tnr.
1261 3325 1377 3380 Proinde
1400 3325 1422 3380 si
1444 3329 1506 3394 post
1529 3325 1601 3378 litem
1626 3329 1802 3378 contestatam
1820 3339 1933 3392 usucap-

1125 3401 1182 3446 turn
1200 3393 1338 3460 exhibeat,
1362 3409 1416 3446 non
1433 3391 1537 3446 videtur
1561 3393 1726 3456 exhibuisse,
1751 3409 1812 3446 curn
1836 3393 1935 3460 petitor

1125 3463 1296 3516 intentionem
1314 3477 1389 3516 suam
1403 3461 1554 3530 perdiderit,
1573 3469 1600 3514 et
1614 3461 1674 3514 ideo
1690 3459 1791 3522 absolvi
1806 3475 1866 3514 enm
1881 3477 1935 3514 non

1126 3535 1262 3598 oportere,
1289 3529 1340 3582 nisi
1362 3533 1473 3598 paratus
1499 3529 1533 3582 sit
1559 3529 1673 3598 repetita
1698 3529 1740 3580 die
1761 3529 1934 3582 intentionem

1126 3597 1275 3664 suscipere,
1298 3597 1337 3650 ιιι
1361 3603 1392 3650 ιι
1407 3595 1512 3650 fructus
1531 3597 1677 3652 secundum
1694 3595 1777 3664 legem
1795 3597 1934 3650 aestimen-

1127 3669 1140 3716 ‘l
1175 3669 1227 3718 ιιι.
1262 3665 1329 3732 Quia
1337 3669 1427 3718 tamen
1437 3679 1518 3718 causa
1526 3665 1635 3732 petitori
1643 3665 1671 3717 in
1680 3665 1732 3718 hac
1741 3667 1846 3718 actione
1858 3667 1935 3718 resti-

1126 3733 1217 3796 tuitur,
1236 3733 1350 3786 Sabinus
1357 3733 1471 3852 sputarit
1488 3737 1594 3800 partum
1612 3747 1716 3802 quoque
1734 3733 1934 3796 restituendum,

1127 3799 1181 3854 sive
1204 3815 1334 3868 praegnas
1370 3799 1438 3852 uerit
1463 3799 1556 3852 mulier
1579 3799 1634 3854 sire
1657 3805 1751 3868 postea
1769 3801 1934 3870 conceperit:

1127 3871 1141 3922 8
1176 3881 1256 3934 quam
1272 3869 1429 3922 sententiam
1446 3871 1472 3922 et
1481 3867 1644 3934 Pomponius
1653 3869 1758 3936 probat.
1793 3869 1936 3922 Praeterea

1126 3935 1266 4000 utilitates,
1291 3935 1314 3988 si
1338 3951 1406 4004 quae
1431 3937 1548 3990 amissae
1568 3943 1630 3988 sunt
1655 3937 1688 3990 ob
1712 3937 1764 3990 hoo
1787 3937 1859 4004 quod
1883 3951 1936 3988 non

1127 4003 1266 4056 exhibetur
1282 4005 1323 4056 rel
1340 4003 1443 4056 tardius
1461 4003 1524 4070 quid
1543 4003 1696 4068 exhibetur,
1723 4003 1903 4058 aestimandae
1920 4019 1936 4056 a

1125 4069 1212 4124 iudice
1234 4077 1309 4124 sunt:
1336 4077 1362 4124 et
1384 4071 1443 4126 ideo
1461 4069 1587 4126 Neratius
1611 4071 1650 4124 ιιι
1673 4071 1814 4124 utilitatem
1838 4071 1935 4126 actoris

1126 4137 1213 4192 venire
1235 4137 1264 4190 in
1288 4139 1512 4204 aestimationem,
1537 4153 1590 4192 nou
1615 4141 1707 4206 quanti
1730 4153 1773 4192 res
1796 4139 1845 4204 sit,
1869 4155 1937 4206 ιιιι

1125 4207 1239 4268 utilitas,
1257 4205 1356 4274 inquit,
1375 4205 1506 4258 interdurn
1524 4205 1632 4258 minoris
1652 4205 1701 4258 erit
1719 4221 1797 4274 quam
1814 4221 1857 4260 res
1877 4207 1934 4258 erit.

1162 4271 1200 4330 10
1218 4273 1336 4326 Pronus
1358 4273 1425 4326 libro
1450 4273 1591 4326 vicensimo
1609 4279 1687 4326 scruto
1706 4273 1743 4326 orl
1760 4273 1873 4328 edictum
1910 4273 1936 4326 si

1126 4341 1233 4408 optione
1258 4339 1330 4392 intra
1357 4347 1457 4394 certum
1483 4345 1587 4408 tempus
1614 4339 1677 4392 data
1703 4339 1829 4394 iudicium
1856 4341 1883 4392 in
1909 4339 1935 4392 id

1124 4415 1228 4474 tempus
1247 4411 1396 4460 extractum
1415 4413 1463 4472 est,
1481 4423 1533 4474 ιιιι
1551 4407 1651 4462 frustra
1670 4407 1817 4474 exhibetur,
1835 4407 1935 4460 utilitas

1124 4475 1249 4542 petitoris
1272 4477 1487 4528 conservetur¹¹r
1513 4475 1584 4544 quod
1610 4475 1632 4528 si
1658 4491 1706 4542 per
1731 4475 1856 4528 heredem
1882 4491 1935 4528 non

1124 4541 1197 4594 stetit
1214 4557 1266 4608 quo
1286 4543 1372 4594 minus
1390 4543 1525 4596 exhiberet
1541 4549 1660 4610 tempore
1675 4543 1765 4594 iudicii
1780 4541 1935 4610 accipiendi,

1125 4607 1302 4662 absolvendus
1321 4615 1362 4662 est
1378 4609 1462 4662 heres.

1162 4673 1197 4730 11
1223 4675 1368 4728 Unrrnnus
1388 4675 1455 4730 libro
1478 4675 1620 4728 ιιιιιιιηι
1645 4681 1743 4744 quarto
1769 4675 1806 4726 αι
1822 4675 1935 4728 edictum

1126 4741 1178 4796 Sed
1196 4747 1222 4794 et
1239 4743 1261 4796 si
1278 4743 1412 4796 hereditas
1431 4743 1529 4796 amissa
1545 4743 1579 4796 sit
1602 4743 1636 4796 ob
1661 4743 1726 4806 hoc,
1750 4741 1821 4810 quod
1844 4757 1935 4794 servus

1125 4825 1179 4864 uon
1199 4809 1380 4874 exhibeatur,
1407 4809 1593 4878 aepuissimum
1620 4815 1661 4864 est
1687 4809 1821 4864 aestimari
1847 4807 1935 4862 officio

1127 4883 1137 4930 i
1174 4877 1269 4930 indicis
1288 4877 1413 4930 damnum
1430 4877 1591 4930 hereditatis.
1628 4877 1686 4942 Quo
1704 4881 1793 4928 autem
1811 4877 1870 4930 loco
1890 4891 1934 4930 ex·

1124 4943 1209 4996 hiberi
1226 4959 1281 4996 rein
1300 4949 1423 5012 oporteat
1440 4945 1481 4996 rel
1505 4945 1579 4996 cuius
1603 4943 1767 5010 sumptibus,
1790 4943 1933 4996 rideamus.

1126 5017 1152 5064 et
1169 5011 1261 5064 Labeo
1279 5011 1317 5064 ait
1340 5011 1377 5062 ibi
1401 5009 1576 5064 exhibendum
1587 5011 1620 5074 ¹2,
1646 5011 1692 5062 nbi
1714 5009 1794 5062 fuerit
1818 5025 1878 5062 cum
1903 5011 1935 5062 lis

1126 5083 1333 5142 contestaretur,
1373 5077 1469 5130 ericulo
1489 5085 1515 5130 et
1532 5077 1663 5144 inpendiis
1682 5077 1780 5130 ιιιοιιι
1797 5077 1931 5144 perferen·

1126 5145 1186 5200 darn
1209 5095 1438 5212 perducendamve
1463 5161 1493 5198 eo
1511 5145 1564 5198 loci
1580 5143 1626 5198 ubi
1644 5149 1735 5198 actum
1752 5143 1795 5198 sit.
1823 5159 1934 5212 pascere

1125 5213 1203 5282 plane
1217 5227 1321 5266 servum
1337 5213 1433 5266 vestire
1448 5227 1542 5266 curare
1556 5227 1736 5278 possessorem
1751 5215 1874 5278 oportere
1889 5213 1932 5264 ait.

1126 5297 1171 5348 ego
1204 5289 1292 5332 autern
1318 5281 1435 5332 arbitror
1460 5279 1593 5334 interdurn
1620 5281 1699 5332 etiam
1724 5279 1791 5332 haec
1817 5285 1934 5332 actorem

1125 5363 1269 5416 agnoscere
1286 5353 1417 5416 oportere,
1436 5347 1458 5398 si
1475 5347 1546 5400 forte
1562 5347 1620 5414 ipse
1637 5361 1728 5400 servus
1744 5363 1776 5400 ex
1791 5347 1878 5416 operis
1894 5347 1933 5400 rel

1125 5413 1302 5468 artificiosae
1322 5415 1425 5468 ιιιιιιι
1442 5429 1471 5468 ιι
1490 5415 1626 5480 exhibere,
1650 5431 1722 5468 nuuc
1745 5429 1806 5468 rero
1832 5413 1934 5482 cogitur

268 5585 297 5644 ιι)
315 5583 380 5632 idem
389 5583 438 5632 erit
447 5581 578 5632 dicendum
589 5585 633 5634 del.
644 5583 705 5632 Har,
758 5585 790 5648 (a)
808 5583 924 5648 legemF
980 5587 1012 5648 (a)
1030 5587 1069 5634 in·
1121 5583 1788 5650 nullocausa(sicHul.)postquamintenditlaeearcr.
1822 5585 1863 5648 (11)
1873 5601 1933 5638 con·

268 5651 440 5700 texuerisdett.
493 5651 524 5710 [4)
543 5653 620 5702 etius.
674 5653 706 5712 (a)
725 5653 865 5716 corruperit
873 5671 920 5704 scr.
980 5653 1011 5716 (t)
1031 5655 1069 5702 in·
1121 5655 1240 5716 servetur]
1250 5653 1425 5704 aestimabitur
1435 5669 1539 5720 eamque
1550 5657 1716 5718 consequetur
1724 5671 1770 5706 scr.
1837 5655 1934 5718 (lilex-

267 5717 399 5832 dldisldeddl'
473 5785 523 5858 ιιι)
543 5783 666 5834 actionem
676 5785 721 5844 [sic
729 5789 794 5850 dett)
805 5803 879 5852 qnam
889 5787 1032 5852 destinavit,
1042 5791 1070 5842 in

439 5719 469 5778 (tl
488 5717 568 5764 usuF
641 5719 675 5782 (a)
693 5719 824 5784 effecitque
833 5739 879 5772 scr.
962 5721 995 5786 (s)
1015 5737 1069 5772 eva·
1121 5719 1254 5772 bibendam
1263 5721 1325 5774 nat
