4366 6258
259 373 323 422 VEL
346 373 479 424 CONTRA

257 539 300 592 bic
320 555 336 592 a
354 537 462 592 Claudio
482 537 623 590 Saturnino
642 541 765 604 praetore
782 537 896 592 maiores
910 539 1013 592 fructus
1028 535 1068 588 in-

257 607 328 658 ferre
350 607 439 658 iussus
464 611 522 658 erat
543 609 570 658 et
593 603 811 658 advocationibus
836 605 952 658 elidem
976 607 1068 658 Satur-

258 673 337 726 ninus
355 671 535 726 interdixerat.
562 669 702 724 videbatur
725 677 814 726 autern
837 673 901 726 milri
924 673 1069 726 iudicatum

258 739 324 796 solvi
341 739 502 792 fideiussisse
520 743 546 792 et
562 737 639 806 quasi
654 739 744 792 redem
764 745 806 794 tor
822 739 876 794 litis
892 741 1010 794 extitisse
1025 739 1068 790 et¹

259 809 324 864 velle
348 821 365 858 a
391 805 534 874 Daphnide
559 805 678 858 mandati
703 805 731 860 iu
749 809 801 862 icio
827 809 969 876 consequi,
998 805 1070 874 quod

260 881 316 930 erat
334 873 534 928 condemnatus.
561 871 607 926 sed
624 873 772 928 rectissime
789 873 842 928 divi
858 873 956 928 fratres
974 875 1068 926 reseri-

259 945 369 1012 pserunt
392 941 492 992 nnllam
515 941 647 994 actionem
671 955 730 994 eum
748 945 857 1010 propter
875 955 950 994 suam
968 941 1068 994 11111111-

259 1015 340 1064 tatem
357 1007 469 1072 babere,
494 1007 555 1074 quia
572 1007 693 1060 mercede
709 1013 790 1074 pacta
808 1011 958 1060 accesserat
976 1007 1011 1060 ad
1028 1013 1068 1060 ta·

260 1081 309 1130 lem
326 1075 540 1144 redemptionem.
576 1075 720 1126 Marcellus
739 1079 828 1126 autern
846 1075 885 1128 sic
902 1073 1020 1144 loquitur
1037 1075 1070 1128 de

260 1161 289 1198 eo
308 1143 353 1210 qui
369 1141 483 1210 pecunia
500 1147 612 1210 accepta
629 1141 779 1208 spopondit,
797 1147 835 1208 ut,
854 1141 878 1196 si
896 1141 1000 1210 quidem
1017 1143 1069 1198 hcc

260 1217 348 1266 actum
367 1215 420 1274 est,
438 1213 468 1262 ut
486 1225 534 1264 sno
552 1207 670 1278 periculo
690 1209 846 1276 sponderet,
872 1211 948 1264 nulla
965 1211 1070 1266 actione

262 1285 336 1348 agat,
360 1277 402 1330 sin
417 1293 479 1330 vero
497 1293 552 1330 non
569 1277 621 1330 hoc
644 1281 733 1330 actum
758 1281 813 1342 est,
835 1277 909 1332 utilis
935 1277 958 1330 ei
980 1279 1068 1346 potius

260 1347 327 1402 actio
353 1351 499 1414 competat:
525 1359 593 1414 qnae
617 1345 749 1398 sententia
771 1345 881 1398 utilitati
898 1361 987 1400 rerum
1005 1363 1068 1400 con·

260 1419 386 1470 sentence
404 1419 450 1466 est.

293 1479 309 1538 7
327 1481 511 1536 Pnrrrvrrrvos
526 1481 593 1534 111111
611 1483 689 1536 tertio
706 1495 900 1552 responsorum
936 1481 1068 1538 Salarium

257 1549 423 1622 procuratori
447 1549 620 1604 constitutum
644 1549 666 1602 si
689 1555 765 1606 extra
789 1549 909 1606 ordinem
933 1549 987 1618 peti
1006 1567 1067 1606 coe-

258 1619 333 1690 perit,
352 1617 573 1672 considerandum
591 1617 654 1684 erit,
671 1619 789 1672 laborem
808 1619 929 1672 dominus
947 1635 1066 1672 remune-

258 1701 316 1740 rare
333 1685 446 1740 voluerit
463 1691 543 1754 atque
559 1685 618 1738 ideo
635 1685 713 1738 fidem
731 1687 853 1742 adhiberi
867 1687 972 1756 placitis
989 1705 1066 1756 opor-

258 1759 312 1806 teat
338 1769 373 1806 an
399 1759 520 1808 eventurn
544 1753 629 1818 litium
653 1753 761 1810 maioris
788 1759 918 1824 pecuniae
949 1757 1066 1824 praemio

259 1825 351 1876 contra
369 1821 453 1876 bonos
470 1837 557 1874 mores
575 1827 732 1888 procurator
749 1825 897 1878 redemerit.

292 1883 309 1944 8
334 1887 479 1942 Uarianos
502 1887 570 1944 l'lvro
596 1891 750 1960 1111111111
770 1893 864 1962 primo
891 1891 928 1944 od
953 1891 1067 1946 edictum

258 1957 285 2010 Si
302 1961 502 2024 procuratorem
521 1957 617 2012 dedero
635 1973 685 2012 nec
698 1957 877 2014 instrumenta
891 1957 956 2012 mihi
971 1975 1068 2014 causae

257 2023 365 2088 reddat,
389 2041 442 2094 qua
465 2025 570 2080 actione
587 2025 650 2080 mihi
667 2029 810 2080 teneatur?
836 2033 863 2082 et
879 2027 971 2080 Labeo
990 2033 1068 2096 putat

258 2093 376 2144 mandati
401 2109 460 2146 eum
483 2093 568 2146 teneri
584 2109 633 2146 nec
652 2107 710 2146 esse
727 2095 893 2162 probabilem
909 2095 1067 2148 sententiam

257 2161 463 2214 existimantium
472 2173 506 2212 111
518 2161 569 2214 hac
584 2175 666 2216 eausa
680 2161 723 2240 agi
736 2177 816 2230 posse
831 2161 957 2230 depositi:
975 2161 1066 2216 unius-

258 2227 386 2296 cuiusque
399 2229 468 2282 enirn
485 2235 638 2284 contractus
652 2229 757 2284 initium
771 2229 945 2298 spectandum
962 2235 987 2284 et
1003 2247 1066 2284 cau-

260 2299 270 2348 1
307 2311 372 2362 sarn.
413 2297 466 2350 Sed
492 2301 519 2350 et
542 2297 566 2352 si
596 2299 864 2366 111111111111111112
889 2299 1067 2366 procuratoris

258 2365 396 2418 absolutus
415 2365 450 2418 sit
467 2365 648 2430 adversarius,
671 2365 791 2420 mandati
815 2383 876 2420 eum
898 2367 995 2422 teneri:
1020 2365 1067 2422 sed

257 2431 279 2488 si
296 2431 421 2486 solvendo
440 2449 494 2486 non
512 2433 559 2498 sit,
578 2437 642 2488 tunc
660 2431 693 2488 de
711 2433 771 2490 dolo
790 2435 923 2488 actionem
941 2437 1067 2490 adversus

257 2501 362 2566 reum³,
388 2501 433 2620 qni
449 2517 498 2570 per
523 2503 693 2556 collusionem
717 2503 856 2556 absolutus
879 2503 927 2566 sit,
952 2503 1067 2556 dandam

257 2571 273 2620 r
307 2569 352 2620 ait.
414 2569 446 2622 ed
472 2575 498 2622 et
524 2569 555 2622 de
581 2569 627 2622 lite
653 2583 732 2636 quarn
757 2569 875 2638 suscepit
899 2569 1067 2638 exsequenda

257 2641 271 2688 3
306 2635 424 2688 mandati
443 2653 502 2690 eum
519 2637 603 2690 teneri
621 2641 733 2692 constat.
770 2637 799 2692 si
821 2637 879 2706 quis
904 2639 1068 2692 mandaverit

257 2703 336 2758 alicui
352 2703 468 2772 gerenda
485 2705 591 2772 negotia
608 2705 678 2770 eius,
704 2705 749 2774 qui
771 2707 829 2776 ipse
851 2707 903 2760 sibi
926 2707 1066 2758 mandave-

255 2777 312 2836 rat,
330 2773 441 2824 habebit
457 2773 576 2826 mandati
593 2773 737 2838 actionem,
762 2775 825 2842 quia
843 2779 870 2826 et
886 2773 944 2842 ipse
960 2779 1067 2826 tenetur

257 2843 372 2904 (tenetur
386 2845 483 2904 autem,
503 2839 564 2908 quia
578 2839 674 2908 agere4
692 2845 803 2908 potestl:
823 2856 983 2910 quamquam
998 2839 1067 2894 enim

256 2907 332 2974 vulgo
350 2907 472 2960 dieatur⁵
489 2913 689 2976 procuratorem
706 2911 767 2962 ante
791 2909 865 2962 litem
891 2913 1066 2962 contestatam

255 2975 345 3028 facere
361 2981 560 3044 procuratorem
578 2993 632 3028 non
648 2991 735 3044 posse,
754 2983 844 3030 tamen
861 2977 981 3030 mandati
995 2977 1065 3030 aetio

257 3049 309 3096 est:
329 3043 363 3096 ad
381 3043 512 3112 agendum
530 3043 597 3096 1111111
615 3041 754 3096 dumtaxat
771 3045 823 3098 hoc
839 3043 931 3100 iacere
948 3061 1002 3098 non
1016 3061 1065 3112 pu·

256 3115 272 3164 4
305 3115 366 3166 test.
403 3111 432 3166 Si
454 3115 555 3164 tutores
572 3111 755 3164 mandaverint
773 3112 908 3166 contutari
925 3127 973 3166 suo
991 3127 1065 3166 man-

257 3179 354 3248 cipium
371 3179 510 3232 emendum
527 3179 626 3246 pupillo
651 3183 678 3232 et
700 3179 744 3232 ille
767 3195 821 3232 non
845 3181 949 3246 emerit,
973 3195 1008 3232 an
1031 3181 1066 3234 sit

256 3247 373 3300 mandati
390 3247 476 3310 aetio,
501 3253 527 3300 et
543 3253 632 3300 utrum
650 3251 754 3300 tantum
770 3247 890 3300 mandati
908 3265 943 3302 an
959 3263 1020 3302 vero
1040 3253 1066 3300 et

256 3315 373 3368 tutelae?
392 3319 418 3370 et
432 3313 549 3368 Iulianus
566 3313 714 3382 distinguit:
731 3315 831 3370 referre
846 3315 915 3370 enim
930 3315 975 3382 ait,
991 3315 1065 3370 cuius

256 3383 358 3450 genens
375 3397 480 3436 servum
496 3385 597 3436 tutores
620 3381 667 3434 uni
690 3387 809 3436 totorum
830 3383 1014 3436 mandaverint
1035 3387 1066 3436 ut

257 3455 362 3506 emeret.
393 3467 455 3504 nam
473 3451 495 3504 si
513 3463 706 3516 supervacuum
724 3465 828 3502 servum
845 3451 887 3504 vel
905 3451 984 3504 etiarn
1001 3467 1064 3504 one-

257 3535 361 3582 rosum,
384 3517 504 3572 mandati
522 3517 630 3570 actione
644 3523 748 3570 tantum
767 3519 942 3584 1111111111,
966 3517 1066 3572 tutelae

257 3603 309 3640 non
326 3587 423 3640 teneri:
443 3585 543 3640 sivero
562 3585 741 3640 necessarium
759 3601 877 3650 servum,
895 3591 960 3640 tune
978 3591 1005 3640 et
1021 3591 1064 3638 tu·

257 3655 327 3710 telae
344 3669 405 3708 eum
422 3653 507 3706 teneri
524 3669 577 3706 non
594 3653 694 3718 solum,
713 3653 759 3706 sed
779 3661 806 3708 et
823 3659 940 3708 ceteros:
959 3669 1021 3708 nam
1040 3659 1066 3706 et

257 3723 297 3776 sii
314 3721 495 3788 mandassent,
514 3727 666 3774 tenerentur
683 3721 798 3788 tutelae,
822 3739 870 3776 cur
889 3739 993 3778 serrum
1015 3739 1065 3790 pu-

257 3793 319 3858 pillo
338 3791 519 3844 necessarium
536 3805 589 3844 non
608 3797 841 3868 comparaverunt:
866 3807 921 3844 non
939 3791 1064 3858 1111111-

257 3865 300 3912 tur
313 3859 441 3922 excusati,
458 3857 529 3926 quod
543 3861 675 3910 contutorr
689 3859 889 3924 mandaverunt,
906 3859 968 3928 quia
981 3873 1065 3912 emere

257 3927 413 3980 debuerunt.
438 3927 517 3994 plane
533 3925 670 3978 habebunt
688 3925 768 3982 nihilo
785 3927 872 3980 minus
886 3925 1006 3980 mandati
1019 3941 1065 3980 ac-

257 3995 363 4060 tionem,
381 3995 444 4062 quia
461 3993 585 4048 mandato
603 4009 657 4046 non
675 3997 715 4048 est
733 3995 953 4064 obtemperatum.
972 3999 1066 4048 contra

258 4079 363 4132 quoque
378 4063 498 4114 lulianus
516 4061 553 4114 ait
570 4067 685 4114 tutorem
704 4063 748 4130 qui
766 4063 828 4116 emit
845 4063 965 4116 mandati
982 4063 1065 4116 aetio·

259 4135 273 4184 5
308 4147 369 4184 nem
389 4131 488 4184 habere
513 4129 637 4184 adversus
661 4135 815 4186 contutores
838 4147 910 4184 suos.
947 4129 974 4184 Si
999 4131 1066 4184 liber

256 4199 349 4264 horno,
375 4213 434 4250 curn
457 4199 528 4252 bona
549 4197 602 4252 fide
620 4197 742 4264 serviret,
766 4199 932 4254 mandaverit
949 4199 1017 4252 Titio
1036 4201 1067 4250 ut

257 4267 429 4320 redimeretur
446 4269 472 4318 et
488 4281 609 4318 nummos
627 4281 660 4318 ex
677 4281 707 4320 eo
725 4267 830 4334 peculio
854 4267 971 4330 dederit,
995 4265 1066 4336 quod

257 4335 344 4402 ipsum
367 4335 454 4402 sequi,
477 4349 531 4386 non
553 4333 624 4402 apud
641 4335 727 4388 bonae
744 4335 807 4390 fidei
825 4341 969 4404 emptorem
986 4335 1065 4390 relin-

259 4403 304 4470 qui
332 4403 435 4466 debuit,
467 4401 605 4470 Titiusque
630 4403 714 4470 pretio
743 4405 830 4456 soluto
856 4405 968 4456 liberum
992 4405 1067 4456 illum

257 4469 444 4532 manumiserit,
463 4485 525 4522 mox
538 4469 666 4538 ingenuus
681 4471 869 4538 pronuntiatus
885 4471 1067 4536 1111111111

258 4553 317 4590 eum
335 4537 453 4590 mandati
470 4537 600 4590 actionem
617 4537 735 4590 Iulianus
755 4539 792 4592 111
806 4539 933 4594 adversus
949 4555 1008 4592 enm
1023 4537 1066 4594 cni

258 4619 286 4658 se
312 4603 492 4658 redimendum
518 4605 666 4670 mandavit,
700 4603 747 4658 sed
772 4607 825 4660 hoc
850 4611 955 4660 tanturn
979 4607 1066 4660 inesse

257 4671 375 4726 mandati
390 4671 496 4738 iudicio,
515 4677 546 4726 ut
563 4671 612 4726 sibi
629 4673 748 4726 actiones
765 4675 882 4740 mandet,
901 4689 966 4744 quas
983 4675 1066 4728 habet

258 4741 384 4794 adversus
407 4757 466 4794 enm
489 4757 575 4810 aquo
593 4741 763 4810 comparavit.
809 4742 870 4798 1111
893 4743 916 4798 11
939 4759 997 4798 earn
1019 4759 1065 4810 pe-

259 4807 363 4862 cuniam
380 4807 494 4874 dederit,
518 4823 585 4878 quae
603 4815 659 4864 erat
677 4825 710 4864 ex
726 4825 776 4876 pec
806 4811 831 4864 11
850 4811 885 4864 nd
901 4811 989 4866 bonae
1005 4811 1067 4864 tidei

258 4881 402 4944 emptorem
418 4879 573 4944 pertinente,
590 4877 680 4930 nullae
698 4877 729 4942 ei,
747 4879 834 4946 inquit
847 4879 974 4944 Iulianus,
992 4895 1065 4934 man·

258 4943 316 4996 dari
333 4945 450 4998 actiones
468 4949 587 5014 possunt,
606 4945 872 5014 11111111111111111,
891 4963 951 5000 eum
965 4947 990 5000 ei
1004 4963 1066 5002 suos

258 5027 378 5066 nummos
397 5017 499 5080 emptor
517 5011 630 5066 dederitz
654 5013 809 5080 quinimmo,
830 5011 930 5082 inquit,
955 5029 1065 5068 111111-

260 5077 312 5132 dito
330 5081 448 5134 manebit
465 5081 603 5146 obligatus,
623 5083 669 5134 sed
687 5083 796 5134 ethaeo
814 5083 884 5134 actio
902 5083 1002 5136 inutilis
1017 5089 1065 5146 est,

259 5147 467 5218 quiaquantum
485 5149 775 5216 8111111111111111111,
798 5155 904 5204 tanturn
929 5149 1008 5218 empti
1025 5151 1065 5202 iu-

260 5217 275 5268 6
309 5215 377 5270 dicio
401 5233 510 5270 necesse
534 5217 644 5270 babebit
668 5223 813 5284 praestare.
848 5215 971 5272 Mandati
994 5219 1063 5272 aetio

259 5285 323 5338 tune
341 5285 475 5354 competit,
494 5299 554 5338 cum
572 5285 659 5354 eoepit
674 5287 803 5342 interesse
821 5287 876 5340 eius
895 5287 1065 5354 111111111-

259 5351 308 5404 vit:
334 5359 450 5408 ceterum
473 5353 495 5406 11
518 5353 583 5406 nihil
599 5353 721 5418 interest,
746 5359 834 5410 cessat
850 5353 969 5408 mandati
986 5353 1065 5420 actio,

260 5423 287 5470 et
303 5427 413 5476 eatenus
427 5421 560 5488 competit,
579 5425 708 5490 quatenus
722 5421 840 5476 interest.
867 5427 898 5476 ut
912 5425 978 5490 puta
992 5437 1065 5474 man-

260 5485 319 5542 davi
336 5491 398 5554 tibi,
422 5495 453 5542 ut
469 5487 580 5542 fundum
599 5505 711 5544 emeres:
736 5491 759 5544 si
780 5491 909 5544 intererat
931 5503 991 5542 mea
1008 5491 1065 5554 11111,

260 5557 404 5612 teneberis:
423 5561 540 5612 ceterum
557 5557 579 5610 si
597 5557 709 5612 eundem
725 5557 796 5612 hunc
813 5557 927 5612 fundum
944 5571 990 5626 ego
1008 5557 1065 5626 ipse

262 5729 291 5790 (li
309 5731 483 5782 extitissetF“
576 5729 809 5792 (11111111111111Ἱιι
910 5735 941 5794 tt)
960 5743 1016 5778 eum
1025 5729 1066 5776 Fr

263 5797 293 5864 (41
311 5817 452 5866 gererescr.
535 5801 566 5862 11)
585 5797 721 5864 digaturF
803 5799 835 5860 161
848 5799 1011 5866 sortasseios.
1022 5795 1068 5848 aiii

941 349 1119 462 „3¹5

1796 351 1926 418 1111

1121 535 1173 588 emi
1188 537 1230 590 vel
1247 537 1314 588 alius
1326 537 1493 608 mistaeque
1506 539 1617 592 interest
1629 533 1736 604 aliquid,
1754 539 1842 588 cessat
1856 551 1931 588 man·

1121 603 1177 656 dati
1195 603 1273 656 actio.
1301 605 1431 670 mandavi,
1451 611 1482 658 ut
1499 605 1605 674 negotia
1621 615 1738 674 gereres:
1762 601 1785 656 s'i
1802 601 1868 654 nihil
1886 601 1931 656 de-

1121 671 1242 740 perierit,
1261 669 1379 740 quamvis
1397 687 1474 726 nemo
1492 673 1615 742 gesserit,
1634 669 1707 728 nulla
1723 669 1793 724 actio
1812 673 1866 736 est,
1884 675 1930 724 aut

1121 739 1143 792 si
1162 739 1230 792 alius
1247 739 1341 792 idonee
1357 741 1482 806 gesserit,
1508 747 1596 796 cessat
1617 737 1736 796 mandati
1753 737 1832 790 actio
1860 737 1931 790 etin

1121 811 1135 858 1
1171 805 1299 860 similibus
1321 805 1372 860 hoc
1389 805 1458 858 idern
1475 809 1526 860 erit
1547 809 1721 876 probandum.
1757 805 1785 860 Si
1807 805 1930 874 ignoran-

1121 879 1161 928 tes
1178 873 1349 928 fideiussores
1368 873 1515 928 debitorem
1534 877 1642 930 solvisse
1658 877 1699 930 vel
1718 873 1931 942 1111111111-

1120 941 1220 996 latione
1244 943 1297 994 sive
1319 947 1399 1008 paeto
1423 941 1564 994 liberatum
1588 957 1620 996 ex
1637 943 1787 998 substantia
1805 941 1930 994 debitoris

1121 1013 1135 1062 8
1171 1009 1322 1072 solverunt,
1346 1025 1400 1062 non
1417 1007 1581 1064 tenebuntur
1596 1011 1722 1066 mandati.
1759 1009 1836 1078 Quod
1852 1015 1878 1062 et
1896 1009 1930 1062 ad

1121 1075 1254 1130 actionem
1276 1075 1438 1130 fideiussoris
1463 1075 1586 1144 pertinet.
1622 1083 1650 1132 11
1670 1080 1722 1133 hoe
1745 1077 1929 1146 11111111111

1121 1145 1241 1198 divorum
1257 1143 1370 1198 fratrum
1386 1143 1537 1264 intellegsere
1559 1143 1636 1210 licet,
1661 1147 1736 1200 euius
1760 1147 1841 1202 verba
1863 1147 1930 1198 11111

1121 1217 1197 1266 sunt:
1217 1211 1329 1264 ι(1111111
1346 1213 1456 1264 Iuliano.
1499 1211 1509 1264 i
1524 1209 1560 1276 hi,
1574 1213 1619 1278 qui
1632 1227 1680 1280 pro
1695 1219 1722 1266 te
1736 1213 1929 1280 fideiusserant,

1121 1279 1158 1332 ‘in
1174 1279 1300 1334 maiorem
1319 1279 1494 1348 quantitatem
1512 1277 1644 1342 damnati,
1663 1295 1743 1348 qnam
1760 1281 1843 1336 debiti
1860 1283 1929 1336 11111

1121 1347 1266 1414 ι1111111111,
1292 1349 1404 1402 11111111
1424 1351 1450 1400 11
1466 1345 1610 1414 prudentes
1629 1347 1756 1414 auxillum
1773 1351 1929 1428 appellatio·

1121 1415 1170 1468 ‘nis
1187 1415 1346 1482 1111111111,
1370 1415 1470 1484 1111111
1488 1411 1607 1468 mandati
1624 1415 1762 1480 agentibus
1779 1417 1821 1470 1111
1838 1417 1930 1486 aequi·

1119 1489 1184 1538 ‘tate
1207 1483 1301 1538 iudicis
1319 1483 1388 1536 tueri
1405 1483 1450 1536 ta’
1475 1483 1554 1552 igitur
1577 1483 1599 1536 si
1622 1481 1824 1552 ignoraverunt,
1842 1501 1929 1540 exen-

1118 1555 1179 1606 sata
1195 1551 1344 1620 ignorantia
1362 1555 1415 1608 est:
1433 1551 1456 1606 si
1474 1553 1604 1616 scierunt,
1627 1549 1798 1604 incumbebat
1822 1551 1859 1606 eis
1883 1569 1929 1608 ne·

1120 1621 1230 1676 cessitas
1256 1621 1432 1690 provocandi,
1460 1627 1577 1674 ceterum
1601 1619 1661 1674 dolo
1684 1617 1782 1674 versati
1807 1623 1883 1684 sunt,
1908 1621 1931 1676 si

1119 1705 1173 1744 non
1199 1693 1418 1758 provocaverunt.
1455 1689 1518 1756 quid
1544 1693 1647 1754 tamen,
1675 1687 1698 1740 si
1721 1691 1867 1756 paupertas
1893 1689 1931 1742 eis

1118 1773 1172 1812 non
1190 1759 1329 1826 permisit?
1361 1763 1489 1812 excusata
1507 1761 1547 1810 est
1565 1771 1655 1810 eorum
1672 1755 1771 1822 inopia.
1799 1753 1846 1808 sed
1864 1759 1891 1806 11
1907 1757 1931 1810 11

1118 1831 1216 1880 testato
1242 1825 1437 1880 1111111111119
1461 1823 1620 1888 debitorem,
1644 1827 1675 1874 ut
1697 1823 1721 1876 si
1742 1823 1800 1890 ipse
1823 1825 1932 1890 putaret

1119 1897 1134 1948 9
1170 1891 1323 1960 appellaret,
1341 1897 1407 1960 puto
1424 1891 1555 1946 rationem
1573 1891 1609 1944 eis
1628 1895 1760 1944 constare.
1795 1889 1866 1944 Dolo
1883 1905 1930 1944 au·

1118 1967 1172 2014 tem
1188 1961 1279 2014 iacere
1295 1959 1407 2026 videtur,
1424 1959 1470 2028 qui
1486 1959 1514 2012 id
1532 1959 1603 2028 quod
1619 1963 1709 2026 potest
1722 1959 1863 2012 restituere
1877 1975 1932 2012 non

1121 2033 1151 2082 10
1186 2029 1315 2082 restituit:
1339 2029 1451 2096 proinde
1478 2027 1500 2080 si
1517 2029 1566 2080 tibi
1582 2025 1720 2092 mandavi,
1745 2031 1776 2080 ut
1798 2027 1932 2082 bominem

1118 2111 1234 2160 emeres,
1259 2101 1341 2164 tuque
1358 2095 1459 2160 emisti,
1484 2095 1617 2148 teneberis
1640 2095 1718 2160 milri,
1742 2099 1773 2148 ut
1794 2095 1929 2148 restituas.

1119 2163 1211 2218 sedet
1229 2161 1251 2218 si
1269 2162 1329 2218 dolo
1354 2179 1440 2218 emere
1462 2161 1600 2230 neglexisti
1624 2161 1701 2224 (torte
1725 2163 1794 2216 enirn
1816 2161 1932 2230 pecunia

1119 2237 1231 2300 accepta
1245 2233 1290 2284 alii
1305 2233 1408 2286 cessisti
1422 2237 1452 2284 ut
1467 2235 1573 2296 emeret)
1589 2235 1637 2284 aut
1650 2231 1673 2286 si
1687 2231 1743 2284 lata
1758 2229 1837 2300 culpe
1853 2231 1932 2296 (forte

1118 2301 1141 2356 si
1163 2299 1250 2368 gratia
1267 2299 1363 2354 ductus
1380 2315 1476 2368 passus
1500 2315 1528 2354 es
1552 2299 1633 2354 alium
1655 2303 1765 2366 emere),
1790 2299 1929 2354 teneberis.

1119 2369 1166 2422 sed
1184 2373 1209 2422 et
1226 2367 1250 2422 si
1267 2383 1356 2422 servus
1375 2383 1452 2436 quem
1476 2369 1562 2422 1111111
1586 2367 1665 2436 fugit,
1690 2367 1713 2422 si
1738 2367 1845 2436 quidem
1868 2367 1929 2422 doio

1118 2443 1174 2502 tuo,
1192 2437 1330 2500 teneberis,
1349 2437 1372 2488 si
1390 2437 1465 2490 delus
1483 2453 1538 2490 non
1550 2437 1691 2490 intervenit
1703 2451 1752 2490 nec
1770 2435 1857 2506 culpa,
1875 2451 1930 2490 non

1118 2503 1251 2558 teneberis
1268 2503 1319 2556 nisi
1337 2503 1372 2558 ad
1394 2505 1460 2570 hec,
1484 2509 1515 2556 ut
1538 2519 1647 2568 caveas,
1672 2503 1695 2558 si
1718 2503 1746 2558 in
1769 2509 1929 2572 potestatem

1118 2577 1193 2626 tuam
1210 2571 1366 2638 pervenerit,
1383 2577 1411 2624 te
1427 2571 1619 2626 restituturum.
1646 2571 1693 2626 sed
1712 2577 1737 2626 et
1755 2573 1778 2626 si
1795 2571 1930 2636 restituas,

1119 2645 1145 2692 et
1162 2639 1267 2692 tradem
1285 2639 1373 2692 debes.
1402 2645 1428 2692 et
1445 2639 1468 2692 si
1487 2645 1594 2692 tanturn
1617 2645 1658 2692 est
1681 2641 1714 2692 de
1737 2639 1866 2694 evictione
1889 2639 1931 2694 vel

1118 2711 1195 2776 potes
1214 2707 1378 2772 desiderare,
1397 2713 1428 2762 ut
1443 2707 1494 2760 tibi
1512 2713 1651 2772 caveatur,
1669 2713 1733 2776 puto
1752 2707 1890 2772 sufficere,
1908 2707 1931 2760 si

1121 2773 1185 2828 mihi
1202 2773 1254 2828 hac
1271 2775 1377 2830 actione
1395 2775 1488 2838 cedas,
1506 2781 1538 2828 ut
1553 2779 1753 2842 procuratorem
1770 2791 1812 2830 me
1829 2775 1857 2828 in
1874 2791 1931 2830 rem

1118 2857 1203 2920 1111111
1220 2841 1320 2908 facias,
1337 2857 1387 2896 nec
1405 2843 1518 2912 amplius
1535 2847 1656 2910 praestes
1673 2857 1753 2912 quarn
1771 2847 1929 2898 consecutu-

1118 2923 1164 2962 rus
1182 2923 1227 2962 111.

1153 2973 1172 3034 9
1196 2977 1315 3032 Pronus
1337 2977 1406 3032 libro
1431 2977 1587 3046 1111111111
1612 2977 1730 3034 seeundo
1757 2977 1929 3034 antedictum

1118 3045 1159 3098 De
1176 3051 1222 3100 tuo
1241 3045 1320 3100 etiarn
1336 3043 1410 3100 iacto
1428 3061 1522 3100 cavere
1540 3045 1628 3100 debes.

1155 3111 1192 3170 10
1217 3111 1361 3168 Uarianos
1382 3113 1449 3166 libro
1475 3115 1630 3184 triqeasimo
1650 3115 1741 3184 primo
1760 3113 1797 3168 ad
1814 3113 1929 3168 edictum

1118 3181 1245 3248 Idemque
1268 3185 1295 3232 et
1316 3181 1343 3234 in
1365 3179 1464 3244 fundo,
1489 3181 1512 3234 si
1535 3181 1647 3236 fundum
1672 3181 1734 3236 emit
1757 3187 1929 3250 procurator:

1118 3247 1183 3302 nibil
1201 3247 1269 3302 enirn
1287 3247 1398 3316 amplius
1417 3263 1495 3316 quam
1509 3249 1608 3316 bonam
1621 3247 1700 3302 fidem
1715 3253 1854 3316 praestare
1870 3265 1929 3304 enm

1121 3321 1132 3370 1
1168 3321 1275 3382 oportet
1292 3317 1335 3384 qui
1352 3319 1488 3384 procurat.
1525 3315 1577 3370 Sed
1594 3321 1620 3370 11
1638 3315 1660 3370 11
1678 3317 1711 3370 11
1728 3317 1844 3370 sanitate
1859 3317 1929 3370 servi

1118 3383 1288 3452 procuratori
1311 3391 1419 3436 cautum
1436 3389 1477 3436 est
1494 3389 1542 3436 aut
1559 3383 1647 3436 caveri
1662 3389 1752 3452 potest
1769 3389 1817 3438 aut
1834 3385 1866 3438 de
1885 3399 1928 3438 ce·

1117 3451 1182 3504 teris
1206 3451 1288 3514 vitiis,
1311 3451 1381 3504 idem
1405 3451 1454 3502 erit
1477 3451 1624 3504 dicendum.
1652 3453 1728 3504 aut¹⁰
1745 3451 1769 3506 si
1786 3451 1865 3520 culpa
1883 3467 1928 3506 ca·

1117 3523 1131 3572 2
1166 3517 1222 3572 veri
1238 3535 1293 3572 non
1311 3517 1457 3584 curaverit,
1482 3519 1709 3574 condemnabitur.
1745 3517 1775 3572 Si
1792 3535 1825 3574 ex
1842 3519 1927 3574 fundu

1116 3601 1194 3656 quem
1217 3587 1282 3640 mibi
1305 3585 1367 3640 emit
1389 3591 1548 3654 procurator
1571 3587 1674 3642 fruetus
1699 3593 1858 3642 consecutus
1878 3590 1927 3652 est,

1115 3655 1165 3708 lros
1195 3671 1299 3724 quoque
1327 3653 1415 3708 officio
1441 3653 1537 3708 iudicis
1562 3661 1699 3722 praestare
1725 3669 1785 3708 eum
1812 3659 1926 3724 oportet.

1117 3727 1131 3778 3
1167 3721 1195 3776 Si
1210 3727 1369 3790 procurator
1385 3737 1460 3776 meus
1484 3723 1623 3790 pecuniam
1646 3739 1731 3776 meam
1753 3723 1868 3788 habeat,
1894 3739 1928 3778 ex

1116 3807 1191 3844 mora
1208 3789 1300 3858 utique
1316 3805 1412 3844 usuras
1429 3791 1494 3844 mihi
1511 3791 1615 3860 pendet.
1644 3791 1691 3844 sed
1709 3795 1735 3844 11
1749 3791 1773 3844 11
1784 3791 1926 3860 pecuniam

1116 3873 1202 3910 meam
1218 3857 1322 3910 faenori
1339 3859 1411 3912 dedit
1427 3873 1575 3928 usurasqne
1599 3865 1759 3912 consecutus
1783 3863 1838 3924 est,
1863 3875 1927 3912 oon-

1117 3931 1257 3994 sequenter
1281 3925 1398 3980 dicemus
1421 3925 1518 3980 debere
1541 3941 1599 3980 enm
1619 3931 1758 4006 praestare
1781 3931 1926 3994 quantum-

1118 4009 1231 4064 cumque
1255 3995 1458 4048 emolumentum
1482 3993 1579 4060 sensit,
1604 4009 1657 4048 srve
1680 3993 1704 4048 ei
1726 3993 1850 4048 mandavi
1875 3995 1930 4048 sive

1117 4079 1179 4128 non,
1198 4063 1260 4132 quia
1276 4063 1362 4116 bonae
1379 4061 1441 4115 fidei
1457 4063 1509 4116 hoc
1529 4061 1656 4132 congruit,
1675 4077 1709 4116 ne
1727 4061 1761 4116 de
1778 4063 1865 4116 alieno
1884 4063 1926 4116 lu-

1118 4147 1193 4186 crum
1216 4129 1326 4186 sentiat:
1354 4129 1425 4198 quod
1448 4129 1471 4184 si
1494 4147 1548 4186 non
1567 4131 1684 4184 exercuit
1701 4129 1856 4198 pecuniam,
1880 4131 1928 4184 sed

1118 4199 1152 4252 ad
1171 4213 1235 4252 usus
1253 4213 1316 4252 suos
1334 4199 1477 4264 convertit,
1495 4198 1524 4252 in
1540 4213 1635 4252 usuras
1653 4199 1839 4264 convenietur,
1858 4213 1928 4266 quae

1117 4267 1232 4334 legitimo
1250 4267 1328 4320 modo
1351 4265 1380 4320 in
1402 4265 1552 4334 regionibus
1574 4267 1785 4336 frequentantur.
1814 4265 1928 4334 denique

1117 4335 1280 4404 Papinianus
1304 4333 1342 4388 ait
1364 4333 1443 4390 etiarn
1466 4333 1488 4390 si
1511 4351 1606 4390 usuras
1630 4333 1745 4402 exegerit
1769 4339 1929 4404 procurator

1119 4407 1145 4456 et
1161 4405 1189 4456 in
1207 4419 1270 4458 usus
1289 4419 1351 4456 suos
1370 4405 1513 4468 convertit,
1536 4417 1630 4456 usuras
1649 4419 1709 4456 eum
1725 4405 1863 4472 praestare
1881 4401 1926 4456 de-

1117 4477 1133 4524 4
1169 4471 1239 4526 bere.
1276 4471 1303 4524 Si
1320 4471 1378 4540 quis
1397 4471 1466 4526 Titio
1485 4471 1661 4536 mandaverit,
1684 4475 1714 4522 ut
1731 4471 1766 4524 ab
1785 4469 1922 4522 actoribus

1117 4539 1172 4594 suis
1190 4543 1308 4592 mutuam
1325 4539 1464 4606 pecuniam
1481 4537 1626 4606 acciperet,
1650 4537 1769 4590 mandati
1794 4553 1854 4590 eum
1872 4551 1926 4590 non

1118 4613 1242 4660 acturum
1257 4607 1421 4676 Papinianus
1438 4607 1505 4660 libro
1523 4607 1600 4660 tertio
1617 4619 1806 4672 responsorum
1824 4603 1924 4670 scribit,

1117 4675 1179 4796 baia
1208 4675 1242 4728 de
1269 4681 1362 4728 mutua
1391 4675 1506 4744 pecunia
1531 4689 1589 4726 enm
1612 4673 1695 4726 habet
1717 4671 1875 4740 obligatum:
1900 4677 1926 4726 et

1115 4743 1174 4798 111
1199 4759 1295 4798 usuras
1318 4759 1377 4798 eum
1401 4749 1491 4812 petere
1514 4757 1567 4796 non
1590 4755 1669 4810 posse
1693 4739 1770 4808 quasi
1793 4753 1926 4794 excausa

1116 4811 1248 4876 mandati,
1280 4811 1302 4864 si
1332 4813 1360 4864 in
1391 4811 1587 4882 stipulationem
1618 4807 1747 4862 deductae
1772 4825 1828 4862 non
1853 4815 1924 4864 snut.

1116 4885 1131 4934 5
1166 4879 1240 4934 Idem
1264 4879 1428 4948 Papinianus
1452 4879 1521 4934 libro
1545 4877 1638 4930 eodem
1662 4873 1745 4930 refert
1776 4875 1926 4934 fideiussori

1118 4947 1308 5014 condemnato,
1333 4949 1378 5016 qui
1400 4949 1459 5002 ideo
1476 4945 1619 5008 fideiussit,
1644 4945 1705 5012 quia
1723 4943 1844 5002 dominus
1862 4963 1925 5014 pro-

1118 5017 1235 5070 curatori
1257 5015 1428 5070 mendaverat
1443 5019 1475 5068 ut
1490 5011 1630 5092 pecuniam
1647 5017 1766 5092 mutuam
1783 5017 1925 5096 acciperet,

1116 5083 1208 5138 utilem
1226 5085 1357 5138 actionem
1380 5083 1494 5136 dandam
1518 5095 1593 5148 quasr
1614 5083 1786 5148 vastatoriam,
1812 5099 1875 5152 qma
1901 5089 1926 5134 et

1116 5151 1161 5206 1111
1184 5151 1260 5220 quasi
1276 5149 1463 5220 praeposuisse
1487 5163 1546 5202 eum
1569 5155 1675 5204 mutuae
1698 5151 1829 5218 pecuniae
1853 5151 1924 5204 acci-

1118 5225 1133 5274 6
1166 5221 1279 5288 piendae
1296 5217 1422 5272 videatur.
1458 5215 1486 5270 si
1504 5215 1546 5272 cni
1568 5219 1739 5284 mandavero,
1764 5225 1794 5272 ut
1818 5235 1835 5272 a
1853 5219 1923 5274 Titio

1117 5287 1272 5356 stipuletur,
1296 5291 1389 5356 potero
1413 5301 1473 5338 eum
1496 5299 1527 5340 eo
1550 5285 1593 5342 eui
1615 5287 1737 5342 mandavi
1754 5303 1832 5356 agere
1849 5303 1923 5342 man-

1118 5355 1187 5420 dati,
1210 5359 1241 5408 ut
1258 5371 1317 5408 euru
1334 5359 1443 5422 accepto
1462 5353 1568 5420 liberet,
1592 5355 1616 5410 si
1638 5359 1689 5410 hoc
1707 5355 1797 5410 velim:
1821 5355 1877 5420 vel,
1902 5355 1925 5410 si

1117 5423 1220 5488 malim,
1238 5423 1266 5476 in
1282 5423 1333 5474 hoe
1352 5437 1441 5488 agam,
1457 5427 1489 5476 ut
1505 5437 1566 5476 eum
1584 5425 1684 5494 deleget
1700 5425 1765 5476 milri
1781 5425 1822 5478 vel
1839 5425 1862 5476 11
1881 5423 1925 5476 eui

1118 5491 1162 5544 alii
1185 5490 1301 5543 voluero.
1335 5493 1362 5542 et
1382 5489 1545 5558 Papinianus
1566 5491 1634 5548 libro
1658 5491 1749 5546 eodem
1772 5491 1878 5554 scribit,
1902 5491 1925 5544 si

1900 5557 1906 5570 0

1897 5581 1900 5590 1

1117 5563 1202 5612 mater
1218 5573 1266 5626 pre
1283 5555 1338 5608 filia
1356 5555 1442 5612 dotem
1460 5557 1561 5614 dederit
1579 5575 1687 5628 eamque
1703 5557 1846 5612 mandante
1869 5557 1925 5612 11111

1120 5729 1150 5790 tt)
1170 5725 1257 5776 sitscr.
1327 5727 1361 5788 (8)
1379 5713 1671 5798 11111111111.Κ111111
1739 5729 1773 5792 le)
1791 5725 1923 5778 convenie-

1118 5791 1213 5858 rontl'
1277 5793 1435 5858 (1111111111
