4366 6258
260 375 327 422 rau
348 373 468 420 unuln.
481 375 573 430 nunu
594 373 720 420 nosris.

260 541 327 602 dam,
346 553 381 592 an
398 553 474 606 agere
492 535 576 604 possit
593 551 626 590 ex
642 535 762 600 vendito,
786 543 816 590 ut
834 543 936 608 emptor
954 537 1065 590 servitu·

259 615 311 660 tem
327 607 426 672 imponi
443 607 561 672 patiatur
578 605 686 670 praedio
702 605 773 670 quod
788 613 921 658 mercatus
937 609 990 658 est:
1009 619 1064 654 ma-

258 677 349 742 gisque
372 677 450 738 putat
472 671 675 736 permittendum
692 687 777 740 agere.
805 673 927 740 idemque
944 673 981 724 ait
999 677 1026 724 et
1043 669 1065 722 si

258 741 343 810 possit
360 739 480 790 venditor
491 739 560 792 Titio
579 739 730 794 servitutem
748 741 868 802 vendere,
887 755 970 806 aeque
988 751 1065 804 agere

216 831 217 834 ¹
258 807 468 878 permittendum.
494 805 560 858 haec
578 805 616 858 ita
633 805 744 868 demum,
763 809 786 860 si
803 805 970 874 recipiendae
984 805 1064 858 servi-

258 875 321 928 tutis
339 873 425 940 gnatia
440 873 468 926 id
485 873 512 924 in
530 875 671 928 traditione
694 889 846 942 expressum
870 879 923 926 est:
950 877 1065 926 ceterum

259 943 281 996 si
305 943 376 1008 quis,
399 941 498 1008 inquit,
523 943 634 1004 venitm,
659 955 692 996 ne
710 941 821 994 servitus
839 939 909 992 Titio
928 939 1064 1002 debeatur,

259 1011 317 1062 ideo
335 1009 386 1060 hoo
404 1009 515 1076 excepit,
534 1025 588 1060 non
605 1009 654 1060 erit
668 1023 701 1060 ex
714 1007 819 1060 vendito
832 1007 911 1070 actio,
929 1009 953 1060 si
965 1007 1065 1060 nullam

260 1075 410 1132 servitutem
428 1077 555 1144 promisit.

294 1141 311 1198 7
331 1143 448 1196 Ptoios
463 1143 530 1198 libro
548 1145 640 1212 quinto
658 1141 696 1194 ad
711 1141 841 1194 Sabinam
875 1141 906 1194 In
928 1141 1065 1196 tradendis

259 1213 318 1264 unis
337 1211 445 1264 aedibus
464 1211 497 1264 ab
516 1225 562 1272 eo,
587 1209 631 1276 qui
648 1209 725 1262 binas
742 1207 838 1272 habet,
863 1209 965 1276 species
984 1211 1064 1262 servi-

259 1279 322 1332 tutis
341 1279 509 1346 exprimenda
527 1285 581 1338 est,
605 1291 652 1340 ne,
676 1277 699 1330 si
721 1277 877 1344 generaliter
895 1279 992 1330 servire
1010 1277 1064 1330 dic-

259 1353 314 1398 tum
333 1347 396 1408 erit,
420 1351 467 1398 aut
483 1345 548 1396 nihil
564 1345 666 1408 valeat,
690 1345 753 1412 quia
770 1345 899 1396 incertum
923 1345 971 1408 sit,
998 1359 1065 1412 quae

260 1413 369 1468 servitus
392 1417 504 1480 excepta
527 1413 576 1476 sit,
600 1417 647 1464 aut
671 1411 755 1464 omnis
774 1411 885 1464 servitus
902 1411 1002 1480 imponi
1021 1411 1064 1464 de-

261 1487 272 1534 1
309 1481 380 1534 beat.
406 1479 570 1546 Interpositis
590 1495 693 1546 quoqne
710 1477 804 1534 alienis
822 1479 948 1534 aedibus¹
965 1479 1065 1546 imponi

259 1553 360 1616 potest,
384 1549 465 1600 veluti
487 1553 517 1600 ut
540 1547 618 1600 altius
635 1547 728 1600 tollere
744 1547 786 1600 vel
803 1561 858 1600 non
875 1549 969 1600 tollere
986 1547 1066 1600 liceat

258 1615 299 1668 vel
317 1615 435 1668 etiamsi²
452 1617 502 1668 iter
520 1615 656 1678 debeatur,
673 1621 703 1668 ut
720 1615 757 1668 ita
776 1615 953 1678 convalescat,
971 1615 994 1668 si
1011 1631 1064 1668 me-

260 1683 309 1736 diis
332 1681 440 1736 aedibus
464 1683 574 1736 servitus
599 1687 692 1750 postea
716 1683 840 1750 imposita
862 1681 957 1736 fuerit:
987 1681 1065 1738 sicuti

259 1752 441 1820 perplurium
464 1751 572 1818 praedia
598 1751 708 1804 servitus
731 1751 831 1818 imponi
854 1753 933 1804 etiam
957 1751 1065 1804 diversis

259 1819 420 1886 temporibus
443 1825 539 1886 potest.
575 1835 733 1886 quamquam
757 1819 808 1872 dici
832 1825 934 1888 potest,
962 1819 984 1872 si
1014 1819 1066 1870 tria

259 1885 368 1954 praedia
391 1887 516 1940 contiuua
533 1885 645 1940 habeam
663 1893 689 1940 et
708 1891 852 1940 extremum
869 1887 918 1938 tibi
935 1885 1039 1940 tradam
1046 1887 1065 1950 ³,

259 1955 300 2006 vel
316 1957 362 2008 tuo
380 1955 422 2008 vel
438 1955 501 2008 meis
518 1955 633 2022 praediis
649 1957 800 2008 servitutem
815 1953 918 2024 adquiri
932 1969 1024 2020 posse:
1043 1955 1066 2008 si

258 2037 318 2074 vero
335 2029 459 2086 extremo,
478 2021 548 2090 quod
561 2023 696 2084 retineam,
715 2023 793 2090 quia⁴
812 2029 838 2074 et
852 2023 966 2076 medinm
979 2037 1066 2076 meum

259 2089 301 2152 sit,
320 2089 470 2142 servitutem
488 2089 644 2152 consistere,
668 2089 714 2144 sed
733 2089 755 2142 si
772 2107 864 2144 rursus
887 2095 935 2144 aut
958 2089 998 2152 id,
1023 2091 1066 2144 cui

259 2157 390 2224 adquisita
408 2159 442 2210 sit
459 2157 585 2220 servitus,
605 2165 652 2212 aut
669 2157 783 2212 medium
801 2159 964 2222 aberravero,
982 2157 1063 2212 inter-

259 2225 351 2292 pellari
377 2227 466 2290 cami,
494 2225 577 2278 donec
601 2227 687 2278 medio
711 2225 818 2294 praedio
845 2227 957 2280 servitus
980 2227 1065 2294 impo-

259 2299 344 2344 natur.
411 2335 414 2340 .

293 2355 501 2416 areopoleos
515 2361 582 2414 libro
605 2367 699 2416 octauo
722 2361 759 2414 acl
777 2359 906 2414 Sabinum
943 2361 978 2422 Si,
1005 2377 1065 2414 cum

260 2427 325 2482 diras
343 2427 467 2482 haberem
483 2427 598 2490 insulas,
624 2427 726 2482 duobus
751 2427 842 2482 eodem
859 2435 991 2482 momento
1010 2435 1035 2482 tr
1052 2459 1064 2470 -

260 2495 359 2558 didere,
377 2493 518 2548 videndum
536 2501 590 2560 est,
608 2509 643 2548 an
661 2497 772 2548 servitus
791 2497 924 2550 alterutris
942 2497 1065 2566 imposita

258 2563 358 2626 valeat,
383 2563 444 2630 quia
467 2563 559 2616 alienis
583 2563 687 2632 quidem
705 2563 815 2618 aedibus
832 2581 882 2618 nec
899 2565 998 2632 imponi
1016 2581 1064 2618 nec

259 2631 362 2698 adquiri
377 2631 489 2684 servitus
503 2637 598 2698 potest.
626 2633 672 2686 sed
680 2637 744 2686 ante
752 2631 920 2686 traditionem
929 2639 1065 2700 peractam

260 2699 315 2752 suis
332 2699 414 2766 magis
433 2699 547 2768 adquirit
563 2701 605 2754 vel
621 2701 732 2768 imponit
749 2701 771 2752 is
789 2701 834 2768 qni
850 2701 933 2752 tradit
954 2701 1065 2770 ideoque

259 2767 355 2820 valebit
372 2769 492 2820 servitus.

293 2833 311 2890 9
335 2833 416 2886 lnam
437 2835 504 2890 libro
529 2833 630 2890 dcar'oro
656 2835 693 2888 ad
717 2833 846 2890 Sabinam
881 2835 909 2888 Si
926 2835 965 2898 ei,
990 2837 1065 2888 cuius

259 2901 394 2968 praedium
411 2901 474 2954 mihi
491 2901 635 2964 serviebat,
653 2905 730 2956 heres
749 2905 853 2956 exstiti⁶
871 2909 897 2956 et
914 2919 972 2956 eam
990 2905 1065 2956 herc-

260 2971 367 3022 rhtatem
384 2971 432 3022 tibi
449 2971 561 3032 vendidi,
579 2971 683 3024 restitui
698 2971 725 3022 in
740 2971 879 3040 pristinum
895 2977 995 3024 statum
1010 2987 1064 3022 ser-

259 3039 327 3092 vitus
345 3037 431 3102 debet,
449 3039 510 3108 quia
527 3039 555 3092 id
570 3041 664 3106 agitur,
682 3045 712 3092 ut
727 3039 802 3106 quasi
816 3045 846 3094 tu
860 3039 937 3092 heres
953 3037 1065 3092 videaris

260 3107 399 3160 exstitisse.

296 3171 332 3230 ld
356 3173 499 3226 Uarianos
515 3175 582 3226 libro
601 3175 701 3226 declino
720 3175 756 3226 ad
773 3173 901 3228 Sabinam
933 3173 1065 3242 Quidquid

258 3241 378 3294 venditor
395 3241 526 3294 servitutis
545 3241 649 3294 nomine
668 3241 717 3294 sibi
730 3241 848 3310 recipere
863 3243 926 3304 vult,
944 3243 1064 3294 uomina-

259 3309 306 3364 tim
323 3309 405 3376 recipi
422 3315 540 3376 oportet:
565 3325 627 3362 nam
646 3309 691 3360 illa
710 3311 840 3376 generaHs
860 3309 978 3376 receptio
998 3311 1064 3376 ‘qui-

260 3379 309 3430 bus
328 3383 369 3430 est
391 3377 501 3430 servitus
526 3377 616 3444 utique
639 3377 693 3430 est'
720 3377 754 3430 ad
779 3383 918 3430 extraneos
942 3377 1065 3444 pertinet,

258 3445 310 3512 ipsi
324 3445 390 3496 nihil
404 3445 532 3512 prospicit
546 3445 675 3496 venditori
689 3445 723 3496 ad
737 3445 796 3496 iura
805 3445 861 3498 eius
872 3445 1063 3496 conservanda:

260 3513 332 3564 nulla
350 3513 418 3566 euim
441 3513 547 3576 habuit,
575 3513 636 3580 quia
659 3525 735 3564 nemo
758 3513 767 3564 i
788 3527 816 3566 se
840 3511 891 3566 sibi
914 3511 1066 3564 servitutem

260 3579 350 3634 debet:
374 3581 437 3648 quin
460 3581 538 3634 numo
564 3589 591 3634 et
614 3581 636 3634 si
654 3579 743 3632 debita
772 3579 811 3634 uit
829 3579 953 3644 servituS,
972 3579 1065 3634 deinde

260 3649 401 3702 dominium
422 3649 459 3700 rei
473 3649 609 3700 servientis
623 3649 741 3716 pervenit
756 3649 855 3712 adme,
875 3655 1066 3716 consequenter

260 3717 357 3768 dicitnr
375 3715 491 3784 extingui
508 3715 667 3770 servitutem.

296 3779 331 3838 11
352 3783 521 3838 Pauravas
536 3783 603 3838 titre
623 3783 776 3852 amandino
793 3783 869 3836 tertio
886 3783 923 3836 aa
936 3781 1065 3838 Sabotam

259 3849 420 3904 defectionis
438 3853 523 3920 gratia
542 3851 684 3904 accedendi
708 3851 742 3904 ad
765 3865 797 3904 ea
819 3851 894 3914 loca,
920 3865 987 3918 quae
1011 3869 1065 3904 non

260 3919 381 3982 serviant,
398 3919 513 3974 facultas
530 3919 630 3972 tributa
647 3923 687 3972 est
703 3919 759 3982 his,
777 3919 873 3986 quibus
891 3919 1002 3972 servitus
1020 3919 1065 3970 de-

259 3987 350 4050 betur,
376 4003 428 4054 qua
449 3993 539 4040 tamen
563 3987 688 4042 accedere
712 3987 748 4040 eis
767 3987 801 4038 sit
818 4003 941 4048 necesse,
965 3985 1015 4040 uisi
1038 3987 1065 4038 in

260 4057 378 4110 cessione
403 4055 535 4108 servitutis
560 4055 714 4118 nominatim
740 4055 906 4122 praefinitum
932 4055 981 4118 sit,
1013 4071 1065 4122 qua

260 4123 443 4176 accederetur:
468 4129 495 4176 et
511 4123 569 4176 ideo
587 4139 636 4176 nec
654 4123 798 4176 secundum
816 4123 900 4174 rivum
917 4137 966 4176 nec
984 4139 1065 4190 supra

260 4207 318 4244 euin
337 4191 369 4252 tsi
386 4189 454 4244 forte
472 4191 521 4242 sub
539 4195 611 4244 terra
629 4207 698 4258 aqua
716 4189 837 4252 ducatur)
855 4189 944 4242 locum
962 4189 1064 4258 religio-

260 4273 318 4312 sum
335 4259 456 4312 dominus
474 4259 523 4312 soli
539 4257 629 4312 facere
645 4263 741 4326 potest,
759 4273 792 4310 ne
811 4257 921 4310 servitus
938 4259 1064 4310 intereat:

260 4333 286 4378 et
302 4325 329 4380 id
346 4341 435 4378 verum
450 4333 498 4378 est.
524 4327 570 4380 sed
587 4333 613 4378 et
629 4325 813 4394 depressorum
830 4327 869 4378 vel
884 4327 1065 4378 adlevaturum

260 4395 351 4456 rivum,
370 4409 417 4462 per
434 4409 509 4462 quem
527 4409 623 4462 aquam
640 4393 696 4448 iure
710 4395 771 4448 duci
782 4399 942 4462 potestatem
953 4395 1035 4448 habes
1046 4397 1065 4458 7,

262 4465 272 4512 1
309 4461 360 4512 nisi
377 4461 399 4514 si
417 4477 450 4516 ue
467 4461 495 4514 id
511 4459 614 4516 faceres
632 4469 741 4516 cautum
758 4461 799 4516 sit.
828 4461 856 4514 Si
873 4477 956 4530 prope
973 4465 1065 4516 ιιιιιιιι8

260 4527 370 4582 fundum
386 4529 427 4582 ius
446 4535 485 4582 est
502 4529 565 4582 mihi
578 4543 675 4596 aquam
688 4529 742 4582 rivo
758 4531 863 4592 ducere,
881 4529 982 4582 tacita⁹
998 4531 1065 4582 haec

259 4597 318 4648 iura
344 4603 504 4664 sequuntur,
530 4603 565 4648 ut,
585 4597 694 4650 reficere
719 4597 783 4650 mihi
807 4597 891 4648 rivum
916 4597 1010 4660 boeot,
1036 4603 1066 4650 ut

260 4663 346 4726 adire,
366 4679 418 4732 qua
435 4663 554 4732 proxime
570 4664 684 4732 possim,
701 4663 735 4716 ad
752 4663 924 4718 reficiendum
941 4681 1000 4718 eum
1019 4681 1064 4732 ego

260 4731 381 4798 fabrique
398 4733 462 4794 mei,
486 4731 549 4786 item
572 4737 603 4784 ut
619 4731 734 4798 spatium
750 4733 883 4800 rehnqnat
900 4733 964 4786 mibi
983 4733 1064 4786 domi·

260 4813 309 4852 nus
328 4799 417 4862 fundi,
443 4813 495 4866 qua
506 4801 526 4830 '⁰
544 4799 637 4852 dextra
655 4805 681 4852 et
698 4797 804 4852 sinistra
822 4801 856 4852 ad
872 4801 957 4854 rivum
974 4801 1066 4852 adeam

260 4871 286 4918 et
303 4881 354 4944 quo
373 4871 471 4920 terram
488 4867 577 4918 hurum
595 4863 708 4934 lapidem
725 4865 852 4920 harenam
866 4867 965 4920 calcem
980 4869 1066 4922 iacere

279 4949 367 4986 oss1m.

260 4951 277 5002 p
296 4999 334 5056 12
353 5001 471 5056 Partus
482 5001 549 5056 libro
565 5003 658 5070 pariata
672 5001 771 5056 decimo
787 5001 824 5054 ad
837 4999 966 5056 Sabinam
1001 5005 1065 5056 Cum

261 5067 360 5122 fundus
377 5069 459 5122 fundo
479 5071 566 5132 servit,
582 5069 687 5122 vendito
707 5083 810 5138 quoque
827 5069 909 5122 fundo
929 5071 1065 5124 servitutes

262 5141 413 5202 sequuntur.
441 5137 562 5188 aedificia
579 5153 684 5204 quoque
700 5137 789 5190 fundis
807 5141 834 5188 et
849 5135 924 5188 fundi
939 5137 1065 5190 aedificiis

263 5203 352 5256 eadem
370 5203 522 5256 condicione
540 5203 663 5258 serviunt.

296 5267 334 5328 13
358 5269 828 5344 Uarianoslibrosextoopinionum
853 5271 1066 5326 Venditorfundi

1060 349 1126 420 tlt?

1805 353 1920 424 vult

1117 535 1259 588 Geroniani
1276 539 1359 590 fundo
1377 539 1502 592 Botriano
1514 541 1547 600 ¹¹,
1571 549 1648 604 quem
1671 535 1815 598 retinebat,
1839 535 1922 602 legem

1116 601 1234 664 dederat,
1259 619 1293 656 ne
1317 611 1410 658 contra
1434 623 1493 660 enm
1510 603 1620 674 piscatio
1639 601 1780 670 thynnaria
1798 617 1920 654 exercea-

1115 677 1167 722 tur.
1193 671 1311 736 quamvis
1329 671 1402 734 mari,
1421 673 1491 740 quod
1508 679 1604 724 natura
1621 667 1743 724 omnibus
1760 673 1848 736 patet,
1866 685 1920 722 ser·

1115 737 1184 790 vitus
1210 739 1311 804 imponi
1335 737 1438 804 privata
1463 741 1519 808 lege
1542 755 1596 794 non
1617 741 1720 808 potest,
1747 735 1809 804 quia
1834 733 1940 792 tamen?

1115 805 1187 856 bona
1205 805 1269 858 fides
1293 809 1445 858 contractus
1468 807 1551 874 legem
1574 805 1672 862 servari
1696 803 1851 856 venditionis
1877 817 1920 856 ex·

1115 873 1210 940 poscit,
1229 887 1359 940 personae
1376 871 1566 938 possidentium
1584 879 1631 928 aut
1647 875 1675 926 in
1691 873 1733 926 ius
1751 887 1842 924 eorum
1860 887 1920 924 suc-

1116 939 1265 992 cedentium
1279 955 1326 1006 per
1341 939 1518 1006 stipvdationis
1533 943 1574 994 rel
1588 941 1743 994 venditionis
1757 939 1841 1006 legem
1856 939 1921 990 obli-

1118 1011 1129 1058 1
1167 1013 1269 1074 gantur.
1307 1005 1335 1058 Si
1353 1011 1458 1060 constat
1474 1007 1501 1058 in
1520 1011 1564 1060 tuo
1589 1023 1651 1076 agro
1674 1007 1830 1076 lapidicinas
1855 1019 1920 1068 esse,

1115 1075 1196 1126 invito
1221 1081 1248 1128 te
1270 1089 1330 1126 nec¹
1343 1073 1445 1140 priuato
1471 1087 1520 1126 nec
1537 1075 1642 1150 pubhco
1661 1077 1766 1130 nomine
1784 1075 1922 1144 quisquam

1115 1141 1229 1210 lapidem
1247 1141 1358 1194 caedere
1375 1147 1477 1208 potest,
1503 1155 1547 1192 cm
1562 1141 1590 1192 id
1607 1143 1722 1198 faciendi
1737 1145 1779 1198 ius
1796 1159 1849 1196 non
1868 1147 1921 1194 est:

1116 1211 1167 1262 nisi
1185 1211 1247 1264 talis
1265 1209 1428 1264 consuetudo
1445 1207 1473 1260 in
1490 1207 1542 1260 illis
1559 1207 1706 1276 lapidicinis
1724 1213 1868 1274 consistat,
1893 1215 1922 1262 ut
1955 1269 1956 1272 Ἴ

1117 1279 1140 1330 si
1157 1279 1215 1344 quis
1232 1277 1345 1330 voluerit
1362 1291 1395 1330 ex
1411 1277 1452 1330 his
1470 1275 1588 1338 caedere,
1605 1293 1660 1330 non
1676 1279 1752 1334 ahter
1765 1281 1816 1334 boc
1832 1279 1922 1342 faciat,

1117 1345 1168 1396 nisi
1192 1345 1266 1412 prius
1290 1343 1396 1398 solitum
1415 1345 1542 1398 solacium
1551 1345 1571 1374 a
1588 1359 1636 1410 pro
1655 1345 1705 1398 hoc
1723 1347 1827 1400 domino
1845 1361 1922 1414 prae-

1116 1417 1183 1464 stat:
1201 1413 1239 1464 ita
1248 1411 1445 1478 tamenlapides
1461 1411 1572 1466 caedere
1587 1411 1673 1474 debet,
1688 1419 1830 1482 postquam
1845 1413 1921 1466 satis-

1115 1479 1199 1532 faciat
1217 1479 1331 1540 domino‚
1349 1483 1380 1532 nt
1396 1493 1479 1546 neque
1496 1495 1560 1532 usus
1576 1479 1719 1532 necessarii
1733 1481 1827 1548 lapidis
1843 1483 1922 1534 inter·

1117 1547 1240 1600 eludatur
1255 1561 1341 1616 neque
1355 1545 1525 1600 commoditas
1542 1547 1580 1600 rei
1592 1545 1650 1600 iure
1664 1545 1768 1600 domino
1783 1549 1921 1602 adimatur.

1153 1613 1191 1670 14
1208 1615 1353 1668 Ic‘ararvrs
1374 1615 1441 1668 libro
1460 1615 1686 1684 quadrapaasimo
1698 1615 1790 1684 primo
1808 1617 1922 1686 clipeato-

1115 1699 1176 1736 rum
1210 1683 1264 1736 Iter
1279 1681 1344 1736 nihil
1358 1681 1481 1750 prohibet
1496 1683 1533 1736 sic
1544 1681 1676 1744 constitui,
1691 1687 1722 1732 ut
1737 1681 1794 1750 quis
1809 1683 1923 1738 interdiu

1117 1749 1255 1804 dumtaxat
1273 1757 1330 1804 eat:
1350 1749 1421 1818 quod
1438 1747 1493 1802 fere
1511 1751 1581 1804 circa
1598 1749 1710 1818 praedia
1723 1751 1827 1802 urbana
1846 1753 1922 1804 etiam

1117 1819 1296 1872 necessarium
1315 1825 1362 1872 est.

1153 1885 1190 1942 15
1209 1885 1329 1940 Partes
1343 1885 1411 1940 libro
1424 1885 1515 1956 primo
1534 1887 1709 1954 epitoniorum
1726 1885 1821 1954 Alfeni
1837 1885 1923 1956 dipes-

1117 1959 1203 2008 toram
1239 1953 1289 2020 Qui
1306 1969 1353 2022 per
1371 1961 1472 2008 certum
1482 1953 1502 1986 ¹³
1518 1951 1607 2006 locum
1623 1953 1674 2008 iter
1691 1957 1738 2006 aut
1763 1957 1852 2006 actum
1876 1955 1923 2006 ali·

1117 2023 1160 2076 cui
1185 2023 1322 2086 cessisset,
1347 2037 1406 2074 enm
1428 2021 1548 2092 pluribus
1571 2035 1619 2088 per
1644 2021 1754 2074 eurrdem
1778 2021 1866 2074 locum
1883 2023 1924 2074 vel

1115 2089 1165 2142 iter
1182 2089 1223 2142 vel
1241 2095 1331 2142 actum
1349 2093 1441 2144 cedere
1466 2103 1545 2158 posse
1566 2103 1656 2142 verum
1679 2095 1730 2142 est:
1755 2089 1923 2158 quemadmo-

1118 2157 1181 2210 dum
1199 2159 1221 2210 si
1239 2159 1296 2224 quis
1314 2159 1400 2212 vicino
1419 2173 1480 2212 suas
1499 2155 1578 2212 aedes
1596 2173 1684 2212 servas
1702 2155 1823 2220 fecisset,
1842 2157 1923 2212 nihilo

1116 2227 1202 2278 nunus
1220 2227 1278 2278 aliis
1296 2233 1360 2294 quot
1377 2227 1454 2280 vellet
1470 2227 1559 2280 multis
1578 2239 1622 2278 eas
1637 2227 1715 2280 aedes
1730 2239 1819 2278 servas
1835 2225 1924 2278 facere

1136 2299 1212 2346 otest.

1115 2311 1222 2418 1)1ii¹⁴
1248 2361 1340 2416 Garris
1366 2361 1433 2416 labro
1462 2363 1579 2416 secundo
1603 2377 1692 2414 reram
1716 2359 1923 2416 cottidianarum

1115 2431 1170 2482 sive
1188 2445 1332 2482 aureorum
1366 2429 1458 2482 Potest
1482 2431 1561 2482 etiam
1577 2429 1605 2482 in
1622 2433 1780 2482 testamento
1799 2427 1921 2482 heredem

1116 2511 1193 2550 suum
1211 2497 1269 2564 quis
1288 2497 1429 2560 damnare,
1452 2511 1486 2550 ue
1504 2497 1583 2550 altius
1601 2497 1680 2550 aedes
1697 2511 1758 2548 suas
1777 2497 1866 2560 tollat,
1890 2509 1923 2548 ne

1116 2563 1259 2618 luminibus
1277 2565 1380 2618 aedium
1397 2565 1542 2620 vicinarum
1552 2567 1572 2598 ¹⁵
1590 2563 1704 2628 officiat,
1727 2563 1767 2618 vel
1790 2569 1821 2618 ut
1837 2563 1923 2632 potio-

1116 2637 1161 2686 tur
1180 2647 1239 2686 eum
1256 2633 1357 2700 tignum
1374 2635 1402 2688 iu
1419 2635 1546 2702 parietem
1564 2635 1716 2696 immittere,
1734 2633 1776 2686 vel
1792 2631 1924 2686 stillicidia

1116 2701 1242 2754 adversus
1262 2715 1321 2752 eum
1345 2701 1456 2764 babere,
1481 2701 1523 2754 vel
1546 2707 1576 2754 ut
1598 2703 1716 2770 patiatur
1739 2701 1854 2754 vicinum
1876 2715 1923 2768 per

1115 2767 1227 2888 {undum
1251 2785 1328 2822 suurn
1349 2769 1389 2822 vel
1412 2769 1515 2824 heredis
1539 2769 1587 2822 ire
1601 2785 1678 2836 agere
1695 2785 1824 2838 aquamve
1843 2785 1874 2822 ex
1892 2785 1923 2822 eo

1135 2851 1221 2890 ucere.

1153 2899 1189 2958 17
1208 2903 1392 2956 Pammenes
1404 2903 1471 2958 libro
1480 2905 1593 2974 septimo
1602 2905 1787 2974 placationum
1821 2903 1850 2958 Si
1883 2919 1923 2956 re·

1118 2971 1190 3024 cario
1216 2971 1317 3024 vicinus
1344 2971 1372 3022 in
1398 2977 1444 3024 tuo
1470 2971 1612 3026 maceriam
1638 2971 1757 3034 duxemt,
1784 2971 1852 3024 inter
1881 2977 1923 3024 cto

1116 3039 1196 3108 ‘quod
1214 3039 1334 3106 precario
1353 3039 1441 3092 habet’
1460 3039 1501 3106 agi
1524 3055 1578 3092 non
1601 3039 1712 3106 poterit,
1735 3055 1785 3094 nec
1809 3041 1925 3094 maceria

1115 3107 1203 3172 posita
1221 3107 1328 3160 donatio
1347 3107 1477 3160 servitutis
1493 3107 1612 3174 perfecta
1623 3107 1789 3176 intellegitur,
1808 3121 1857 3160 nec
1872 3109 1923 3160 uti-

1116 3175 1176 3226 liter
1199 3175 1352 3228 intendetur
1377 3175 1418 3226 ius
1445 3175 1494 3226 sibi
1520 3189 1578 3228 esse
1601 3175 1682 3228 invito
1706 3181 1733 3226 te
1757 3175 1924 3226 aedificatum

1115 3241 1222 3304 habere,
1241 3257 1302 3294 cum
1320 3241 1467 3294 aedilicium
1486 3241 1535 3294 soli
1553 3241 1734 3296 condicionem
1748 3249 1868 3296 secutum
1883 3243 1923 3294 in·

1115 3307 1206 3360 utilem
1221 3307 1305 3362 faciat
1322 3307 1501 3362 intentionem.
1529 3315 1646 3364 ceterum
1668 3311 1691 3364 si
1713 3311 1740 3362 in
1765 3325 1812 3364 suo
1836 3325 1923 3364 mace-

1115 3375 1182 3428 riam
1205 3377 1341 3442 precario,
1372 3377 1416 3444 qui
1439 3377 1589 3430 servitutem
1612 3379 1661 3430 tibi
1683 3377 1788 3442 debuit,
1811 3377 1923 3438 duxerit,

1116 3457 1200 3510 neque
1223 3443 1332 3496 libertas
1355 3445 1526 3510 usucapiatur
1550 3451 1575 3496 et
1598 3445 1737 3498 interdicto
1762 3445 1842 3514 ‘quod
1864 3461 1922 3514 pre·

1117 3511 1188 3564 cario
1207 3511 1295 3562 babet'
1314 3511 1412 3562 utiliter
1430 3527 1490 3564 curn
1507 3527 1538 3564 eo
1556 3517 1656 3580 agetur
1701 3511 1772 3580 quod
1795 3513 1818 3566 si
1841 3511 1923 3566 dona-

1116 3577 1195 3632 tionis
1205 3577 1452 3698 causapermiseris,
1469 3585 1495 3632 et
1508 3579 1649 3634 interdicto
1665 3595 1743 3646 agere
1755 3595 1809 3634 non
1824 3581 1923 3648 poteris

1117 3653 1143 3700 et
1160 3647 1271 3700 servitus
1308 3647 1434 3700 oratione
1450 3647 1559 3700 tollitur.

1153 3711 1190 3772 18
1209 3715 1329 3768 Paetus
1342 3715 1679 3784 libroprirnomaoraaliam
1713 3715 1859 3784 Receptum
1874 3721 1921 3772 est.

1115 3787 1146 3834 ut
1163 3783 1252 3850 plures
1271 3781 1370 3834 dommi
1388 3787 1414 3834 et
1438 3799 1491 3834 non
1514 3783 1614 3850 pariter
1637 3781 1761 3836 cedentes
1784 3785 1922 3836 servitutes

1115 3849 1254 3918 imponant
1270 3849 1311 3904 vel
1328 3849 1476 3916 adquirant,
1494 3859 1525 3904 ut
1541 3853 1630 3904 tamen
1649 3865 1681 3904 ex
1698 3851 1841 3904 novissimo
1860 3857 1923 3904 actu

1117 3919 1196 3970 etiam
1214 3917 1362 3986 superiores
1382 3917 1568 3970 confirmentur
1585 3919 1745 3986 perindeque
1768 3919 1817 3982 sit,
1844 3925 1923 3986 atque

1116 3985 1138 4038 si
1156 3985 1248 4038 eodem
1265 3991 1383 4054 tempore
1401 4001 1491 4040 omnes
1509 3985 1667 4038 cessissent..
1684 3993 1710 4040 et
1727 3985 1786 4040 ideo
1804 3985 1827 4038 si
1840 3987 1863 4038 is
1878 3987 1923 4054 qui

1116 4053 1216 4120 primus
1241 4053 1322 4108 cessit
1343 4053 1385 4106 vel
1403 4053 1543 4106 defunctus
1562 4053 1596 4106 sit
1613 4053 1654 4106 vel
1671 4053 1722 4108 alio
1740 4069 1834 4122 genere
1845 4055 1865 4086 ¹⁶
1882 4055 1922 4106 vel
1940 4089 1941 4092 =

1116 4121 1167 4174 alio
1186 4119 1263 4174 modo
1281 4125 1383 4186 partem
1402 4135 1476 4174 suam
1493 4121 1660 4184 alienaverit,
1683 4129 1744 4188 post
1768 4121 1863 4174 deinde
1878 4137 1920 4174 so-

1117 4189 1173 4242 cius
1193 4189 1308 4250 cesserit,
1327 4189 1392 4240 nihil
1409 4195 1514 4256 agetur:
1539 4205 1598 4242 cum
1622 4189 1689 4240 enim
1712 4193 1860 4256 postremus
1878 4203 1920 4240 ce·

1117 4257 1176 4320 dat,
1195 4271 1249 4308 non
1266 4261 1337 4308 retro
1356 4255 1458 4324 adquiri
1475 4257 1587 4310 servitus
1604 4255 1720 4318 videtin,
1744 4255 1791 4308 sed
1813 4255 1922 4324 perinde

1116 4325 1243 4388 babetur,
1271 4331 1350 4392 atque
1368 4325 1434 4386 siff,
1458 4341 1518 4378 cum
1541 4329 1689 4392 postremus
1713 4323 1803 4386 cedat,
1831 4337 1922 4376 omnes

1118 4393 1272 4446 cessissent:
1296 4393 1376 4460 igitur
1392 4409 1483 4446 rursus
1508 4393 1551 4446 hic
1574 4399 1650 4446 actus
1674 4391 1812 4458 pendebit,
1837 4389 1922 4444 donec

1116 4475 1200 4512 novus
1224 4459 1312 4514 socius
1337 4459 1421 4514 cedat.
1447 4461 1516 4514 idem
1538 4461 1602 4514 iuris
1622 4465 1662 4510 est
1679 4465 1705 4512 et
1722 4459 1744 4510 si
1760 4459 1806 4510 uni
1825 4471 1857 4510 ex
1874 4457 1921 4512 do·

1115 4527 1192 4580 minis
1211 4527 1328 4592 cedatvrr,
1346 4529 1440 4582 deinde
1456 4529 1484 4580 in
1500 4543 1614 4594 persona
1631 4525 1695 4578 socii
1713 4525 1811 4602 ahquid
1827 4525 1920 4576 benun

1116 4595 1249 4648 acciderit.
1277 4611 1337 4662 ergo
1356 4603 1432 4650 etex
1454 4597 1555 4648 diverso
1578 4597 1602 4648 si
1625 4593 1662 4658 ei,
1688 4609 1733 4660 qur
1756 4607 1809 4644 non
1834 4591 1920 4652 cessit,

1117 4663 1215 4732 aliquid
1231 4663 1284 4718 tale
1304 4679 1392 4718 eorum
1411 4663 1563 4732 configent,
1586 4679 1619 4716 ex
1642 4661 1743 4728 integro
1768 4675 1859 4714 omnes
1878 4663 1925 4714 ce-'

1117 4731 1179 4786 dere
1203 4731 1350 4786 debebunt:
1379 4737 1483 4786 tantum
1507 4731 1574 4784 enirn
1597 4735 1700 4796 tempus
1724 4729 1761 4782 eis
1784 4729 1921 4782 remissurn

1117 4805 1165 4862 est,
1184 4815 1235 4868 quo
1247 4801 1267 4832 ¹⁸
1284 4801 1348 4852 dare
1364 4799 1452 4852 facere
1469 4801 1593 4864 possunt,
1612 4795 1653 4850 vel
1670 4795 1778 4850 diversis
1796 4799 1920 4864 tempori·

1115 4867 1166 4920 bus
1190 4867 1308 4936 possint,
1333 4873 1359 4920 st
1381 4867 1440 4918 ideo
1463 4881 1517 4918 non
1533 4871 1623 4932 potest
1638 4863 1716 4916 ιιιιί19
1733 4867 1774 4918 vel
1791 4881 1860 4918 unus
1877 4881 1920 4920 ce-

1117 4935 1188 4990 dere.
1214 4935 1337 5004 idemque
1354 4933 1550 4996 ucendunesa
1568 4939 1593 4986 et
1610 4931 1632 4986 si
1649 4933 1716 4986 alter
1739 4933 1830 4998 cedat,
1855 4933 1921 4988 alter

1115 5005 1185 5070 leget
1202 5005 1349 5056 servitutes.
1376 5017 1437 5054 narn
1454 5001 1477 5054 si
1494 5017 1584 5056 omnes
1603 5001 1668 5056 socii
1682 5002 1767 5070 legent
1783 5005 1920 5056 servitutes

1117 5077 1143 5124 et
1160 5071 1260 5138 pariter
1278 5085 1369 5122 eorum
1386 5069 1495 5122 adeatur
1512 5069 1657 5134 hereditas,
1683 5077 1770 5140 potest
1788 5071 1839 5124 dici
1857 5071 1920 5124 utile

1117 5153 1173 5190 esse
1191 5137 1319 5206 legatmn:
1346 5137 1368 5188 si
1391 5135 1498 5188 diversis
1516 5139 1691 5208 temporibus,
1715 5137 1842 5192 inutiliter
1865 5139 1919 5192 dies

1115 5205 1195 5272 legati
1213 5205 1296 5258 cedit:
1315 5219 1364 5258 nec
1382 5203 1449 5256 euim
1466 5205 1535 5260 sicut
1552 5207 1700 5272 viventium,
1718 5205 1756 5260 ita
1769 5211 1796 5260 et
1809 5207 1918 5260 defunc-

1116 5277 1204 5326 torum
1221 5277 1298 5326 actus
1317 5273 1443 5340 suspendi
1459 5281 1593 5344 receptum
1610 5283 1659 5330 est.

263 5513 290 5572 [1)
301 5511 406 5560 servitus
417 5513 462 5562 ias.
471 5513 584 5578 Kraaycr
628 5513 843 5570 tristiamsiosar.
896 5511 927 5574 13)
940 5509 1069 5560 trademF
1116 5509 1273 5562 alteratas
1325 5515 1369 5578 (10)
1388 5515 1485 5578 qqu¹
1536 5517 1577 5580 (11)
1594 5515 1771 5566 botroianoF¹
1818 5517 1861 5578 (11)
1880 5531 1918 5564 so·

264 5581 294 5642 tt)
314 5581 383 5644 quia]
393 5581 512 5644 quamdiu
520 5599 566 5632 scr.
657 5581 689 5644 15)
707 5581 798 5630 eumF
887 5581 920 5642 (ol
938 5579 1070 5628 exstititF
1115 5579 1273 5632 lariumdatt.

263 5649 294 5710 (t)
313 5647 371 5698 duci
386 5651 531 5712 potestatem
545 5645 630 5710 habes]
646 5649 714 5698 sicF
725 5659 748 5700 et
755 5651 796 5700 oin
805 5649 876 5698 aliter
887 5647 984 5706 Graeci,
995 5647 1065 5696 civicis

262 5721 410 5778 potestatem
420 5717 496 5768 babes
506 5719 591 5782 &fite
599 5717 670 5764 ducis
809 5719 841 5780 (s)
860 5731 937 5780 prope
948 5719 1017 5764 tuum
1026 5713 1065 5764 F2

263 5801 314 5836 cam
323 5785 357 5856 B,
367 5803 411 5854 per
422 5791 491 5840 tuum
501 5785 522 5838 S
529 5797 598 5854 recta,
609 5781 805 5852 p'erpetuurn'F¹
872 5789 904 5854 19)
923 5783 999 5836 tacite
1010 5785 1063 5836 edd.

1343 5585 1386 5646 (ιι)
1403 5585 1440 5636 sic
1448 5585 1475 5650 S,
1485 5585 1548 5634 certi
1559 5583 1583 5632 F
1670 5585 1715 5650 (ιι)
1727 5587 1759 5644 cf.
1768 5585 1829 5636 Iasi.
1839 5587 1863 5646 a,
1874 5593 1895 5646 a,
1906 5593 1918 5632 ι

1117 5647 1160 5708 (15)
1178 5647 1355 5700 viuioarumF
1441 5655 1484 5716 (to)
1502 5653 1530 5700 in
1540 5651 1606 5700 bona
1615 5653 1669 5704 eins
1678 5667 1819 5702 successum
1829 5653 1860 5700 sit
1874 5653 1925 5702 ias.

1116 5719 1159 5772 titt
1177 5721 1331 5782 postposuit,
1341 5737 1394 5770 mou
1403 5719 1537 5772 dalevitF¹
1631 5721 1677 5778 tta)
1695 5719 1842 5782 quo-..veh
1853 5717 1919 5782 qnod

1115 5783 1173 5836 dare
1183 5785 1263 5840 facere
1272 5793 1378 5860 posunt
1386 5791 1469 5848 utsar,
1538 5787 1583 5854 (ta)
1601 5789 1711 5840 reditas.
