4366 6258
269 351 429 422 xitius
485 381 486 384 ¹

269 541 284 590 5
320 545 405 606 empto
433 541 572 604 competat.
608 535 660 590 Sed
686 541 713 592 et
738 533 762 588 si
788 533 846 602 quis
870 533 898 588 iu
923 535 1073 590 venditione

269 607 451 660 statvdiberum
476 603 624 670 perfusorio
647 601 755 668 timent,
780 601 961 658 condemnem
984 607 1074 656 autem

269 671 397 726 libertatis
416 671 546 734 celaverit,
564 673 645 736 empti
662 671 759 724 iudicio
776 671 923 736 tenebitur,
941 671 965 724 si
980 669 1009 722 id
1025 685 1072 724 ne-

269 739 358 792 scierit
375 743 490 804 emptor:
509 737 552 790 hic
570 737 639 790 enim
658 737 813 804 exprimitur
830 755 898 802 eum,
917 737 961 804 qui
978 737 1074 790 dixerit

269 803 453 858 statuliberum
476 809 503 856 et
524 803 624 856 nullam
649 803 831 858 condicionem
855 803 1073 874 pronuntiaverit,

270 871 404 922 evictionis
422 871 526 938 quidem
544 871 651 922 nomine
673 885 727 924 non
750 871 848 934 teneri,
871 871 894 924 si
918 871 1074 924 condicione

269 937 306 988 im
324 937 378 988 leta
394 951 485 990 servus
509 937 544 988 ad
568 935 716 992 libertatem
739 941 900 1006 peruenerit,
923 937 970 990 sed
993 937 1074 1006 empti

269 1003 297 1056 iu
317 1003 384 1058 'cio²
401 1003 498 1070 teneri,
522 1003 545 1058 si
561 1003 640 1056 modo
659 1003 854 1070 condemnem,
877 1019 956 1074 quam
973 1005 1074 1058 sciebat

269 1071 445 1138 praepositam
463 1087 534 1134 csse,
553 1071 660 1124 celavit:
687 1071 766 1126 sicuti
791 1073 836 1143 qui
857 1069 969 1126 fundum
993 1071 1074 1124 tradit

270 1143 310 1204 et,
336 1153 396 1192 cum
419 1139 486 1192 sciat
509 1143 609 1192 certam
632 1141 783 1192 serututem
801 1141 904 1204 deberi,
927 1139 1075 1206 perfusorio

270 1205 376 1258 dixerit:
396 1207 497 1258 ‘itinera
514 1211 590 1258 actus
608 1207 703 1274 quibus
722 1213 783 1262 sunt
800 1207 891 1276 utique
909 1213 984 1270 sunt,
1002 1213 1074 1260 recte

271 1273 421 1340 recipitur,
445 1273 582 1326 evictionis
600 1273 704 1340 quidem
721 1275 828 1330 nomine
845 1289 874 1326 se
896 1273 1003 1336 liberat,
1028 1273 1074 1326 sed

270 1345 285 1392 6
337 1339 382 1392 uia
399 1339 502 1408 decepit
518 1345 673 1408 emptorem,
692 1343 773 1410 empti
788 1339 885 1394 iudicio
901 1345 1012 1394 tenetur.
1042 1339 1073 1392 In

269 1357 351 1460 iunio
368 1405 473 1460 vendito
492 1423 552 1460 cum
569 1405 664 1460 modus
681 1409 868 1476 pronuntiatus
887 1405 974 1472 deest,
992 1407 1073 1460 sumi·

269 1479 314 1528 tur
330 1473 417 1542 portio
435 1489 468 1528 ex
485 1473 579 1542 pretio,
599 1475 669 1540 quod
686 1481 772 1532 totum
790 1473 964 1540 colligendum
982 1479 1023 1528 est
1041 1489 1074 1528 cx

271 1543 392 1594 omuibus
409 1543 542 1608 iugeribus
560 1541 646 1594 dictis.
894 1591 896 1596 s

304 1605 342 1666 70
361 1609 479 1672 Pactus
498 1609 567 1662 libro
590 1611 683 1678 quinto
709 1609 893 1678 quaestionum
928 1609 1023 1662 Evicta
1045 1625 1074 1662 re

270 1691 303 1730 ex
326 1681 413 1744 empto
431 1675 501 1730 actio
518 1691 573 1730 non
591 1677 625 1730 ad
642 1675 772 1746 ιιιιιιιιιιι2
790 1675 928 1728 dumtaxat
944 1677 1073 1744 recipien-

270 1743 345 1810 dum,
370 1745 417 1798 sed
434 1743 512 1798 adid
530 1743 600 1814 quod
617 1745 728 1798 interest
746 1741 885 1810 competit:
910 1759 969 1812 ergo
988 1751 1027 1808 et,
1052 1745 1074 1798 si

269 1813 429 1866 minorasse
448 1813 543 1880 coepit,
561 1813 685 1866 damnum
704 1811 829 1880 emptoris
849 1813 905 1864 erit.

305 1879 340 1936 71
369 1879 448 1932 Iura
469 1881 537 1934 libro
560 1887 639 1934 scuto
657 1879 757 1934 decimo
794 1879 960 1932 uuesttonum
993 1879 1075 1932 Pater

269 1947 339 2002 filiae
355 1947 459 2002 nomine
476 1947 588 2002 fundum
605 1949 633 2002 iu
657 1947 744 2000 dotem
767 1893 852 1998 dqedit:
877 1945 959 2000 evicto
984 1963 1015 2000 eo
1040 1963 1074 2000 an

269 2029 302 2068 ex
327 2021 414 2068 emto
438 2015 478 2068 vel
502 2017 599 2096 duplae
622 2015 757 2082 stipulatio
782 2015 975 2092 committatur,
998 2015 1075 2084 quasi

269 2089 345 2152 pater
377 2099 483 2136 umnam
497 2089 624 2152 patratur,
642 2083 837 2134 necimmerito
853 2083 1002 2136 dubitatur:
1021 2099 1074 2136 non

251 2151 337 2206 ¹enim
355 2151 424 2206 sicut
440 2153 555 2206 mulieris
575 2151 622 2206 dos
642 2155 696 2214 est,
720 2149 757 2202 ita
779 2149 864 2218 patris
883 2165 940 2206 esse
958 2151 1010 2206 dici
1026 2167 1073 2220 po·

268 2227 321 2274 test
337 2235 386 2274 nec
405 2221 525 2274 conferre
542 2221 670 2274 fratribus
689 2219 792 2286 cogitur
809 2215 898 2272 dotem
921 2235 937 2272 a
961 2235 990 2274 se
1012 2235 1074 2290 pro·

267 2287 365 2342 iactam
381 2293 504 2342 manente
521 2287 696 2342 matrimonio,
725 2287 772 2340 sed
785 2287 928 2354 videamus,
947 2289 998 2344 ne³
1012 2303 1074 2356 pro·

267 2357 380 2410 babillus
399 2357 503 2410 dicatur
521 2357 648 2410 committi
672 2355 723 2408 hoc
747 2371 852 2424 quoque
876 2371 940 2410 casu
964 2357 1074 2424 stipula·

267 2425 377 2478 tionem:
396 2425 506 2476 interest
523 2425 593 2476 enim
609 2425 693 2502 patris
707 2423 789 2476 tiliam
804 2425 921 2478 dotatam
935 2425 1034 2478 habere
1049 2427 1076 2476 et

269 2507 341 2560 spem
359 2491 517 2560 quandoque
534 2491 701 2569 recipiendae
719 2491 803 2554 dotis,
828 2493 918 2560 utique
941 2493 1009 2546 siin
1025 2507 1074 2612 {o-

267 2565 369 2628 testate
382 2559 423 2612 ιιι.
451 2557 522 2626 quod
539 2573 562 2612 ιι
580 2563 747 2626 emancipata
765 2563 819 2622 est,
842 2559 886 2612 vix
908 2561 1005 2626 poterit

266 2627 339 2680 feudi
356 2627 446 2680 statim
463 2625 591 2680 committi
614 2625 825 2694 stipulationem,
850 2643 909 2680 oum
932 2645 985 2680 uno
1010 2641 1074 2680 casu

267 2695 302 2746 ad
326 2709 385 2746 eum
404 2695 450 2748 dos
468 2693 572 2762 regredi
590 2695 681 2762 possit.
708 2693 835 2764 numquid
859 2709 918 2764 ergo
941 2701 1007 2748 tunc
1029 2695 1073 2746 de-

267 2779 338 2816 mum
361 2779 438 2830 agere
459 2761 558 2830 possit,
583 2779 643 2816 cum
667 2769 771 2818 mortua
794 2761 822 2816 in
839 2763 1002 2818 matrimonio
1021 2761 1076 2816 filia

266 2831 354 2900 potuit
371 2831 461 2884 dotem
476 2835 610 2900 repetere,
634 2831 657 2884 si
680 2833 780 2886 evictus
797 2831 897 2884 fundus
914 2849 969 2886 non
987 2831 1075 2886 esset?

268 2917 303 2952 an
314 2905 341 2952 et
352 2901 403 2954 hoc
416 2915 480 2954 casu
488 2899 507 2932 ³¹
517 2899 629 2954 interest
637 2901 721 2968 patris
737 2901 856 2954 dotatam
870 2899 951 2960 filium
966 2899 1074 2964 habere,

267 2969 402 3022 utstatim
421 2967 559 3022 convenire
576 2969 763 3036 promissorem
780 2969 884 3040 possit?
908 2967 979 3036 quod
992 2969 1074 3036 magis

266 3041 378 3106 paterna
396 3035 500 3088 affectio
518 3035 630 3088 inducit.

302 3101 340 3160 72
361 3103 650 3160 Cnuursrrrarusttbro
665 3103 782 3158 secundo
797 3105 981 3174 quaestionum
1009 3103 1074 3156 Cum

266 3172 354 3240 plures
377 3171 453 3226 fundi
476 3171 627 3240 specialiter
651 3173 805 3226 nominatim
828 3187 881 3226 uno
899 3173 1073 3226 instrumento

266 3241 405 3318 emptionis
423 3241 578 3308 interposito
597 3241 732 3304 venierint,
750 3255 805 3294 non
821 3241 912 3308 utique
928 3239 994 3292 alter
1008 3241 1073 3292 alte-

266 3323 321 3360 rius
338 3307 437 3362 fundus
455 3323 517 3376 pars
536 3307 729 3374 videturesse,
753 3307 800 3362 sed
823 3307 897 3362 multi
920 3307 996 3360 fundi
1019 3319 1087 3360 una

267 3377 397 3444 emptione
413 3375 588 3430 continentur.
614 3381 639 3430 et
654 3377 882 3446 quemadmodum,
898 3375 920 3428 si
935 3375 993 3444 quis
1003 3391 1074 3430 com·

266 3443 343 3512 plura
361 3445 492 3512 mancipia
507 3461 560 3498 uno
575 3445 752 3498 instrumento
767 3445 905 3514 emptionis
918 3443 1078 3512 interposito,

266 3511 425 3576 vendiderit,
449 3511 585 3566 evictionis
611 3513 680 3566 actio
703 3513 732 3566 in
749 3513 851 3580 singula
869 3511 958 3580 capita
974 3511 1074 3564 manci-

266 3579 369 3646 piorum
395 3585 547 3648 spectatur,
574 3585 601 3634 ιι
626 3579 697 3634 sicut
722 3581 834 3634 aliarum
860 3595 964 3646 quoquc
986 3593 1074 3632 rerum

268 3645 456 3714 compluriumi
466 3661 521 3700 una
536 3649 632 3714 emptio
649 3647 723 3700 iacta
738 3649 781 3712 sit,
798 3649 1002 3702 instrumentum
1016 3647 1073 3714 qui-

268 3713 326 3766 dem
353 3715 491 3782 emptionis
515 3715 703 3782 interpositum
728 3731 810 3770 unum
837 3719 890 3778 est,
917 3713 1074 3766 evictionem

267 3787 355 3834 autern
372 3787 412 3834 tot
430 3781 547 3836 actiones
566 3787 642 3846 sunt,
662 3787 726 3850 quot
744 3787 771 3836 et
788 3781 888 3850 species
906 3797 994 3834 rerum
1011 3787 1074 3834 sunt

1071 349 1134 420 284

1454 369 1501 416 uu
1521 333 1732 418 sxcuemouu
1756 369 1809 416 um
1831 369 1932 418 vuuu.

1127 549 1160 588 ex
1177 539 1263 604 empto
1282 541 1376 590 contra
1394 553 1454 590 eum
1472 535 1517 604 qui
1539 535 1625 604 pretio
1648 535 1777 590 liberatus
1802 539 1856 598 est,
1878 551 1932 590 non

1127 603 1219 670 quanti
1235 603 1352 668 interest,
1371 603 1418 658 sed
1436 603 1473 658 de
1484 607 1569 672 pretio
1588 605 1726 658 dumtaxat
1743 603 1851 672 eiusque
1868 619 1931 658 usu-

1125 671 1162 724 ris
1179 671 1271 726 habitu
1286 673 1391 726 ratione
1412 671 1549 724 fructuum
1572 671 1690 736 dabitm,
1716 671 1816 724 scilicet
1839 671 1862 724 si
1883 673 1932 726 hos

1127 741 1142 790 2
1176 737 1200 790 ιι
1214 739 1260 816 qui
1274 739 1352 792 evicit
1367 739 1507 792 restituere
1520 755 1575 794 non
1588 739 1830 794 habebatnecessc.
1857 739 1932 792 Mota

1127 811 1281 872 quaestione
1296 805 1401 858 interim
1418 823 1473 858 non
1490 805 1524 858 ad
1540 805 1654 924 Epetium
1668 805 1867 868 restituendum,
1886 805 1932 858 sed

1127 877 1141 924 3
1176 871 1214 924 ιιι
1224 887 1279 926 reru
1289 871 1482 926 defendendam
1490 889 1539 926 ven
1566 873 1854 940 torconvcuiripotest.
1883 871 1932 938 uui

1125 953 1221 992 nomeu
1239 939 1317 1006 quale
1333 937 1385 992 fuit
1401 939 1533 1004 vendidit,
1556 939 1695 992 dumtaxat
1711 945 1742 992 ut
1758 939 1806 1006 sit,
1832 955 1886 994 non
1903 945 1932 992 ut

1126 1005 1194 1072 exigi
1211 1007 1290 1060 etiam
1304 1007 1403 1074 aliquid
1417 1007 1509 1074 possit,
1528 1011 1554 1060 ιι
1568 1007 1657 1060 dolum
1670 1009 1806 1074 praestare
1821 1005 1930 1074 cogitm.

1160 1071 1199 1130 75
1223 1073 1393 1128 Venusinus
1415 1075 1482 1128 tibro
1505 1079 1583 1128 reato
1607 1075 1707 1126 decimo
1730 1073 1932 1156 stipulationum

1127 1141 1202 1208 duod
1219 1141 1255 1192 ad
1271 1141 1411 1194 servitutes
1428 1141 1597 1210 praediorum
1615 1141 1722 1206 attinet,
1747 1157 1770 1196 ιι
1792 1141 1874 1194 tacite
1892 1155 1932 1194 se·

1127 1215 1204 1262 outae
1221 1213 1284 1264 sunt
1300 1213 1327 1262 et
1343 1207 1510 1262 vindicentur
1526 1209 1560 1262 ab
1579 1207 1639 1270 alio,
1658 1207 1770 1274 (didatus
1788 1207 1890 1262 Mucius
1908 1213 1933 1262 ei

1127 1275 1241 1330 Sabinus
1259 1275 1412 1330 existimant
1428 1273 1589 1328 venditorem
1612 1275 1646 1328 ob
1671 1275 1826 1330 evictionem
1849 1277 1934 1328 teneri

1125 1359 1180 1396 non
1202 1357 1295 1408 posse:
1321 1357 1371 1396 nec
1394 1343 1464 1396 enim
1487 1341 1622 1396 evictmnis
1645 1343 1752 1396 nomine
1794 1357 1934 1410 remquam

1125 1409 1210 1462 teneri
1226 1409 1254 1462 in
1271 1425 1302 1464 eo
1319 1411 1390 1474 iure,
1414 1409 1485 1478 quod
1508 1409 1588 1462 tacite
1611 1409 1696 1462 soleat
1718 1359 1859 1462 accesisse:
1883 1411 1935 1462 nisi

1125 1481 1155 1528 ut
1173 1477 1288 1544 optimus
1306 1477 1488 1544 maximusque
1506 1481 1576 1528 esset
1592 1475 1706 1528 traditus
1723 1475 1803 1528 fuerit
1820 1475 1934 1528 fundus:

1124 1549 1190 1596 tuna
1214 1543 1283 1594 enim
1306 1543 1419 1596 liberum
1442 1544 1476 1597 ab
1501 1543 1571 1596 omni
1594 1543 1720 1596 servitute
1736 1543 1934 1612 praestandum.

1126 1609 1226 1664 sivero
1245 1615 1347 1678 emptor
1362 1615 1438 1678 petat
1454 1611 1523 1664 uam
1539 1610 1581 1664 vel
1598 1615 1695 1674 actum,
1713 1609 1875 1664 venditorem
1892 1615 1932 1664 te·

1124 1677 1182 1730 neri
1205 1693 1258 1730 non
1280 1693 1373 1744 posse,
1397 1677 1448 1732 nisi
1470 1677 1626 1732 nominatim
1649 1675 1743 1730 dixerit
1766 1693 1935 1732 accessurum

1124 1745 1176 1798 iter
1192 1745 1233 1798 vel
1250 1751 1353 1798 actum:
1377 1751 1443 1798 tuuc
1461 1745 1530 1798 enim
1547 1745 1631 1798 tenui
1649 1759 1722 1810 eum,
1741 1745 1842 1812 quiite
1859 1745 1932 1798 dixe·

1124 1813 1167 1864 rit.
1196 1817 1222 1864 et
1238 1827 1301 1866 vera
1317 1817 1357 1864 est
1374 1813 1465 1880 Quinti
1481 1813 1556 1866 Muci
1573 1813 1719 1876 sententia,
1743 1817 1774 1864 ιιι
1797 1813 1842 1882 qui
1865 1813 1934 1880 opti·

1125 1893 1196 1932 mum
1214 1879 1408 1948 maximumque
1424 1879 1535 1932 fundum
1550 1879 1666 1944 tradidit,
1684 1879 1795 1934 liberum
1809 1885 1934 1948 praestet,

1125 1963 1179 2002 nou
1196 1947 1275 2000 ctiam
1292 1947 1383 2000 deberi
1400 1947 1466 2000 alias
1484 1949 1632 2014 servitutes,
1650 1947 1701 2002 nisi
1718 1947 1770 2002 hoc
1784 1947 1935 2014 specialiter

1125 2017 1159 2068 ab
1178 2029 1209 2068 eo
1227 2017 1382 2068 accessum⁷
1400 2015 1443 2068 sit.

1160 2079 1200 2140 76
1217 2083 1299 2138 Inna
1317 2083 1384 2136 libro
1407 2083 1518 2152 septimo
1543 2083 1644 2138 decimo
1667 2083 1872 2152 simulationum
1907 2083 1935 2138 Si

1127 2149 1239 2206 alienam
1256 2165 1311 2204 rem
1328 2149 1392 2204 mihi
1409 2147 1550 2206 tradideris
1568 2155 1595 2204 et
1613 2149 1723 2204 eandem
1740 2167 1789 2220 pro
1808 2149 1935 2206 derelicto

1125 2219 1258 2284 habuero,
1285 2219 1370 2272 amitti
1394 2219 1594 2284 aucmntatem,
1617 2219 1645 2272 id
1669 2225 1710 2274 cst
1732 2219 1862 2274 audonem
1886 2235 1935 2290 pro

1127 2287 1263 2354 auctione,
1281 2287 1378 2356 placet.

1544 2495 1554 2526 s

1125 2593 1171 2644 DE
1189 2593 1408 2644 EXCEPTIONE
1426 2595 1485 2644 REI
1492 2497 1678 2644 1isIENDITilE
1696 2593 1741 2642 ET
1756 2593 1935 2648 suauitas.

1162 2691 1176 2748 1
1202 2693 1348 2748 Uarianos
1368 2695 1437 2748 libro
1455 2709 1469 2746 s
1504 2695 1652 2764 tuapesimo
1670 2697 1749 2748 scuto
1766 2693 1804 2746 art
1820 2693 1934 2748 edictum

1126 2761 1267 2816 Marcellus
1291 2761 1397 2828 scribit,
1421 2761 1445 2816 si
1495 2761 1581 2816 'enum
1598 2761 1710 2816 fundum
1727 2761 1893 2816 ιιιιιιιίιιιιι9
1910 2767 1938 2818 ιι

1126 2837 1203 2884 tuum
1224 2837 1319 2900 postea
1340 2831 1442 2886 factum
1464 2835 1554 2900 petas,
1581 2831 1633 2886 hac
1657 2831 1811 2900 exceptione
1834 2837 1906 2886 recte
1915 2833 1938 2866 ¹⁰

1128 2905 1139 2952 1
1176 2899 1364 2968 repellendum.
1400 2899 1453 2954 Sed
1471 2905 1498 2954 ct
1514 2899 1537 2952 si
1554 2899 1674 2954 dominus
1691 2899 1767 2952 ιιιιιιιι
1781 2901 1858 2954 heres
1872 2917 1935 2954 ven·

1127 2971 1141 3020 2
1177 2967 1255 3022 ditori
1273 2967 1384 3034 existat,
1408 2967 1478 3022 idem
1496 2965 1545 3022 erit
1562 2967 1711 3022 dicendum.
1747 2965 1776 3020 Si
1799 2969 1857 3036 quis
1880 2983 1935 3022 rem

1126 3049 1212 3088 meam
1229 3035 1357 3088 mandatu
1374 3051 1433 3090 meo
1450 3035 1608 3100 vendiderit,
1634 3035 1776 3090 medicanti
1799 3037 1863 3088 mihi
1880 3051 1935 3088 rem

1126 3103 1258 3158 venditam
1282 3103 1390 3158 nocebit
1412 3103 1481 3160 baec
1505 3103 1637 3172 exceptio,
1664 3103 1716 3158 nisi
1739 3103 1867 3172 probetur
1892 3121 1935 3158 me

1126 3171 1275 3238 mandasse,
1294 3187 1327 3226 ne
1344 3171 1502 3238 mederetur,
1520 3175 1662 3240 antequam
1679 3173 1792 3242 pretium
1809 3173 1934 3226 solvatur.

1127 3245 1141 3294 3
1177 3237 1269 3294 Celsus
1293 3241 1343 3292 ait:
1372 3241 1394 3292 si
1420 3241 1556 3310 quierem
1579 3255 1664 3294 meam
1688 3239 1805 3292 vendidit
1827 3239 1936 3294 minoris

1127 3323 1206 3376 quam
1223 3307 1248 3362 ei
1264 3307 1398 3372 mandavi,
1418 3325 1472 3362 non
1488 3307 1592 3362 videtur
1609 3307 1725 3362 alienata
1743 3313 1783 3374 et,
1808 3309 1830 3362 ιι
1847 3313 1935 3376 petam

1126 3391 1197 3442 eam,
1215 3393 1269 3430 non
1286 3375 1404 3430 obstabit
1421 3375 1486 3430 mihi
1502 3377 1569 3430 haec
1592 3377 1727 3444 exceptio:
1752 3377 1824 3444 quod
1845 3391 1936 3430 verum

1126 3449 1142 3496 4
1176 3449 1224 3498 est.
1261 3443 1289 3498 Si
1307 3459 1398 3500 servus
1416 3459 1517 3498 merces
1535 3445 1706 3514 peculiariter
1723 3445 1822 3508 emerit,
1842 3445 1937 3498 deinde

1127 3511 1247 3566 dominum
1271 3529 1344 3578 eum,
1368 3511 1524 3580 priusquam
1546 3511 1736 3580 proprietatem
1757 3529 1845 3566 rerum
1868 3527 1934 3566 nan-

1127 3581 1278 3646 cisceretur,
1295 3585 1456 3634 testamento
1473 3581 1586 3634 liberum
1604 3595 1662 3634 esse
1678 3579 1785 3634 iusserit
1799 3581 1875 3648 eique
1888 3595 1935 3648 pe·

1127 3649 1225 3702 culium
1249 3649 1440 3716 praelegaverit
1462 3653 1489 3702 et
1505 3647 1626 3704 venditor
1643 3663 1662 3708 a
1678 3663 1752 3702 servo
1770 3663 1869 3702 merces
1887 3663 1934 3718 pe-

1125 3721 1182 3770 tere
1196 3715 1327 3784 coeperit:
1346 3715 1468 3784 exceptio
1482 3715 1511 3768 in
1523 3715 1625 3770 iactum
1639 3715 1727 3772 locum
1740 3715 1857 3778 habebit,
1872 3717 1935 3784 quia

1127 3787 1140 3838 5
1175 3783 1199 3838 is
1222 3789 1287 3838 tunc
1310 3799 1401 3838 servus
1418 3783 1513 3838 fuisset
1531 3801 1592 3838 cum
1609 3783 1792 3838 contraxisset.
1829 3783 1932 3852 Siquis

268 3865 335 3916 quae
353 3849 483 3918 emptione
502 3851 708 3916 comprehensae
726 3855 801 3904 sunt:
827 3851 865 3904 ita
888 3855 915 3904 et
930 3847 959 3904 in
975 3865 1073 3970 prophq-
1126 3865 1182 3904 rem
1200 3851 1299 3916 emerit,
1318 3867 1373 3904 non
1390 3857 1479 3906 autem
1496 3853 1576 3904 fuerit
1593 3853 1618 3904 ei
1634 3853 1746 3916 tradita,
1761 3851 1811 3906 'sed
1827 3867 1933 3920 posses-

267 3917 317 3970 sito
341 3933 394 3970 nou
419 3917 509 3986 utique
532 3919 717 3986 prohibebitur
740 3925 842 3986 emptor
865 3917 949 3970 evicto
976 3933 1008 3970 ex
1054 3917 1074 3970 's
1126 3919 1226 3980 sionem
1244 3919 1301 3972 sine
1322 3919 1386 3974 vitio
1409 3919 1491 3974 inerit
1512 3925 1623 3984 nactus,
1646 3919 1728 3974 habet
1751 3919 1933 3988 exceptionem

267 4001 320 4038 uno
338 3985 420 4040 fundo
438 3985 602 4038 venditorem
619 3985 773 4050 convenire,
792 3985 864 4054 quod
881 3999 935 4040 una
953 3985 1076 4040 cautione
1127 3991 1219 4042 contra
1233 3985 1404 4054 uenffitorem,
1423 3987 1473 4042 nisi
1490 3985 1560 4042 forte
1576 3987 1696 4042 venditor
1712 3987 1810 4054 iustam
1826 4003 1935 4042 causam

268 4053 405 4120 emptionis
431 4056 579 4122 complures
606 4051 723 4108 ιιιιιιιοι5
745 4059 877 4108 mercatus
905 4053 1074 4122 comprehen·
1112 4055 1237 4124 babeat,
1262 4069 1383 4108 currem
1399 4055 1527 4110 dedicet:
1552 4071 1614 4108 nam
1632 4055 1698 4110 etsi
1715 4055 1854 4108 tradiderit
1871 4069 1932 4124 pos·

268 4121 343 4176 derit.
1126 4123 1283 4188 sessionem,
1301 4123 1383 4176 fucrit
1399 4129 1489 4176 autem
1504 4123 1574 4176 iusta
1592 4139 1675 4178 causa
1690 4123 1872 4188 vindicanti¹¹,
1891 4137 1932 4176 re-

302 4185 341 4246 73
360 4189 479 4244 Paucas
493 4189 561 4244 libro
579 4189 693 4260 septimo
710 4205 901 4258 responsorum
936 4189 997 4242 Seia
1013 4189 1074 4242 tun·
1125 4191 1269 4258 plicatione
1286 4191 1413 4244 adversus
1432 4191 1614 4258 exceptionem
1631 4195 1730 4246 utetur.

267 4257 316 4312 dos
331 4255 498 4310 Maeuianum
512 4263 540 4310 et
554 4257 678 4312 Seianum
697 4263 723 4308 et
741 4261 843 4310 ceteros
858 4257 912 4312 doti
926 4257 1011 4310 dedit:
1029 4271 1075 4312 eos
1160 4255 1368 4314 2Poarou1us
1384 4259 1452 4312 libro
1469 4259 1585 4312 secundo
1604 4274 1641 4313 cx
1658 4257 1766 4312 Plautio
1802 4257 1933 4312 SiaTitio

266 4321 364 4378 fundos
381 4325 421 4378 vir
438 4325 524 4378 Titius
541 4327 600 4378 viva
618 4325 678 4376 Seia
701 4323 757 4378 sine
782 4325 961 4378 conuoversia
983 4339 1074 4392 posse·
1124 4325 1237 4378 fundum
1256 4325 1348 4378 emeris
1363 4325 1408 4392 qui
1424 4325 1572 4392 Sempronii
1589 4331 1647 4378 erat
1663 4325 1739 4394 isque
1754 4325 1803 4378 tibi
1820 4325 1935 4378 traditus

266 4393 318 4446 dit:
337 4397 399 4460 post
413 4397 522 4446 mortem
538 4391 632 4446 deinde
647 4389 723 4444 Seiae
737 4391 894 4458 Sempronia
908 4393 984 4446 heres
999 4389 1076 4444 Seiae
1124 4391 1214 4456 fucrit,
1232 4393 1318 4472 pretio
1335 4397 1425 4444 antem
1442 4391 1530 4446 soluto
1550 4393 1635 4446 Titius
1645 4393 1666 4424 ¹²
1683 4393 1837 4462 Sempronio
1855 4393 1932 4444 heres

269 4459 448 4528 quaestionem
464 4477 513 4528 pro
531 4459 633 4526 praedii
650 4459 813 4528 proprietate
836 4459 924 4512 facere
946 4459 1074 4514 instituit:
1127 4459 1257 4514 exstiterrt
1281 4465 1309 4514 et
1334 4459 1446 4514 eundem
1471 4459 1583 4514 fundum
1609 4459 1713 4514 Maeuio
1734 4459 1884 4518 vendiderit
1908 4463 1935 4512 et

268 4543 374 4596 quaero,
393 4543 453 4580 cum
470 4527 627 4594 Sempronia
643 4527 702 4594 ipsa
719 4527 754 4580 ιιι
770 4525 847 4580 heres
865 4525 948 4592 Seiae,
966 4543 1002 4582 an
1018 4525 1076 4582 iure
1125 4527 1275 4582 astiterit:
1310 4527 1428 4582 Iulianus
1455 4527 1494 4582 ait
1518 4527 1628 4596 aequius
1655 4543 1713 4582 esse
1737 4527 1881 4596 ριιιιίιιι13
1907 4533 1934 4580 ιι

269 4595 473 4648 controversiam
496 4595 585 4648 facere
609 4593 702 4664 possit.
737 4593 836 4648 Paulus
859 4597 996 4662 respondit
1018 4595 1075 4648 iure
1125 4595 1209 4660 tueri,
1236 4595 1299 4664 quia
1325 4601 1351 4648 et
1373 4597 1397 4650 si
1419 4595 1476 4664 ipse
1493 4595 1578 4648 Titius
1601 4595 1713 4648 fundum
1736 4611 1752 4648 a
1774 4601 1801 4648 te
1823 4601 1933 4662 peteret,

285 4663 372 4716 uidem
389 4663 510 4730 proprio,
529 4679 582 4716 non
600 4663 777 4716 ιιιιιιιιιιιίο6
795 4659 989 4730 Semproniam,
1007 4677 1076 4732 quae
1126 4663 1280 4732 exceptione
1303 4669 1511 4718 summoveretur
1533 4669 1560 4718 et
1576 4663 1599 4716 si
1615 4663 1673 4732 ipse
1690 4663 1776 4716 Titius
1794 4679 1854 4716 eum
1871 4677 1932 4732 pos·

268 4681 346 4784 isiae
362 4729 394 4784 de
411 4745 464 4798 qua
481 4731 618 4798 quaeritur
633 4729 712 4782 heres
731 4727 845 4792 exstitit,
869 4731 1075 4784 controversiam
1126 4729 1230 4796 siderei,
1248 4729 1406 4788 Publiciana
1423 4735 1536 4798 peteres

266 4795 409 4852 fundorum
431 4795 520 4850 iacere
544 4813 636 4864 posse,
660 4795 708 4850 sed
725 4795 816 4850 evictis
833 4797 947 4864 praediis
965 4797 1079 4852 eandem·
1160 4793 1177 4854 3
1196 4797 1536 4852 Hunuocuamuustitro
1553 4803 1632 4852 scuto
1646 4797 1714 4852 iuris
1729 4795 1932 4866 epitomatorum

268 4863 450 4944 Semproniam
467 4865 591 4918 heredem
608 4863 685 4918 Seiae
704 4863 837 4918 conveniri
854 4877 946 4930 posse:
970 4865 1011 4918 vel
1029 4881 1074 4918 ex·
1125 4865 1256 4932 Exceptio
1278 4865 1318 4918 rei
1340 4865 1462 4918 venditae
1486 4869 1512 4918 ιι
1527 4863 1641 4918 traditae
1658 4881 1713 4918 uon
1728 4867 1832 4918 tantum
1850 4865 1872 4918 ei
1892 4861 1933 4918 cui

267 4949 299 4988 ce
317 4939 389 4986 tione
407 4931 461 4986 doli
476 4933 539 4986 mali
557 4933 714 4986 summoveri
731 4947 816 5000 posse.
891 4981 893 4984 .
1125 4949 1167 4988 res
1185 4933 1284 4986 tradita
1302 4939 1350 4996 est,
1369 4933 1417 4996 sed
1433 4933 1631 4986 successoribus
1649 4933 1730 4984 etiam
1747 4931 1802 4984 eius
1821 4937 1847 4984 et
1861 4947 1932 5000 emp·

299 4949 342 5056 ii
359 4999 615 5054 Hanuoeunrnnus
629 4999 699 5054 libro
716 4999 834 5054 secando
857 4999 924 5054 iuris
948 5001 1075 5070 epitoma·
1125 5001 1177 5056 tori
1195 4999 1320 5064 secundo,
1339 4999 1389 5054 etsi
1406 5017 1449 5054 res
1467 4999 1491 5054 ei
1507 5015 1562 5052 non
1578 4999 1658 5070 tuerit
1675 4999 1781 5062 tradita,
1799 4999 1929 5068 proderit:

266 5083 327 5122 rum
362 5067 390 5122 Si
406 5067 466 5136 plus
484 5067 525 5120 vel
542 5069 641 5132 miuus,
667 5083 746 5134 quam
768 5065 846 5134 pretii
863 5067 967 5122 nomine
984 5067 1075 5122 datum
1124 5069 1235 5122 interest
1253 5068 1321 5122 enim
1339 5069 1464 5136 emptoris
1478 5067 1557 5136 primi
1571 5066 1687 5122 secundo
1702 5083 1757 5120 rem
1772 5083 1826 5122 uon
1841 5067 1932 5122 evinci.

268 5141 317 5200 est,
335 5137 463 5188 ιιιιιιιιιι
480 5141 573 5188 secuta
591 5133 648 5188 dari
666 5137 827 5200 convenerit,
845 5135 972 5202 placitum
986 5141 1075 5190 custo-
1127 5139 1138 5188 ι
1175 5135 1239 5188 Pari
1256 5137 1359 5190 ratione
1376 5135 1520 5188 venditoris
1538 5135 1617 5188 etiam
1634 5133 1835 5188 successoribus
1851 5151 1930 5188 uoce-

270 5205 281 5252 1
320 5203 444 5256 diendnm
462 5209 510 5254 est.
547 5201 576 5254 Si
598 5203 672 5256 iussu
694 5201 791 5256 iudicis
813 5203 852 5256 rei
868 5201 1001 5254 iudicatae
1018 5203 1075 5272 pig·
1124 5203 1173 5268 bit,
1191 5203 1290 5256 sivein
1307 5203 1458 5256 universum
1475 5203 1517 5254 ius
1535 5203 1588 5256 sive
1605 5203 1632 5256 in
1651 5217 1710 5254 eam
1727 5201 1864 5254 dumtaxat
1878 5217 1932 5254 rem

267 5283 318 5322 uns
338 5275 445 5336 captum
461 5285 509 5336 per
527 5269 645 5324 ottioium
663 5269 835 5332 distrahatur,
853 5276 914 5338 post
931 5269 1074 5334 evincatur,
1126 5269 1312 5324 successerint.

1883 5383 1926 5392 -ι-

269 5439 299 5502 (1)
317 5437 437 5488 tunicor
517 5443 549 5504 tt)
566 5439 684 5506 pretioF
764 5441 795 5504 (3)
813 5441 894 5490 neoF
966 5441 1006 5506 (ι’)
1024 5455 1075 5490 non
1160 5443 1193 5500 (8)
1211 5437 1631 5504 Eu.1.a;Pap.s.-Bas.1s‚n
1713 5441 1746 5504 (t)
1763 5437 1935 5490 vendideritF

269 5505 651 5560 intervenienteuctsimitt'uias.
721 5509 754 5572 (t)
773 5509 795 5558 si
806 5511 850 5560 ins.
920 5509 951 5570 (ι)
970 5509 1081 5572 fundoF
1127 5509 1172 5572 (to)
1190 5503 1435 5570 racte]abootescr.
1488 5509 1529 5572 (11)
1548 5505 1693 5574 vindicandi
1704 5509 1758 5560 dett.
1817 5509 1860 5572 (li)
1881 5509 1932 5558 iue-

269 5577 303 5642 (ι)
321 5573 422 5640 proprie
430 5589 480 5622 non
491 5575 643 5626 hereditaria
652 5575 678 5626 F
769 5577 801 5638 (t)
819 5577 954 5640 accessum]
963 5593 1076 5626 accessu·
1126 5575 1161 5624 rit
1170 5575 1252 5638 pretio
1262 5575 1351 5636 soluto,
1361 5573 1446 5624 Titius
1454 5579 1537 5626 autem
1547 5589 1593 5626 scr.
1604 5575 1645 5642 (cs.
1655 5577 1688 5626 D.
1699 5579 1740 5638 44,
1751 5587 1771 5638 t,
1781 5587 1802 5642 t,
1812 5581 1834 5644 2)

270 5661 324 5694 rum
332 5659 474 5710 expressum
483 5661 532 5694 scr.
1128 5643 1170 5706 (ts)
1188 5647 1328 5708 praetorem
1336 5663 1383 5694 scr.
1394 5645 1437 5710 (cs.
1446 5643 1480 5694 D.
1492 5645 1506 5696 t
1517 5647 1547 5710 a}
