4366 6258
215 291 216 294 ¹
258 363 306 420 nn
1067 349 1099 418 X

258 551 291 586 na
307 535 344 586 rei
360 535 497 592 dominicae
512 535 552 586 rel
569 535 717 600 templorum
731 535 870 586 vindicatio
887 535 1002 600 temporis
1020 551 1061 586 cx-

309 603 421 668 ceptione
437 605 611 654 submoveatur
646 605 671 654 C.
689 607 714 666 1,
731 605 762 656 38

257 685 291 720 44
307 673 343 722 rei
360 672 477 722 militaris
493 671 624 722 comitibus
641 670 681 720 sel
697 667 807 722 tribunis
823 667 920 718 lavacra
935 671 1062 736 praesten-

309 741 351 788 tur
386 739 411 790 0.
432 741 453 802 1,
472 741 502 790 41

260 805 303 872 [44
318 805 438 856 rusticani
455 807 487 856 ad
504 805 585 856 ullum
599 805 744 868 obsequium
756 803 905 856 devocentur
932 805 957 858 9.
968 807 1008 868 11,
1017 803 1061 868 55]

257 889 292 922 ne
309 875 421 922 sanctum
437 871 558 938 baptisma
574 873 679 922 iteretur
714 871 739 922 G.
761 873 781 930 1,
800 875 815 922 6

257 955 291 990 44
307 941 360 990 4144
375 943 444 990 14444
461 941 582 1006 principis
599 941 672 990 certis
688 937 813 988 iudicibus
837 939 911 990 liceat
930 937 1064 990 confiscare

311 1009 335 1060 9.
355 1011 378 1072 9,
396 1009 429 1060 48

257 1091 292 1126 44
307 1079 375 1126 tutor
392 1075 432 1126 rel
448 1077 548 1126 curator
563 1073 670 1138 vectigal
687 1075 810 1126 conducat
843 1075 868 1126 0.
887 1079 910 1138 5,
928 1075 958 1124 41

257 1159 291 1192 ne
308 1145 345 1194 vis
361 1143 404 1192 fiat
422 1141 444 1192 ci
462 1141 507 1206 qui
524 1143 551 1192 in
567 1143 742 1206 possessionem
760 1145 846 1192 missus
863 1143 911 1192 crit
944 1139 978 1188 D.
996 1141 1062 1202 43,4

257 1225 291 1262 nc
307 1227 370 1260 uxor
390 1227 435 1276 pro
459 1211 549 1260 manto
572 1209 612 1260 rel
635 1213 738 1262 meritus
759 1227 805 1276 pro
826 1225 902 1262 uxore
923 1205 963 1256 vel
984 1209 1063 1256 mater

306 1295 353 1342 pro
370 1279 423 1328 tilio
440 1279 603 1328 conveniatur
638 1279 663 1332 C.
681 1285 706 1344 4,
727 1283 756 1330 12

257 1345 327 1396 nihii
342 1345 458 1396 innovari
475 1345 640 1410 appellatione
657 1347 802 1412 interposita
835 1345 867 1396 D.
886 1345 927 1406 49,
947 1345 960 1394 1

257 1413 288 1462 44
305 1413 363 1464 Nili
378 1413 510 1478 aggeribus
527 1429 577 1462 non
595 1415 737 1480 rumpendis
773 1413 798 1464 0.
815 1415 839 1474 9,
858 1415 889 1462 38

257 1495 312 1532 444
327 1481 403 1532 licere
420 1483 592 1532 metrooomiae
608 1483 790 1534 habitatoribus
806 1479 861 1528 loca
878 1491 923 1528 sua
939 1475 970 1528 44
983 1477 1063 1528 extra-

308 1565 383 1600 neum
400 1549 534 1600 transferre
569 1551 594 1602 0.
615 1555 654 1616 11,
672 1555 703 1602 56

258 1615 289 1666 44
305 1633 360 1666 non
376 1621 506 1666 numerate
521 1619 629 1682 pecunia
663 1617 690 1668 C.
707 1621 730 1678 4,
749 1617 780 1666 30

221 1725 222 1728 ,
258 1683 288 1734 44
305 1687 488 1734 4444444444
512 1689 537 1736 44
554 1685 750 1750 delegationibus
783 1681 816 1732 D.
835 1681 908 1742 46,2
946 1679 970 1730 C.
990 1681 1013 1738 8,
1031 1681 1061 1732 44

258 1753 298 1814 [de
314 1753 378 1802 noui
395 1753 475 1816 operis
492 1755 650 1804 nuntiatione
686 1753 711 1804 0.
730 1753 754 1816 8,
774 1753 813 1814 10,
834 1749 873 1812 14]

257 1819 444 1870 4444441444
461 1821 601 1870 actionibus
634 1819 732 1882 J.4,8
767 1817 800 1866 D.
818 1817 876 1878 9,4
911 1815 937 1868 G.
956 1817 979 1880 3,
998 1817 1026 1868 41
1062 1855 1072 1870 .

257 1887 288 1936 de
305 1887 376 1938 nudo
395 1903 423 1938 ex
439 1889 495 1940 iure
513 1889 650 1946 Quiritium
667 1883 777 1936 tollendo
814 1883 838 1936 0.
858 1887 882 1948 7,
900 1885 930 1936 25

257 1955 326 2006 nulii
341 1955 417 2006 licere
432 1957 461 2006 in
478 1957 555 2008 irenis
577 1959 602 2006 44
622 1953 776 2018 equestribus
791 1951 859 2002 sellis
881 1955 905 2002 ct
925 1951 953 2002 in
975 1951 1065 2002 balteis

306 2023 452 2088 margaritas
470 2029 494 2074 et
511 2023 651 2086 smaragdos
674 2023 699 2072 44
714 2021 862 2086 hyacinthos
879 2023 963 2086 aptare
986 2023 1011 2072 et
1034 2021 1065 2070 de

305 2091 442 2142 artificibus
458 2091 577 2156 palatinis
611 2089 696 2154 411,
716 2093 745 2142 12

257 2159 287 2210 44
307 2161 468 2210 enumerantis
488 2159 606 2208 actuariis
629 2159 654 2206 44
676 2155 836 2206 chartulariis
862 2159 886 2206 44
907 2157 1065 2206 adiutoribus

306 2227 442 2276 scriniariis
464 2227 489 2276 44
506 2223 677 2290 exceptoribus
698 2225 761 2276 sedis
782 2223 891 2274 excelsae
914 2227 1065 2274 ceterorum-

306 2309 355 2358 que
363 2293 475 2344 iudicum
488 2295 540 2342 tam
555 2293 666 2344 civilium
683 2307 757 2358 quam
770 2293 918 2344 militarium
943 2293 968 2344 C.
981 2295 1020 2356 12,
1031 2295 1064 2344 49

257 2361 287 2410 44
302 2363 431 2412 nundinis
464 2361 496 2412 D.
516 2365 556 2424 59,
577 2365 604 2414 11
642 2359 667 2414 C.
686 2365 710 2428 4,
728 2365 761 2416 69

256 2429 286 2478 44
302 2431 354 2480 ritu
371 2431 526 2494 nuptiarum
560 2431 597 2482 D.
611 2431 685 2494 23,2

256 2497 402 2564 44444444
435 2495 501 2560 J.i,
522 2499 552 2550 10
587 2497 689 2562 (1.5,4

642 2649 679 2720 0.

256 2767 286 2818 de
303 2769 433 2818 oblatione
450 2771 564 2818 votorum
600 2769 625 2820 G.
646 2773 684 2834 12,
702 2773 734 2822 48

256 2837 286 2886 44
303 2837 509 2900 obligationibus
525 2835 548 2888 J.
569 2839 591 2900 3,
611 2839 642 2888 13

255 2905 286 2952 44
303 2905 509 2968 obligationibus
525 2907 549 2952 et
566 2903 706 2954 actionibus
740 2905 774 2956 D.
792 2905 833 2968 44,
851 2907 866 2956 1
902 2901 928 2956 C.
947 2905 971 2966 4,
992 2905 1022 2954 10

255 2971 285 3022 44
302 2971 508 3036 obligationibus
525 2975 588 3034 quac
605 2987 635 3022 ex
651 2973 743 3022 delicto
761 2973 897 3022 nascuntur
931 2971 954 3022 J.
972 2973 997 3034 4,
1017 2973 1029 3022 1

256 3039 286 3090 44
303 3039 510 3104 obligationibus
525 3055 588 3104 quae
597 3043 667 3104 quasi
682 3055 711 3092 ex
720 3041 811 3090 delicto
824 3043 961 3090 nascuntur
983 3039 1063 3100 J.4,b

255 3107 285 3158 44
302 3107 509 3172 obligationibus
527 3109 597 3172 quasi
614 3125 644 3160 ex
661 3111 791 3160 contractu
825 3109 848 3160 J.
868 3111 890 3172 3,
909 3109 940 3160 21

255 3175 285 3226 44
302 3177 432 3242 obsequiis
443 3177 589 3240 parentibus
604 3181 629 3226 et
641 3177 754 3240 patronis
766 3177 921 3242 praestandis
938 3177 971 3228 D.
983 3179 1023 3242 31,
1034 3179 1063 3228 15

254 3243 285 3294 44
302 3245 432 3310 obsequiis
447 3247 560 3310 patronis
576 3245 729 3310 praestandis
763 3245 790 3298 0.
810 3247 833 3310 6,
851 3247 867 3298 6

254 3311 285 3362 44
302 3309 393 3374 officio
410 3311 563 3362 adsessorem
596 3313 629 3364 D.
650 3315 671 3376 1,
690 3315 720 3364 22

254 3379 285 3430 44
302 3377 393 3442 offitio
411 3379 525 3432 civilium
541 3379 654 3430 iudicum
689 3381 714 3432 0.
736 3385 758 3444 1,
776 3381 808 3432 45

234 3449 285 3498 ‘de
302 3447 393 3510 cilicio
411 3449 509 3498 comitis
527 3451 636 3500 Orientis
671 3449 696 3502 D.
716 3451 738 3512 1,
758 3451 790 3502 36

205 3559 206 3562 ,
254 3517 285 3566 44
302 3515 393 3580 officio
410 3517 509 3568 comitis
524 3535 607 3568 rerum
623 3517 778 3582 privatarum
815 3517 840 3568 G.
860 3517 882 3580 1,
900 3517 932 3568 33

254 3583 285 3634 44
302 3583 393 3646 officio
411 3585 509 3634 comitis
525 3601 650 3634 sacrarum
667 3585 831 3650 largitionum
867 3583 891 3634 0.
914 3587 935 3646 1,
953 3583 985 3634 32

256 3649 405 3718 [44441144
423 3653 521 3704 comitis
538 3655 601 3704 sacri
617 3651 707 3718 palatii
742 3651 768 3706 C.
789 3657 810 3716 1,
828 3651 871 3718 34]

255 3721 285 3772 44
302 3719 394 3782 officio
411 3721 509 3772 comitis
525 3721 589 3772 sacri
605 3721 753 3788 patrimonii
788 3721 813 3772 0.
833 3724 855 3784 1,
873 3721 906 3772 34

256 3789 286 3840 44
303 3787 394 3850 officio
412 3789 522 3840 consulis
555 3791 587 3842 D.
609 3793 631 3854 1,
653 3793 681 3842 10

257 3855 696 3918 444144444144444144414414414
731 3859 757 3910 G.
777 3859 799 3920 1,
818 3859 849 3908 48

257 3925 287 3976 44
304 3923 395 3988 cilicio
412 3925 465 3976 eius
482 3927 524 3976 eui
540 3925 657 3976 mandata
674 3929 711 3976 est
727 3923 869 3976 iurisdictio
902 3925 935 3976 D.
956 3927 978 3990 1,
996 3927 1025 3976 21

258 3993 288 4046 44
305 3991 396 4056 officie
422 3993 475 4046 eius
498 3997 543 4060 qui
566 3995 644 4046 vicem
667 3995 774 4046 alieuius
796 3993 886 4044 iudicis
909 3993 1007 4044 obtinet
1042 3993 1067 4046 9.

311 4065 333 4126 1,
350 4065 382 4115 50

258 4133 289 4182 44
306 4129 396 4192 officio
414 4129 505 4182 iudicis
538 4131 604 4194 J.4,
623 4131 652 4182 11
719 4137 720 4140 ’

259 4199 289 4252 44
305 4197 397 4262 officio
413 4199 527 4250 iudicum
542 4199 691 4250 militarium
726 4195 752 4250 0.
773 4199 795 4260 1,
812 4201 845 4250 46

258 4269 288 4318 44
305 4267 396 4330 officio
413 4267 517 4318 iuridici
550 4267 583 4320 D.
603 4273 625 4330 1,
644 4269 675 4318 20

259 4337 289 4388 44
307 4337 397 4398 officio
414 4337 517 4388 iuridici
534 4335 699 4388 Alexandriae
734 4333 760 4386 G.
779 4335 802 4396 1,
820 4335 851 4386 51

260 4405 291 4454 44
307 4403 400 4470 officio
417 4403 531 4468 magistri
548 4403 658 4456 militum
694 4401 720 4454 G.
740 4405 762 4464 1,
780 4401 813 4450 29

261 4473 291 4522 44
309 4471 400 4532 officio
416 4473 531 4538 magistri
547 4473 686 4524 officiorum
720 4471 748 4524 G.
768 4471 790 4532 1,
809 4471 839 4520 31

262 4539 292 4588 44
310 4537 400 4600 officio
416 4543 537 4608 praefecti
554 4555 667 4592 4444444
702 4541 728 4594 G.
744 4541 770 4600 l,
788 4537 822 4588 44

263 4609 293 4658 de
309 4605 401 4668 officio
416 4609 537 4674 praefecti
553 4609 699 4674 Augustalis
731 4607 765 4658 D.
785 4609 807 4670 1,
827 4607 857 4656 11
893 4603 920 4656 D.
940 4605 961 4668 1,
980 4607 1010 4656 31

263 4675 293 4726 44
310 4673 401 4736 officio
418 4677 678 4744 praefectipraetorio
711 4677 744 4728 D.
764 4677 787 4738 1,
808 4675 836 4726 11

263 4741 399 4804 deofficio
416 4747 678 4810 praefectipraetorio
695 4745 795 4796 Africae
818 4745 842 4792 et
863 4741 893 4792 44
914 4741 983 4792 omni
1006 4739 1071 4790 eius-

312 4811 368 4860 dem
386 4811 522 4862 dioeceseos
539 4815 605 4864 statu
640 4813 666 4866 G.
686 4817 708 4878 1,
727 4813 759 4864 21

262 4883 291 4932 44
308 4879 399 4942 officio
416 4879 537 4944 praesceti
553 4881 658 4946 uigilum
692 4883 726 4934 D.
747 4883 768 4944 1,
788 4881 818 4932 15
854 4879 880 4930 G.
900 4883 921 4942 1,
939 4879 972 4930 43

261 4951 291 5002 44
309 4947 400 5012 officio
416 4947 536 5014 praefecti
553 4951 623 5000 urbis
655 4951 688 5002 D.
710 4955 733 5014 1,
754 4951 783 5000 12
821 4949 846 5002 0.
871 4953 891 5010 1,
911 4951 942 5002 28

262 5019 291 5068 44
314 5017 405 5080 officio
428 5017 609 5080 praefectorum
634 5019 760 5082 praetorio
788 5017 897 5068 Orientis
923 5019 948 5068 et
974 5013 1072 5080 Illyrici

261 5155 291 5204 de
308 5125 399 5216 officio
416 5153 536 5218 praesidis
569 5151 601 5204 D.
622 5155 645 5218 1,
665 5159 694 5210 18

260 5223 291 5272 44
308 5219 399 5282 officio
416 5225 560 5284 praetorum
593 5221 626 5272 D.
648 5227 669 5286 1,
690 5227 719 5276 14
756 5221 780 5276 D.
803 5227 825 5286 1,
842 5225 876 5276 39

260 5287 291 5338 44
308 5289 398 5350 officio
414 5288 572 5352 proconsulis
589 5291 614 5338 ct
630 5287 708 5352 legati
742 5293 774 5344 D.
796 5293 817 5354 1,
837 5293 867 5344 16
903 5291 928 5344 C.
950 5293 971 5356 1,
990 5293 1021 5344 35

260 5355 290 5404 44
307 5353 398 5416 officie
413 5355 583 5420 procuratoris
601 5355 711 5408 Caesaris
728 5359 768 5410 vel
786 5359 915 5410 rationalis
948 5361 981 5412 D.
1003 5361 1071 5424 1,19

260 5421 290 5470 44
308 5419 399 5482 officio
416 5425 554 5486 quaestoris
587 5423 621 5474 D.
641 5425 663 5488 1,
685 5429 712 5478 13
749 5427 775 5476 0.
796 5431 818 5492 1,
836 5431 867 5480 39

260 5491 290 5538 44
308 5487 399 5548 officio
416 5491 520 5540 rectoris
536 5491 680 5556 provinciae
715 5493 741 5546 D.
763 5497 784 5560 1,
803 5497 835 5546 40

260 5557 290 5608 44
308 5555 399 5618 officio
416 5557 505 5608 4144411
540 5559 567 5612 0.
588 5563 609 5624 1,
628 5559 659 5612 38

260 5623 291 5674 dc
308 5625 381 5674 oanni
396 5637 457 5688 agro
474 5625 570 5678 deserto
592 5629 618 5678 et
638 5629 738 5692 quando
760 5631 857 5682 steriles
879 5631 1005 5684 fertilibus
1024 5633 1071 5684 im-

293 5693 424 5756 ponuntur
459 5691 484 5744 C.
506 5697 544 5758 11,
563 5697 594 5746 59

262 5759 292 5810 de
309 5763 431 5824 operibus
446 5759 554 5824 publicis
587 5763 621 5812 D.
639 5767 679 5826 50,
698 5769 729 5818 10
766 5767 792 5818 G.
810 5769 834 5832 8,
854 5773 883 5822 11

1692 349 1916 406 eossnaswnn

1112 533 1141 580 dc
1159 533 1245 594 operis
1262 529 1407 580 libertorum
1440 529 1474 580 D.
1493 531 1533 592 38,
1555 529 1564 578 1
1604 527 1629 578 G.
1648 529 1671 588 6,
1689 529 1704 578 3

1112 597 1142 646 44
1159 601 1245 662 operis
1261 599 1320 646 nori
1337 597 1495 646 nuntiatione
1529 595 1561 646 D.
1581 597 1621 656 39,
1643 595 1651 642 1

1112 663 1152 726 [44
1169 665 1227 714 novi
1244 671 1332 730 operis
1348 663 1506 714 nuntiatione
1542 661 1568 712 G.
1587 667 1610 726 8,
1631 663 1668 724 10,
1688 659 1728 724 14]

1112 733 1142 782 44
1160 733 1246 796 operis
1263 749 1388 782 servorum
1422 733 1454 782 D.
1475 733 1530 794 1,1

1113 799 1142 848 44
1160 803 1264 864 optione
1281 799 1321 850 vel
1338 799 1458 850 electione
1475 795 1558 862 legata
1592 797 1625 848 D.
1643 799 1683 860 33,
1703 799 1718 848 5

1113 865 1142 916 da
1160 867 1253 916 ordine
1271 865 1441 930 cognitionum
1477 865 1501 916 G.
1521 867 1545 928 1,
1564 867 1595 916 19

1113 931 1143 982 44
1160 933 1253 982 ordine
1270 933 1421 982 iudiciorum
1456 931 1481 982 0.
1500 935 1524 994 3,
1542 933 1557 984 8

1113 999 1143 1050 de
1160 1003 1266 1064 ungine
1287 999 1351 1048 iuris
1376 1003 1401 1050 44
1427 997 1538 1048 omnium
1560 999 1751 1064 magistratuum
1775 999 1800 1048 et
1825 1013 1918 1052 succes-

1163 1067 1231 1118 sione
1248 1065 1399 1132 prudentum
1433 1067 1466 1118 D.
1487 1069 1542 1130 1,2

1113 1135 1143 1184 44
1160 1135 1206 1186 80.
1226 1135 1356 1198 Orfitiano
1389 1135 1489 1200 J.3‚4

1112 1201 1144 1252 ad
1161 1201 1207 1252 SO.
1228 1203 1386 1264 Orfitianum
1422 1203 1446 1256 0.
1466 1207 1489 1264 6,
1508 1205 1539 1256 51

1112 1269 1144 1320 ad
1161 1269 1206 1322 se.
1225 1269 1408 1320 Tertullianum
1426 1273 1450 1322 et
1470 1271 1629 1334 Orfitianum
1662 1269 1695 1324 D.
1713 1271 1754 1336 38,
1773 1273 1803 1324 i'i

1500 1423 1538 1492 Ρ.

1115 1537 1245 1606 depactis
1279 1539 1311 1590 D.
1330 1543 1353 1606 2,
1375 1543 1406 1592 14
1441 1539 1542 1604 0.2,3

1115 1607 1144 1658 44
1160 1611 1245 1672 pactis
1262 1607 1390 1658 conventis
1411 1609 1462 1656 tam
1479 1623 1553 1672 super
1572 1609 1628 1660 dote
1651 1623 1725 1672 quam
1748 1619 1822 1670 super
1845 1603 1922 1654 dona·

1164 1675 1233 1724 41444
1250 1679 1308 1726 4444
1325 1675 1425 1738 nuptias
1443 1677 1467 1726 et
1484 1677 1646 1742 paraphernis
1681 1677 1707 1728 C.
1726 1679 1749 1740 5,
1771 1677 1801 1726 14

1115 1743 1144 1792 44
1159 1745 1245 1810 pactis
1262 1741 1387 1792 dotalibus
1421 1743 1453 1792 D.
1473 1745 1513 1808 23,
1531 1747 1547 1796 4

1115 1811 1144 1860 44
1157 1813 1245 1876 pacta's
1260 1811 1327 1860 inter
1345 1813 1478 1876 emptorem
1502 1813 1528 1862 et
1544 1811 1698 1862 uenditorem
1715 1811 1856 1876 compositis
1889 1811 1922 1860 D.

1115 1945 1144 1996 dc
1159 1879 1245 2012 4144414
1266 1879 1401 2010 4431144141
1421 1951 1446 2000 44
1469 1947 1499 1998 44
1521 1945 1689 1998 commissoris
1708 1945 1765 2010 lege
1786 1945 1814 1996 in
1835 1945 1923 2012 pigno·
1990 1929 1992 1934 ’

1164 2013 1233 2066 ribus
1250 2015 1412 2066 rescindenda
1448 2015 1473 2068 0.
1493 2017 1516 2080 8,
1535 2017 1566 2068 34

1114 2083 1144 2134 44
1160 2085 1274 2150 paganis
1292 2085 1317 2134 et
1334 2083 1460 2134 sacrifieiis
1478 2087 1502 2134 et
1519 2083 1618 2150 templis
1654 2083 1680 2136 G.
1700 2087 1722 2146 1,
1742 2085 1771 2134 11

1114 2153 1144 2200 44
1160 2151 1269 2218 palatiis
1286 2153 1311 2200 et
1328 2151 1441 2202 domibus
1459 2151 1590 2200 dominicis
1625 2151 1651 2202 0.
1671 2155 1710 2216 11,
1729 2153 1759 2202 11

1110 2221 1144 2268 Ι44
1159 2219 1287 2284 palatinis
1304 2233 1429 2270 sacrarum
1445 2219 1609 2284 largitionum
1628 2221 1654 2270 et
1670 2235 1752 2270 rerum
1763 2219 1923 2284 'privatarum

1115 2355 1145 2406 da
1160 2323 1372 2422 pnrtn’pignoris
1389 2355 1414 2404 et
1430 2353 1500 2404 omni
1517 2369 1590 2404 causa
1626 2355 1652 2408 G.
1671 2359 1695 2418 8,
1712 2359 1746 2410 24

1115 2423 1145 2474 44
1160 2427 1267 2490 paeonis
1283 2423 1391 2488 publicis
1407 2421 1447 2472 uel
1463 2423 1569 2488 privatis
1604 2423 1629 2474 0.
1650 2425 1689 2482 11,
1708 2427 1737 2476 61

1115 2491 1145 2542 44
1160 2495 1251 2560 putria
1266 2493 1388 2556 potestate
1421 2491 1446 2542 J.
1465 2495 1488 2554 1,
1506 2493 1521 2542 9
1538 2499 1539 2502 ’
1558 2489 1584 2542 G.
1601 2493 1626 2554 8,
1644 2493 1677 2542 46

1115 2559 1283 2626 deponitur
1300 2559 1344 2624 qui
1361 2557 1425 2610 filios
1442 2557 1613 2608 distraxerunt
1649 2559 1674 2612 0.
1692 2563 1717 2622 4,
1735 2563 1768 2614 43
1790 2575 1792 2580 ’

1115 2629 1145 2680 44
1162 2629 1217 2680 iure
1231 2633 1391 2694 pancasius
1423 2627 1456 2678 D.
1475 2629 1516 2690 31,
1536 2629 1567 2678 14
1604 2627 1630 2680 G.
1649 2629 1673 2690 6,
1691 2631 1707 2680 4

1115 2695 1146 2748 44
1163 2695 1268 2746 crimine
1283 2697 1421 2764 peccalatus
1456 2695 1482 2748 G.
1500 2697 1525 2758 9,
1543 2697 1575 2748 28
1651 2725 1653 2730 4

1115 2761 1145 2814 44
1159 2765 1265 2830 peculio
1299 2763 1332 2818 D.
1353 2766 1423 2830 15,1

1115 2833 1145 2882 44
1163 2833 1282 2882 castrensi
1298 2833 1400 2898 peculio
1434 2833 1467 2884 D.
1486 2833 1527 2894 49,
1547 2833 1577 2884 11

1115 2899 1145 2950 44
1161 2899 1265 2966 paculio
1284 2901 1337 2950 eius
1354 2901 1398 2962 qui
1414 2899 1556 2954 libertatem
1573 2899 1665 2950 meruit
1700 2899 1725 2952 0.
1744 2901 1768 2966 1,
1785 2899 1818 2954 23

1115 2967 1146 3016 44
1161 2967 1265 3034 paculio
1283 2967 1366 3032 legato
1400 2967 1433 3020 D.
1453 2971 1526 3030 33,8

1115 3033 1145 3084 44
1161 3037 1277 3102 pecunia
1295 3037 1429 3086 constituta
1463 3035 1495 3088 D.
1517 3037 1556 3098 13,
1574 3039 1589 3088 5

1115 3103 1146 3154 44
1163 3103 1300 3154 constituta
1312 3107 1430 3170 peccunia
1466 3103 1490 3156 0.
1509 3107 1534 3168 4,
1555 3105 1585 3156 18

1115 3171 1146 3222 44
1161 3173 1288 3238 pedaneis
1303 3173 1429 3224 iudicibus
1464 3171 1490 3224 C.
1509 3177 1533 3236 3,
1551 3175 1566 3224 3

1116 3239 1146 3290 de
1160 3255 1233 3306 penta
1250 3241 1333 3304 legata
1366 3241 1399 3292 D.
1418 3241 1491 3304 33‚9

1116 3307 1146 3356 44
1162 3307 1398 3374 perfectissimatus
1415 3307 1539 3370 dignitate
1574 3307 1600 3358 C.
1620 3307 1659 3370 12,
1678 3309 1710 3360 32

1116 3375 1146 3426 44
1161 3377 1282 3496 periculo
1300 3393 1386 3426 eorum
1409 3377 1453 3440 qui
1469 3391 1516 3442 pro
1533 3377 1720 3440 magistratibus
1739 3377 1929 3430 intervenerunt

1117 3511 1146 3562 de
1163 3483 1283 3578 paricidio
1300 3513 1325 3562 et
1343 3511 1470 3562 commodo
1487 3511 1526 3562 rei
1542 3511 1658 3562 venditae
1687 3511 1721 3562 D.
1733 3515 1798 3576 18,6
1826 3515 1851 3568 0.
1863 3521 1887 3580 4,
1896 3517 1929 3568 48

1117 3577 1147 3628 de
1163 3579 1282 3644 periculo
1301 3579 1487 3628 nominatorum
1523 3579 1549 3632 0.
1569 3583 1608 3644 11,
1627 3581 1659 3630 34

1118 3645 1148 3696 44
1162 3647 1283 3712 periculo
1301 3661 1470 3698 successorum
1486 3649 1599 3712 parentis
1635 3647 1660 3698 C.
1681 3649 1719 3712 10,
1737 3649 1770 3700 63

1118 3715 1147 3766 44
1163 3715 1284 3782 periculo
1301 3717 1413 3766 tutorum
1431 3719 1456 3766 et
1473 3719 1618 3766 auratorum
1653 3715 1679 3768 C.
1698 3719 1721 3780 5,
1740 3719 1773 3768 38

1118 3783 1149 3832 44
1166 3799 1248 3834 rerum
1264 3787 1459 3850 pcmnrttniiona
1492 3785 1525 3836 D.
1546 3787 1586 3850 19,
1603 3787 1618 3834 4
1655 3783 1680 3836 0.
1703 3787 1728 3848 4,
1746 3787 1779 3836 64

1118 3851 1148 3902 de
1169 3853 1314 3970 perpetui&
1331 3853 1356 3932 ct
1374 3851 1560 3970 lperrpppapibus
1590 3851 1731 3972 acpiorpbps
1745 3855 1784 3972 igi
1811 3871 1874 3918 quae
1899 3857 1931 3908 ad

1188 3937 1228 3970 cre
1247 3937 1272 3970 44
1329 3937 1358 3970 tn
1394 3937 1465 3972 eree
1502 3937 1614 3970 ranseun
1677 3959 1683 3970 .
1718 3959 1724 3982 ,

1117 4005 1166 4054 per
1183 4003 1244 4052 quas
1260 4003 1377 4054 personas
1394 3989 1467 4040 nobis
1484 3989 1629 4052 adquiritur
1662 3989 1686 4040 J.
1705 3991 1728 4048 2,
1747 3991 1762 4040 9
1799 3991 1824 4042 0.
1846 3995 1870 4054 4,
1888 3995 1918 4042 21

1118 4057 1466 4176 per·hquappgrsouatsitnobis
1481 4057 1604 4176 elipligbatip
1622 4055 1766 4120 adquiritur
1799 4059 1822 4110 J.
1841 4063 1865 4124 3,
1883 4063 1915 4114 28

1136 4141 1149 4176 e
1186 4141 1312 4174 ererans
1348 4141 1361 4174 o
1394 4139 1456 4174 none
1517 4163 1564 4190 .,

1120 4195 1150 4244 de
1166 4195 1293 4260 petitione
1308 4141 1455 4244 4414414444
1490 4193 1515 4244 0.
1535 4195 1557 4254 3,
1577 4195 1606 4246 31

1121 4261 1151 4312 44
1165 4261 1338 4328 petitionibus
1354 4259 1476 4310 bonorum
1493 4259 1598 4310 sublatis
1634 4261 1659 4312 G.
1681 4261 1719 4324 19,
1739 4261 1771 4312 12

1121 4328 1151 4380 44
1169 4329 1266 4378 actione
1282 4329 1463 4394 pignoraticia
1499 4327 1525 4378 0.
1543 4331 1568 4394 4,
1586 4331 1619 4380 24

1121 4397 1151 4448 44
1167 4399 1345 4462 pigneraticia
1362 4395 1461 4446 actione
1477 4395 1518 4446 rel
1535 4399 1623 4446 contra
1655 4397 1689 4450 D.
1709 4399 1748 4460 13,
1767 4399 1780 4444 1

1121 4465 1152 4516 44
1167 4465 1326 4530 pignoribus
1357 4461 1430 4526 Ὶ(1.8,
1450 4465 1480 4516 13

1122 4531 1153 4582 44
1168 4531 1327 4598 pignoribus
1342 4531 1367 4582 ab
1383 4531 1529 4598 hypothecis
1546 4535 1571 4582 ct
1585 4531 1692 4596 qualiter
1708 4547 1736 4582 aa
1753 4533 1934 4582 contrahantur

1161 4603 1199 4650 ,et
1216 4597 1246 4650 dc
1262 4597 1344 4664 pactis
1360 4615 1446 4650 corum
1478 4591 1512 4652 D.
1532 4603 1605 4666 29,1

1122 4667 1153 4718 44
1166 4669 1313 4734 pistoribus
1348 4665 1374 4720 G.
1394 4671 1431 4734 11,
1453 4671 1484 4722 16

1123 4735 1152 4786 44
1170 4735 1224 4798 lege
1241 4735 1322 4786 Fabia
1340 4735 1369 4786 de
1384 4735 1529 4804 plagiariis
1562 4737 1595 4788 D.
1613 4739 1654 4804 48,
1675 4739 1704 4790 15

1124 4803 1164 4870 [44
1180 4801 1260 4868 legem
1277 4803 1382 4854 Fabiam
1400 4805 1430 4854 44
1444 4805 1591 4870 plagiariis
1626 4807 1652 4858 0.
1670 4807 1695 4870 9,
1712 4803 1755 4870 20]

1123 4871 1153 4924 44
1168 4871 1229 4938 piar
1244 4873 1408 4936 petitionibus
1444 4873 1470 4924 0.
1488 4877 1512 4938 3,
1532 4877 1562 4924 10

1120 4939 1466 5062 414404411442424444441444
1484 4957 1558 5008 quam
1578 4941 1645 5008 quod
1662 4939 1776 4992 41441444
1793 4941 1935 5008 coneipitur

1122 5079 1152 5128 de
1169 5047 1255 5144 pocula
1271 5077 1362 5130 iudicis
1379 5079 1425 5142 qui
1441 5077 1506 5130 44414
1523 5077 1647 5128 iudicavit
1670 5077 1709 5128 uel
1730 5079 1783 5130 eius
1807 5081 1851 5144 qui
1868 5081 1935 5132 iudi-

1157 5161 1208 5198 cem
1225 5145 1265 5198 441
1283 5149 1451 5200 adversarium
1469 5163 1626 5212 corrumpere
1646 5149 1743 5198 curauit
1778 5149 1803 5200 0.
1823 5151 1846 5214 1,
1863 5151 1896 5200 49

1123 5215 1153 5266 44
1169 5231 1255 5282 poena
1271 5221 1364 5268 temere
1380 5215 1537 5280 litigantium
1572 5217 1595 5266 J.
1612 5219 1638 5282 4,
1657 5221 1689 5270 16

1122 5285 1152 5334 44
1169 5287 1260 5350 pacatis
1294 5287 1327 5338 D.
1346 5287 1386 5350 48,
1406 5289 1436 5338 19
1474 5285 1500 5336 0.
1521 5287 1545 5350 9,
1564 5287 1596 5336 41
1665 5329 1666 5332 ,

1120 5353 1644 5474 ς44414ἑὴ1144211544ῠ44441ῗτ44044142414πί
1680 5353 1704 5406 0.
1726 5353 1798 5416 10,1

1122 5437 1153 5542 dg
1167 5437 1224 5556 dboge
1235 5429 1414 5558 poppppaape
1430 5427 1575 5558 patricidiis
1606 5491 1640 5544 D.
1658 5493 1698 5554 48,
1716 5493 1731 5542 9

1122 5561 1152 5612 44
1168 5561 1392 5626 ponderatoribus
1409 5563 1434 5610 et
1451 5561 1507 5610 auri
1523 5557 1640 5612 illatione
1676 5561 1701 5614 0.
1721 5563 1761 5624 10,
1780 5563 1812 5614 13

1122 5631 1152 5682 44
1166 5629 1342 5696 popularibus
1358 5629 1500 5680 actionibus
1533 5629 1567 5682 D.
1586 5631 1627 5694 41,
1646 5629 1677 5682 23

1122 5699 1152 5750 de
1169 5697 1324 5762 adquirenda
1342 5701 1367 5750 et
1383 5699 1515 5750 retinenda
1531 5701 1694 5764 possessione
1729 5697 1756 5750 G.
1774 5701 1798 5764 1,
1817 5701 1848 5752 32

1122 5769 1152 5820 44
1169 5767 1323 5832 adquirenda
1340 5767 1380 5820 vel
1397 5767 1534 5818 amittenda
1548 5771 1711 5836 possesione
1745 5767 1778 5820 D.
1796 5773 1837 5836 41,
1855 5767 1872 5822 2
