4366 6258
274 351 333 420 VII
354 355 412 422 8.9
1049 357 1122 432 '110

1574 363 1575 366 '
1646 391 1934 444 usuruncrunmus

272 547 440 604 conlocabit
458 547 604 616 nequealii
626 549 724 604 utendo
750 553 889 618 concedet,
914 561 940 608 θῖ
963 553 1001 608 ita
1017 553 1072 608 La·
1124 553 1334 622 competituram,
1353 571 1406 622 quo
1425 561 1593 626 competeret,
1613 559 1635 610 si
1652 555 1756 610 fructm
1775 573 1878 628 qunque
1895 560 1932 612 le-

270 617 334 674 beo:
353 617 573 688 quemadmodum
590 619 659 672 enim
677 621 821 676 concedere
839 621 916 676 abio
937 637 996 676 eras
1025 637 1073 690 po·
1123 629 1201 690 gatus
1220 627 1296 676 esset.
1329 625 1419 692 itaque
1436 625 1509 678 non⁸
1526 625 1611 678 minus
1631 625 1741 678 absence
1775 641 1837 678 uam
1872 641 1933 680 rae·

269 687 351 756 torio,
371 703 430 742 cum
452 687 510 756 ipse
527 687 567 742 ῖῖ1
584 689 697 742 debeat?
722 689 792 744 idem
809 639 1005 746 tamen11abeo
1023 707 1073 760 pu·
1124 695 1200 744 sente
1223 691 1275 746 tilio
1299 705 1408 746 seriove
1431 697 1509 762 pater
1532 691 1684 748 dominnsre
1706 691 1734 746 in
1778 693 1784 706 '
1822 709 1854 746 aa
1874 693 1932 748 'bns

270 763 324 824 tat,
347 759 370 810 si
392 757 503 810 fundum
526 757 698 810 conduxerit²
716 761 787 826 quis,
811 759 946 814 usuarium
969 775 1074 814 serrum
1123 757 1263 814 habitabit.
1513 799 1514 802 η

271 841 349 896 posse
365 825 402 878 ibi
419 825 536 894 operari:
555 825 618 894 quid
635 827 705 880 enim
722 829 838 892 interest,
856 827 983 908 inquare
992 841 1074 894 opera
1161 823 1197 882 18
1222 825 1340 880 Pactus
1362 827 1431 882 libro
1457 843 1528 880 acac
1555 827 1592 880 ool
1613 827 1751 880 Plautium
1785 827 1814 880 Si
1839 827 1932 880 domus

272 895 327 950 eius
344 895 453 946 utatur?
480 909 561 962 quare
579 899 605 946 et
622 895 645 946 si
661 895 750 950 lanam
770 895 927 950 conduxerrt
948 895 1074 948 usuarius
1124 909 1188 946 usus
1206 895 1308 962 legatus
1326 895 1361 948 sit
1382 895 1440 948 sine
1461 893 1565 958 fructu,
1589 895 1732 948 communis
1758 893 1869 948 refectio
1892 899 1933 946 θεῖ

272 961 469 1030 expediendam,
487 963 584 1030 poterit
598 963 677 1016 etiarn
690 979 738 1030 per
752 963 873 1018 usuarias
887 963 1074 1030 ancillasopua
1124 961 1164 1016 rei
1179 961 1207 1014 in
1225 961 1302 1016 sartis
1320 961 1397 1018 tectis
1415 967 1470 1014 tarn
1487 961 1590 1016 heredis
1609 977 1687 1030 quam
1709 961 1818 1016 usuarii.
1844 961 1932 1015 videa-

271 1027 411 1098 perficere,
434 1029 570 1098 idemque,
594 1031 617 1084 si
633 1031 788 1086 vestimenta
805 1031 1075 1088 texendaredemerit
1124 1045 1182 1082 mus
1200 1035 1297 1092 tamen,
1315 1045 1362 1094 ne,
1380 1029 1404 1082 si
1420 1027 1537 1082 fructum
1555 1029 1630 1082 heres
1649 1029 1777 1096 accipiat,
1796 1029 1854 1096 ipse
1871 1027 1932 1082 refi-

271 1099 312 1150 111
329 1097 440 1150 insulam
458 1099 498 1150 vel
515 1113 608 1150 navem
624 1097 819 1162 fabricandam,
843 1099 940 1164 poterit
956 1099 990 1152 ad
1006 1099 1074 1152 haec
1125 1097 1203 1150 cerel
1228 1097 1337 1160 debeat,
1361 1095 1462 1150 sivero
1480 1097 1542 1150 talis
1560 1097 1594 1150 sit
1610 1111 1667 1160 res,
1691 1097 1764 1150 cuius
1781 1111 1845 1150 rusus
1862 1095 1932 1162 lega-

272 1165 358 1232 operis
375 1165 414 1218 uti
431 1165 544 1218 usuarii:
563 1181 612 1218 nec
630 1165 777 1220 offendetur
794 1167 839 1220 illa
856 1165 948 1220 Sabini
965 1171 1072 1220 senten·
1124 1169 1168 1216 tus
1179 1165 1200 1196 ¹⁰
1217 1169 1265 1228 θεῖ,
1283 1169 1313 1216 ut
1329 1165 1406 1218 heres
1423 1163 1542 1216 fructum
1559 1163 1695 1232 percipere
1711 1179 1766 1216 non
1783 1163 1875 1230 possit,
1893 1163 1930 1214 le·

272 1231 309 1284 tia
334 1233 445 1286 ancillae
468 1249 520 1286 usu
542 1231 604 1284 dato
629 1233 662 1286 ad
684 1235 826 1288 lanificium
849 1247 907 1286 eam
929 1247 983 1286 non
1005 1231 1075 1284 mitti
1124 1231 1240 1298 gaterius
1258 1231 1366 1284 reficere
1385 1231 1518 1300 cogendus
1536 1237 1578 1284 est
1588 1231 1620 1282 ¹1:
1646 1245 1713 1298 quae
1737 1231 1870 1282 habundo
1889 1243 1932 1282 ra-

271 1315 320 1352 nec
338 1313 371 1352 ex
388 1299 473 1368 operis
491 1299 637 1354 mercedem
654 1303 726 1370 capi,
750 1301 796 1354 sed
813 1299 864 1354 sibi
880 1299 968 1352 lanam
985 1297 1074 1352 facere
1124 1297 1224 1352 tionem
1241 1297 1329 1350 habet.

272 1365 328 1420 iure
343 1369 465 1434 eogere³z
485 1367 709 1420 sihienimfacere
723 1369 833 1428 videtur,
851 1365 897 1432 qui
911 1381 965 1420 non
978 1381 1074 1432 operas
1162 1361 1199 1420 19
1218 1363 1297 1418 Iucu
1311 1363 1379 1420 libro
1398 1365 1476 1418 tertio
1493 1363 1532 1418 od
1549 1363 1681 1418 Vitelliam
1715 1363 1786 1418 Usus
1809 1377 1871 1430 pars
1895 1363 1932 1416 le-

272 1433 328 1486 eius
346 1433 456 1496 locavit,
474 1433 521 1486 sed
539 1447 605 1500 opus
624 1435 694 1502 quod
711 1435 838 1490 conduxit
855 1431 979 1502 expediit.
1005 1433 1074 1486 idem

272 1507 298 1552 ot
316 1499 465 1554 Octauenus
483 1501 587 1570 probat.

309 1563 346 1624 13
372 1565 464 1622 Gaios
489 1567 556 1622 libro
580 1569 691 1640 septimo
714 1569 750 1622 ad
772 1567 886 1620 edictum
902 1567 1075 1686 praetractata

272 1633 324 1688 Sed
341 1635 392 1702 ipsi
409 1651 481 1688 serso
501 1635 643 1690 ancillasve
657 1651 705 1706 pro
721 1651 802 1702 opera
815 1649 901 1686 merce
921 1649 962 1688 em
974 1635 1075 1702 imponi

272 1717 351 1768 posse
366 1701 485 1756 Labeoni
502 1703 596 1772 placet.

309 1767 346 1826 14
369 1769 513 1822 Ucrrnnrss
539 1771 606 1824 libro
630 1771 740 1840 neptium
764 1769 863 1822 decimo
887 1767 924 1822 acl
945 1765 1074 1822 Sabinum

273 1837 324 1888 Per
347 1851 451 1888 sermm
468 1837 603 1890 usuarium
620 1837 643 1890 si
660 1835 769 1902 stipuler
784 1835 825 1888 rel
841 1851 889 1902 per
905 1835 1074 1888 traditionem

272 1903 410 1972 accipiam,
427 1917 463 1956 an
480 1903 624 1972 adquiram,
643 1903 788 1970 quaeritur,
808 1903 846 1954 sit
865 1917 897 1954 ex
913 1917 943 1954 re
959 1917 1017 1954 mea
1034 1903 1075 1956 vel

272 1969 407 2048 exuperia
423 1971 486 2024 eius.
515 1971 570 2024 etsi
580 1971 684 2038 quidem
694 1969 819 2034 exoperis
829 1969 892 2032 eiua,
906 1969 1074 2032 convalebit,

272 2051 396 2104 quomam
413 2053 462 2092 nec
479 2039 567 2092 locare
584 2053 678 2104 operas
697 2035 751 2086 eius
769 2051 924 2102 possumus:
943 2035 990 2088 aed
1004 2037 1026 2088 si
1043 2053 1075 2088 ex

272 2119 300 2158 re
317 2119 383 2170 mea,
402 2103 512 2158 dicbnus
525 2119 626 2158 servum
641 2103 776 2156 usuarium
789 2103 959 2170 stipulantem
971 2103 1013 2156 vel
1027 2119 1075 2170 per

271 2171 440 2226 traditionem
448 2173 620 2240 accipientem
629 2169 691 2222 mihi
700 2169 843 2236 adquirere,
863 2169 1075 2238 cumhaoopera

274 2245 285 2290 1
322 2239 378 2292 eius
398 2245 467 2292 utar.
502 2239 572 2292 Usus
592 2239 695 2290 fructus
717 2253 751 2290 an
766 2235 869 2290 fructus
884 2239 909 2290 lc
927 2243 994 2302 etur,
1010 2237 1075 2290 nihil

271 2307 393 2370 interest,
410 2323 472 2360 nam
488 2305 587 2358 fructui
605 2311 631 2358 et
647 2319 711 2358 usus
728 2305 810 2368 inest,
829 2305 889 2358 usui
905 2255 1010 2358 fructus
1028 2305 1074 2358 dc-

271 2379 325 2428 est:
345 2379 371 2426 θῖ
384 2373 487 2426 fructus
503 2373 606 2440 quidem
620 2371 675 2424 sine
690 2387 741 2424 usn
756 2387 880 2426 essenon
894 2377 992 2440 potest,
1010 2387 1074 2426 usus

270 2441 327 2494 sine
350 2439 441 2494 fructu
463 2445 558 2506 potest.
586 2439 697 2506 denique
719 2441 742 2492 si
764 2439 813 2492 tibi
834 2439 938 2494 tructus
960 2439 1074 2494 deducto

271 2523 321 2560 usu
338 2509 438 2576 legatus
457 2509 498 2570 sit,
517 2509 607 2560 inutile
626 2521 682 2560 esse
700 2507 813 2574 legatum
829 2507 990 2574 Pomponius
1007 2507 1074 2560 libro

270 2575 363 2642 quinto
389 2575 423 2638 ad
446 2573 574 2628 Sabinum
597 2573 701 2626 scribit:
726 2581 752 2626 et
774 2575 796 2626 si
819 2575 888 2626 forte
911 2591 962 2628 usu
984 2573 1075 2628 tractu

270 2641 355 2708 legato
371 2639 474 2692 fructus
489 2641 628 2704 adimatur,
647 2645 732 2692 totum
746 2641 828 2694 videri
843 2641 994 2708 ademptum
1009 2641 1074 2694 rcri-

271 2707 322 2760 bit:
348 2707 395 2762 sed
413 2707 435 2758 si
451 2707 553 2758 fructus
572 2707 628 2758 sine
645 2723 709 2770 usu,
733 2711 830 2760 usiam5
846 2707 928 2760 videri
946 2709 1075 2760 constitu·

270 2781 340 2838 tum,
364 2773 409 2840 qui
432 2779 459 2826 et
482 2773 515 2826 ab
533 2773 606 2826 initio
626 2773 750 2826 constitui
767 2779 863 2842 potest.
891 2773 939 2828 sed
961 2773 984 2828 si
1007 2777 1075 2828 111116

269 2841 360 2894 fructu
382 2839 407 2892 le
425 2845 468 2892 ato
493 2857 557 2894 usus
580 2839 724 2906 adimatur,
749 2841 837 2896 Aristo
862 2841 954 2896 scribit
975 2841 1074 2894 nullam

270 2911 286 2960 2
321 2923 378 2962 esse
386 2857 669 2986 εὲθῖῖρῖίοῖθεῖιῖῖῖθ
677 2909 807 2962 sententia
815 2909 951 2978 benignior
959 2913 1007 2962 est.
1017 2907 1075 2962 Usu

269 2975 355 3040 legato
374 2991 396 3028 ει
413 2975 497 3028 θῖᾱθῖῖ
514 2975 617 3028 fructus
635 2977 748 3044 legetur,
772 2977 933 3044 Pomponius
956 2977 993 3028 ait
1011 2991 1074 3030 con-

269 3041 346 3094 fundi
363 3057 422 3094 eum
440 3059 501 3094 curn
517 3059 575 3094 usu.
601 3043 670 3096 idem
692 3043 729 3096 ait
753 3049 779 3098 et
803 3043 826 3096 si
842 3043 892 3096 tibi
907 3059 986 3108 usus,
1011 3043 1075 3096 mihi

269 3109 372 3162 fructus
395 3109 510 3178 legetur,
536 3125 691 3168 concurrere
713 3125 762 3164 nos
785 3111 813 3164 in
836 3127 900 3174 usu,
923 3127 965 3164 me
989 3111 1074 3164 solum

270 3181 285 3230 3
319 3175 437 3230 fructum
460 3177 620 3232 habiturum.
655 3177 757 3232 Poterit
782 3183 870 3232 autem
894 3177 966 3246 apud
993 3179 1075 3232 alium

270 3259 327 3298 θεεθ
344 3259 423 3310 ῖεῖε,
441 3245 513 3314 apud
530 3245 610 3298 alium
626 3245 729 3300 fructus
747 3247 803 3300 sine
821 3261 885 3310 usu,
903 3245 975 3314 apud
993 3247 1074 3298 alium

269 3313 431 3382 proprietas:
450 3313 531 3364 ueluti
542 3313 567 3368 si
581 3313 626 3382 qui
639 3313 720 3366 habet
734 3313 853 3378 fundum,
870 3313 994 3382 legaverit
1002 3313 1072 3368 Titio

270 3395 362 3442 nsum,
380 3397 441 3434 mox
458 3379 533 3434 heres
551 3381 606 3434 eius
624 3379 674 3432 tibi
690 3381 805 3436 fructum
824 3381 947 3450 legaverit
963 3381 1004 3436 rel
1021 3381 1072 3436 alio

270 3445 347 3498 modo
366 3449 538 3502 constituerit.

307 3511 342 3568 15
363 3511 566 3568 Planasiam
591 3517 668 3568 tertio
692 3517 729 3568 acl
750 3515 879 3570 Sabrinam
913 3515 999 3568 ruunt
1021 3529 1074 3568 usu

269 3579 355 3646 legato
381 3581 472 3634 licebit
497 3583 603 3634 usuario
631 3587 657 3634 et
680 3597 712 3636 ex
734 3599 804 3652 penu
828 3581 897 3660 quod
920 3583 950 3634 in
973 3599 1073 3634 annum

270 3647 408 3700 dumtaxat
425 3647 541 3702 sufficiat
558 3665 666 3716 capere,
689 3649 751 3702 licet
767 3649 904 3702 memneris
922 3649 1023 3716 praedii
1040 3665 1071 3704 co

269 3715 348 3768 modo
365 3715 468 3768 fructus
488 3721 688 3768 consumantur:
717 3717 779 3784 quia
801 3721 829 3768 at
851 3717 927 3768 domo
952 3721 978 3768 et
995 3733 1071 3772 servo

269 3781 307 3834 ita
320 3787 447 3846 uteretur,
465 3789 496 3836 ut
509 3781 572 3836 nihil
587 3783 631 3836 alii
644 3783 779 3838 fmctnum
792 3783 898 3838 nomine
911 3789 1071 3850 superesset.

273 3857 282 3902 1
320 3849 403 3904 Sicuti
420 3851 456 3910 is,
481 3851 523 3904 cni
539 3865 603 3904 ῖεῖε
620 3849 697 3904 fundi
713 3851 814 3918 legatus
833 3855 885 3916 est,
910 3867 962 3918 quo
985 3853 1091 3904 11111111ε

269 3917 390 3976 dominus
409 3919 464 3986 agri
488 3917 591 3970 colendi
614 3933 695 3970 causa
718 3919 906 3982 diversetur,
930 3919 1073 3986 prohibere

269 4001 322 4038 non
339 3989 427 4052 potest
444 3985 568 4054 :alioquin
586 3991 612 4038 et
628 3985 681 4038 frui
699 3985 833 4038 dominum
849 3985 1016 4054 prohibebit),
1034 3985 1074 4040 ita

269 4069 318 4106 neo
335 4053 411 4106 heres
429 4053 570 4122 quicquam
588 4053 676 4108 iacere
694 4053 785 4118 debet,
809 4069 860 4122 quo
885 4051 969 4106 minua
986 4053 1010 4106 is
1029 4053 1074 4108 cui

268 4121 451 4242 pspstlegatus
470 4125 510 4174 est
527 4125 632 4186 utatur,
655 4127 684 4174 ut
707 4121 792 4174 bouus
809 4125 886 4188 pater
902 4121 1014 4174 familias
1033 4121 1073 4174 uti

287 4203 355 4242 ee.
863 4239 866 4242 .

305 4251 342 4312 16
368 4255 537 4310 Ponronrus
557 4255 624 4310 libro
648 4257 740 4326 quinto
764 4255 800 4308 ool
821 4253 950 4308 Sabinum
983 4255 1011 4308 Si
1033 4255 1072 4308 ita

268 4323 370 4392 legatus
389 4327 458 4376 esset
475 4339 539 4376 usus
556 4321 645 4386 tundi,
669 4327 699 4376 ut
716 4323 859 4374 instructus
878 4327 961 4386 esset,
979 4339 1071 4378 earnm

268 4407 363 4454 rerum,
383 4405 449 4456 quae
465 4389 639 4444 instrumento
657 4389 732 4444 tundi
750 4393 845 4452 essent,
862 4389 970 4456 perinde
984 4391 1020 4442 ad
1033 4391 1070 4444 le·

267 4459 397 4526 gatarium
423 4473 486 4510 usus
513 4459 627 4526 pertinet
653 4473 684 4510 ac
710 4459 732 4510 si
755 4457 907 4510 nominatim
932 4457 957 4510 ei
980 4471 1071 4510 earum

271 4531 281 4578 t
317 4543 405 4580 rernm
423 4539 486 4578 usus
504 4525 604 4592 legatus
621 4525 723 4578 luisset.
759 4523 887 4576 Dominus
901 4539 949 4592 pro
969 4525 1071 4578 rietatis

267 4593 348 4648 etiam
371 4593 450 4646 inrito
475 4593 671 4646 usufructuario
697 4591 737 4646 vel
762 4591 867 4644 usuario
893 4541 1005 4646 1111121111
1030 4593 1071 4646 sel

266 4661 346 4714 aedes
364 4675 411 4728 per
428 4661 582 4714 saltuarium
599 4661 640 4712 vel
653 4659 807 4712 insularium
823 4657 956 4712 custodire
967 4665 1070 4726 potest:

267 4729 377 4780 interest
394 4727 462 4780 enim
480 4727 535 4780 eius
559 4727 624 4780 fines
649 4725 750 4794 praedii
773 4725 848 4780 tucri.
875 4741 959 4792 eaque
981 4725 1071 4778 omnia

267 4795 379 4848 dicenda
397 4803 472 4858 sunt,
491 4795 627 4862 quolibet⁷
644 4795 722 4846 modo
741 4793 899 4846 constitutus
916 4807 980 4846 ῖεῖε
997 4793 1070 4846 fruc-

268 4867 283 4914 2
318 4867 362 4918 tus
376 4864 417 4918 vel
430 4879 494 4916 usus
509 4861 597 4916 luerit.
633 4861 723 4924 Serva,
741 4861 815 4914 cuius
833 4877 909 4914 usum
923 4861 1070 4924 dumtaxat,

267 4945 321 4982 nou
339 4931 417 4984 etiarn
434 4931 549 4984 fructum
566 4929 708 4992 habemus,
733 4935 820 4996 potest
838 4933 863 4982 et
880 4945 897 4980 a
913 4927 989 4980 nobis
1007 4927 1071 4996 quid

266 4995 361 5050 donari
378 4999 418 5050 vel
436 4999 513 5050 etiam
532 5011 564 5050 ex
581 4997 693 5064 pecunia
710 5001 801 5048 nostra
818 4995 979 5062 negotiatum
1002 5011 1069 5060 esse,

267 5067 297 5116 ut
314 5065 440 5132 quidquid
458 5081 488 5116 eo
506 5063 583 5116 modo
602 5063 762 5130 adquisierit,
779 5063 916 5130 iupeculio
926 5067 1016 5116 nostro
1027 5063 1068 5116 sit.

305 5125 339 5182 17
359 5133 525 5184 Ariasmenus
540 5131 606 5184 libro
625 5131 717 5198 quirico
735 5131 918 5198 quaestionum
953 5129 1019 5182 Filio
1028 5129 1069 5196 ta-

266 5195 351 5248 milias
370 5199 410 5250 vel
428 5213 501 5250 servo
521 5197 624 5250 aedium
644 5211 693 5262 usu
710 5197 795 5262 legato
820 5203 846 5248 et
868 5197 932 5250 utile
955 5197 1070 5264 legatum

264 5275 324 5314 θεεθ
351 5263 469 5318 existimo
497 5269 522 5316 et
548 5263 639 5316 eodem
666 5263 742 5314 modo
774 5263 982 5330 persecutionem
1013 5263 1069 5316 cius

267 5431 295 5478 111
314 5427 456 5488 poteratF²
513 5431 545 5492 (a)
563 5429 729 5478 ondureritd'
785 5433 815 5490 (3)
835 5431 1068 5494 cogere]vocareF¹

266 5493 298 5550 (a)
317 5491 348 5550 si]
356 5491 503 5544 scilicetscr.
590 5497 621 5554 (a)
639 5497 661 5542 si
668 5495 764 5544 fructus
771 5497 824 5544 sine
833 5499 966 5556 usunsnm]
973 5497 1067 5544 11111111-

264 5559 306 5602 tus
319 5557 451 5604 sinonsum
459 5559 513 5618 dlv,
526 5561 548 5608 si
554 5561 649 5610 fructus
657 5563 710 5610 siue
717 5577 764 5608 usn
771 5563 830 5622 pum,
843 5563 864 5610 si
877 5563 907 5614 de
919 5563 1002 5612 fructu
1014 5563 1068 5612 sine

264 5635 312 5668 usn
324 5621 455 5668 adimendo
468 5625 546 5672 sensit
558 5641 633 5686 quare
646 5641 696 5674 uon
709 5627 821 5676 dicamus
834 5647 905 5678 usum
918 5631 939 5680 S

263 5683 297 5746 {ab
318 5687 489 5750 usuaupplAEl‘
584 5695 616 5752 (11
635 5691 796 5752 quodlibetF
887 5697 920 5758 (a)
938 5695 1071 5758 non]noF

264 5755 297 5798 te:
319 5751 462 5812 refugeres
509 5757 551 5812 tlt)
571 5755 726 5818 relegatusF
769 5763 808 5818 1111
827 5761 912 5812 sitscr.
960 5765 1003 5824 (11)
1022 5763 1066 5812 ha·

1124 1431 1182 1498 gari
1198 1447 1253 1486 non
1269 1437 1369 1498 potest:
1394 1447 1456 1486 nam
1478 1429 1532 1484 frmi
1556 1429 1660 1498 quidem
1678 1447 1726 1500 pro
1744 1435 1820 1500 parte
1837 1447 1932 1498 possu-

1125 1513 1192 1562 mus,
1211 1499 1250 1552 uti
1266 1515 1314 1568 pro
1332 1505 1409 1566 parte
1426 1515 1480 1552 nou
1497 1513 1646 1566 possumus.

1160 1561 1199 1622 20
1218 1563 1395 1618 Marcomanos
1407 1567 1474 1618 libro
1484 1567 1563 1620 tertio
1573 1565 1672 1618 decimo
1682 1563 1845 1642 clipeatorum
1872 1567 1932 1618 Ser-

1126 1637 1182 1696 vus,
1202 1633 1275 1686 cuius
1294 1633 1357 1684 mihi
1373 1647 1437 1686 usus
1455 1633 1558 1702 legatus
1571 1637 1618 1696 est,
1637 1633 1751 1700 adqum't
1764 1633 1836 1696 mihi,
1854 1633 1877 1686 si
1892 1633 1932 1684 in·

1126 1699 1203 1754 stitor
1220 1699 1270 1752 erit
1288 1705 1314 1754 et
1331 1699 1419 1768 operis
1436 1699 1493 1754 eius
1512 1705 1574 1754 utar
1589 1699 1618 1752 iu
1635 1699 1761 1754 taberna:
1785 1715 1847 1752 nam
1864 1715 1933 1750 mer-

1127 1767 1201 1822 cibus
1219 1765 1364 1820 vendundis
1382 1765 1549 1834 emendisque
1566 1767 1680 1836 adquirit
1697 1767 1772 1820 mihi:
1797 1767 1844 1820 scd
1866 1769 1933 1820 etsi

1124 1837 1198 1888 iussu
1214 1849 1273 1888 meo
1292 1849 1340 1902 per
1355 1831 1524 1886 tradidmem
1542 1835 1662 1902 accipiet.

1161 1897 1198 1958 21
1225 1899 1413 1954 Monasrrrrus
1436 1901 1505 1954 libro
1531 1901 1647 1954 secundo
1673 1903 1829 1970 reputarunt
1863 1901 1932 1954 Usus

1126 1983 1211 2036 aquae
1233 1967 1380 2034 personalis
1403 1971 1443 2020 est
1466 1971 1493 2020 et
1514 1967 1574 2020 ideo
1598 1967 1634 2020 ad
1655 1967 1810 2022 11θ1θ11111112
1833 1969 1933 2020 usuarii

1126 2035 1270 2086 transmitti
1287 2049 1341 2086 nou
1357 2039 1455 2102 potest.

1160 2097 1200 2158 22
1218 2101 1389 2156 Poneoaros
1403 2101 1470 2156 libro
1485 2101 1578 2170 quinto
1593 2101 1630 2154 cd
1643 2099 1769 2164 Quintam
1778 2101 1800 2134 ¹³
1814 2101 1932 2156 Mucium

1126 2169 1208 2224 Diuus
1225 2169 1385 2234 Hadrianus,
1404 2181 1463 2224 cum
1481 2167 1636 2236 quibusdam
1653 2185 1716 2222 usus
1733 2169 1814 2224 silvae
1831 2169 1932 2236 legatus

1126 2241 1203 2302 esset,
1223 2239 1315 2290 statmt
1331 2237 1447 2290 fructum
1465 2251 1570 2304 quoque
1583 2237 1620 2290 eis
1634 2235 1748 2302 legatum
1763 2235 1852 2302 videri,
1871 2237 1932 2304 quia

1125 2305 1176 2358 nisi
1184 2305 1276 2358 liceret
1283 2305 1417 2374 legatariis
1432 2303 1544 2358 caedere
1558 2303 1650 2356 silvam
1664 2309 1691 2356 et
1704 2305 1824 2368 vendere,
1842 2319 1932 2372 quem·

1126 2371 1268 2426 admodum
1291 2369 1494 2424 usufructuariis
1519 2371 1593 2434 licet,
1618 2371 1683 2424 nihil
1705 2371 1822 2424 habituri
1844 2377 1932 2424 essent

1129 2443 1139 2492 1
1177 2439 1354 2506 exeolegatc.
1380 2439 1457 2494 Licet
1473 2445 1529 2492 tam
1547 2443 1675 2506 angustus
1694 2443 1734 2492 est
1750 2437 1891 2506 legatarius
1902 2439 1931 2502 1⁴,

1126 2505 1169 2560 cui
1186 2505 1277 2560 domus
1295 2521 1359 2560 usus
1376 2507 1479 2574 legatus
1498 2511 1552 2572 est,
1575 2511 1606 2560 ut
1628 2521 1683 2560 non
1699 2507 1784 2574 possit
1801 2521 1932 2574 occupare

1125 2573 1206 2652 totius
1224 2573 1317 2650 domus
1335 2589 1425 2638 usum,
1449 2579 1539 2650 tamen
1562 2575 1599 2650 eis
1615 2589 1690 2652 'quae
1713 2575 1931 2652 vacabuntupro-

1124 2641 1676 2776 altstat},sttstttttaltltfflttt
1689 2641 1932 2760 tractabat
1967 2707 1970 2712 Δ

1126 2787 1228 2840 quoque
1246 2773 1363 2836 aedium,
1381 2781 1461 2842 prout
1478 2775 1604 2842 temporis
1623 2773 1743 2828 condicio
1762 2775 1854 2842 exigit,
1874 2775 1929 2842 qui-

1125 2845 1140 2894 2
1175 2839 1287 2894 busdam
1310 2847 1431 2906 utantur,
1461 2839 1620 2910 quibusdam
1645 2857 1699 2894 nou
1724 2847 1841 2896 utantur.
1876 2841 1931 2896 Usa

1124 2907 1209 2976 legato
1228 2909 1251 2962 si
1267 2909 1327 2976 plus
1346 2925 1408 2962 usus
1427 2909 1461 2962 sit
1478 2909 1620 2976 legatarius
1638 2923 1716 2978 quam
1733 2913 1851 2978 oportet,
1871 2909 1930 2962 otti·

1126 2977 1166 3028 cio
1184 2975 1291 3040 iudicis,
1316 2977 1362 3044 qui
1383 2977 1483 3030 indicat
1501 2977 1719 3044 quemadmodum
1740 2983 1844 3042 utatur,
1868 2977 1931 3046 quid

1126 3043 1295 3096 continetur?
1313 3043 1439 3114 nealiter
1457 3059 1536 3112 quam
1553 3043 1632 3096 debet
1648 3047 1749 3098 utatur.

1159 3107 1197 3166 23
1217 3111 1335 3164 Paucos
1351 3111 1418 3164 libro
1431 3113 1523 3180 priam
1541 3111 1578 3164 ad
1595 3109 1735 3164 Neratium
1767 3111 1927 3166 Nummos.

1127 3175 1256 3232 Usuariac
1272 3177 1312 3232 rei
1334 3179 1449 3246 speciem
1472 3179 1495 3232 is
1520 3177 1594 3232 cuius
1618 3179 1765 3246 proprietas
1791 3185 1833 3232 est
1857 3181 1929 3234 nullo

1124 3245 1201 3298 modo
1220 3251 1382 3300 commutare
1400 3251 1494 3314 potest.
1530 3245 1659 3298 Paucos:
1682 3245 1838 3300 deteriorem
1861 3247 1930 3302 enim

1125 3327 1232 3366 causam
1250 3313 1349 3366 usuarii
1371 3313 1460 3366 iacere
1483 3329 1538 3366 nou
1560 3319 1662 3380 potest:
1685 3313 1862 3368 incitantem
1886 3315 1929 3370 de-

1124 3381 1246 3436 teriorem
1263 3381 1342 3436 etiam
1358 3379 1386 3434 in
1403 3380 1537 3436 meliorem
1554 3385 1652 3434 statum
1670 3387 1830 3436 commutata
1840 3385 1867 3436 ¹⁵.

1445 3573 1446 3576 ,
1470 3517 1591 3578 ἾΠΠΜ.

1157 3579 1455 3666 uanrnncrunaros
1474 3617 1740 3672 osannamonum
1757 3613 1896 3664 cavana.

1160 3713 1173 3772 1
1199 3715 1344 3770 Uarianos
1359 3715 1426 3770 libro
1442 3717 1659 3786 seplucqccsimo
1676 3733 1746 3770 nono
1764 3715 1801 3770 cd
1814 3715 1929 3770 edictum

1124 3781 1152 3836 Si
1175 3783 1250 3838 cuius
1271 3783 1311 3838 rei
1332 3799 1397 3838 usus
1420 3781 1523 3838 tructus
1547 3785 1649 3852 legatus
1673 3783 1719 3848 sit,
1747 3783 1931 3850 aequissimum

1123 3851 1241 3916 praetori
1262 3851 1347 3910 visum
1370 3857 1410 3904 cst
1433 3851 1466 3904 de
1490 3855 1603 3918 utroque
1620 3851 1775 3920 legatarium
1784 3853 1805 3884 ¹⁷
1823 3865 1928 3904 cavere:

1124 3921 1151 3970 et
1167 3933 1276 3970 usmum
1293 3933 1323 3972 se
1339 3919 1403 3970 boui
1421 3919 1468 3972 viri
1485 3919 1617 3970 arbitratu
1634 3925 1674 3982 et,
1698 3935 1758 3972 cum
1775 3933 1839 3972 usus
1856 3917 1929 3970 truc-

1122 3989 1166 4038 tus
1183 3985 1218 4038 ad
1236 4001 1296 4040 eum
1313 3985 1444 4054 pertinere
1458 3979 1569 4050 desinet,
1587 3985 1770 4038 restituturum
1785 3985 1856 4062 quod
1868 3985 1929 4062 inde

1126 4057 1137 4104 1
1174 4051 1296 4106 exstabit.
1331 4053 1405 4108 Haec
1423 4053 1568 4120 stipulatio,
1587 4053 1641 4108 sive
1655 4053 1757 4108 mobilis
1771 4069 1813 4106 res
1829 4057 1930 4106 srtsrve

1123 4123 1138 4172 2
1173 4119 1230 4184 soli,
1248 4121 1380 4188 interponi
1392 4121 1479 4176 debet.
1505 4121 1575 4174 Illud
1593 4119 1728 4174 sciendum
1745 4125 1787 4174 est
1804 4119 1839 4174 ad
1854 4119 1929 4172 fidei-

1123 4189 1264 4240 commissa
1286 4189 1365 4244 etiam
1388 4187 1476 4256 aptari
1494 4203 1553 4240 eam
1570 4187 1674 4240 debere.
1700 4189 1779 4256 plane
1802 4193 1828 4240 et
1851 4187 1873 4240 si
1897 4203 1930 4240 err

1121 4255 1215 4308 mortis
1224 4271 1305 4310 causa
1314 4255 1455 4308 donatione
1463 4271 1527 4306 usus
1537 4255 1640 4308 fructus
1650 4253 1830 4316 constituatm,
1842 4269 1929 4306 exem-

1121 4323 1164 4390 plo
1184 4323 1329 4390 legatorum
1347 4321 1453 4376 debebit
1469 4323 1537 4374 haec
1556 4321 1642 4374 cautio
1666 4321 1809 4402 praestari:
1834 4321 1881 4374 sed
1904 4327 1929 4376 et

1121 4391 1145 4444 si
1167 4405 1202 4442 ex
1225 4389 1277 4444 alia
1301 4405 1464 4456 quacumque
1488 4403 1569 4444 causa
1592 4393 1752 4442 constrtutus
1768 4389 1849 4442 tuerit
1865 4405 1929 4442 usus

1121 4461 1136 4510 3
1171 4457 1284 4522 fructus,
1302 4455 1371 4508 idem
1388 4455 1527 4510 dicendum
1546 4461 1593 4510 θεῖ.
1630 4455 1729 4510 Carere
1745 4463 1834 4510 autem
1851 4457 1930 4510 debet

1120 4525 1170 4576 viri
1188 4525 1251 4576 boni
1268 4525 1398 4576 arbitratu
1420 4529 1548 4592 perceptu
1571 4525 1604 4576 iri
1625 4539 1703 4576 rasum
1724 4523 1854 4588 fructum,
1877 4523 1929 4578 hoc

1121 4597 1161 4644 est
1179 4607 1235 4642 uon
1252 4591 1405 4644 deteriorem
1424 4607 1452 4644 se
1469 4595 1578 4644 causam
1595 4607 1659 4646 usus
1676 4591 1779 4644 fructus
1795 4591 1929 4646 facturum

1121 4663 1137 4710 4
1174 4665 1314 4736 ceteraque
1322 4657 1463 4722 facturum,
1479 4675 1547 4726 quae
1560 4659 1588 4710 in
1601 4675 1630 4712 re
1644 4673 1694 4712 sua
1706 4657 1815 4712 taceret.
1846 4657 1929 4712 Recte

1121 4731 1209 4778 autem
1227 4725 1328 4778 tament
1344 4731 1371 4778 et
1388 4727 1463 4780 heres
1482 4731 1509 4780 et
1530 4725 1688 4792 legatarius,
1713 4725 1797 4792 qualis
1820 4741 1863 4778 res
1886 4725 1928 4788 sit,

1121 4807 1180 4846 cum
1198 4789 1252 4844 irui
1269 4791 1361 4860 incipit
1377 4793 1527 4860 legatmius,
1546 4793 1569 4846 si
1584 4793 1613 4846 iu
1627 4795 1753 4846 testatum
1767 4791 1927 4858 redegerint:

1121 4861 1219 4912 utinde'
1232 4861 1346 4926 possit¹⁸
1355 4875 1491 4928 apparere,
1506 4875 1542 4914 an
1558 4865 1585 4914 et
1599 4865 1729 4928 quatenus
1743 4875 1799 4912 rem
1812 4861 1929 4926 peiorem

1121 4931 1135 4980 5
1170 4927 1314 4996 legatarius
1330 4927 1431 4980 fecerit.
1466 4927 1563 4982 Utilius
1580 4933 1668 4980 antem
1685 4927 1769 4980 visum
1787 4933 1828 4980 est
1845 4927 1928 4992 stipu-

1120 4995 1218 5048 latione
1239 4997 1271 5048 de
1287 4993 1339 5048 hoc
1358 4993 1452 5058 caveri,
1470 4999 1508 5058 ut,
1527 4995 1551 5048 si
1568 4993 1626 5074 quis
1643 5009 1698 5046 non
1715 4993 1764 5046 viri
1781 4995 1845 5048 boni
1858 4993 1928 5046 arbi-

1120 5067 1193 5116 tratu
1205 5067 1303 5124 utatur,
1327 5061 1535 5116 θῖῖῖῖίῖῖεῖῖῖ19
1553 5061 1687 5130 strpulatio
1704 5061 1802 5124 statim,
1819 5077 1869 5116 neo
1883 5077 1928 5114 ex-

1121 5135 1137 5182 6
1171 5129 1346 5196 peotabimus,
1356 5133 1386 5182 ut
1394 5129 1530 5182 amittatur
1538 5143 1603 5182 usus
1612 5127 1725 5182 fructus.
1742 5129 1832 5182 Habet
1840 5133 1929 5182 autem

1121 5195 1255 5264 stipulatio
1281 5195 1333 5248 ista
1357 5197 1422 5250 duas
1447 5209 1557 5260 causas,
1580 5211 1674 5260 unam,
1698 5193 1722 5248 si
1743 5195 1852 5250 εῖίῖθῖ20
1869 5197 1929 5262 quis

1120 5269 1211 5316 utatur
1233 5279 1312 5332 quam
1338 5263 1485 5316 virbonus
1508 5263 1694 5326 arbitrabitur,
1721 5263 1799 5316 aliam
1821 5261 1855 5316 de
1878 5279 1928 5316 usu

1118 5431 1230 5480 heredem
1238 5431 1467 5498 F⁰,aheredemF⁰
1541 5433 1583 5494 (13)
1604 5431 1724 5494 quintoF'
1799 5437 1842 5496 111)
1859 5432 1926 5496 lega-

1118 5497 1242 5548 1111111111Ἱ
1338 5499 1381 5560 (15)
1399 5497 1927 5558 commutatF¹,uratacr.ree.i.m.st.corn·

1118 5571 1272 5616 mutatorum
1284 5565 1338 5616 dett.
1348 5577 1391 5616 aar
1397 5567 1497 5616 etiami
1505 5565 1521 5616 i.
1529 5583 1563 5616 m.
1571 5575 1602 5618 st.
1611 5571 1746 5616 commutat

1153 5639 1196 5696 uc)
1217 5635 1263 5682 Ea
1272 5643 1332 5686 1...a
1339 5645 1405 5692 aa:
1418 5635 1478 5684 Sat.
1487 5645 1549 5686 aro.
1558 5645 1597 5692 ra:
1610 5635 1673 5702 Pap.
1682 5647 1701 5686 1.
1712 5647 1780 5688 11-
1796 5635 1856 5686 Bas.
1868 5639 1926 5698 lea

1118 5701 1161 5760 (11)
1179 5699 1278 5764 legatur
1289 5707 1343 5750 tum
1352 5701 1379 5750 F
1385 5701 1398 5762 ¹,
1406 5701 1605 5764 legatariumF²
1737 5707 1781 5770 (111
1801 5707 1929 5770 possintF

1118 5767 1162 5826 (ta)
1181 5767 1351 5836 committetur
1362 5767 1419 5818 libri
1487 5773 1533 5830 (2⁰)
1552 5769 1644 5820 alterF
