<?xml version="1.0" encoding="UTF-8"?>
<!DOCTYPE html PUBLIC "-//W3C//DTD XHTML 1.0 Transitional//EN"
    "http://www.w3.org/TR/xhtml1/DTD/xhtml1-transitional.dtd">
<html xmlns="http://www.w3.org/1999/xhtml" xml:lang="en" lang="en">
 <head>
  <title>
</title>
<meta http-equiv="Content-Type" content="text/html;charset=utf-8" />
  <meta name='ocr-system' content='tesseract 3.04.00' />
  <meta name='ocr-capabilities' content='ocr_page ocr_carea ocr_par ocr_line ocrx_word'/>
</head>
<body>
  <div class='ocr_page' id='page_1' title='image "./corpusiuriscivi00schogoog_0133.png"; bbox 0 0 4366 6258; ppageno 0'>
   <div class='ocr_carea' id='block_1_1' title="bbox 286 233 1968 428">
    <p class='ocr_par' dir='ltr' id='par_1_1' title="bbox 286 233 1968 434">
     <span class='ocr_line' id='line_1_1' title="bbox 1960 233 1968 286; baseline 0 0"><span class='ocrx_word' id='word_1_1' title='bbox 1960 233 1968 286; x_wconf 89' lang='grc' dir='ltr'><strong>ι</strong></span> 
     </span>
     <span class='ocr_line' id='line_1_2' title="bbox 286 335 1930 428; baseline -0.01 -4"><span class='ocrx_word' id='word_1_2' title='bbox 286 361 317 424; x_wconf 90' lang='lat' dir='ltr'><strong>ll</strong></span> <span class='ocrx_word' id='word_1_3' title='bbox 341 367 358 428; x_wconf 85' lang='lat'>8</span> <span class='ocrx_word' id='word_1_4' title='bbox 635 335 636 338; x_wconf 23' lang='lat'>¹</span> <span class='ocrx_word' id='word_1_5' title='bbox 1094 349 1134 422; x_wconf 81' lang='grc'><strong>22</strong></span> <span class='ocrx_word' id='word_1_6' title='bbox 1473 363 1531 424; x_wconf 78' lang='lat' dir='ltr'><strong>om</strong></span> <span class='ocrx_word' id='word_1_7' title='bbox 1552 355 1732 412; x_wconf 75' lang='lat' dir='ltr'><strong>sarrensem</strong></span> <span class='ocrx_word' id='word_1_8' title='bbox 1754 355 1930 408; x_wconf 80' lang='lat' dir='ltr'><strong>eoesnrm</strong></span> 
     </span>
    </p>
   </div>
   <div class='ocr_carea' id='block_1_2' title="bbox 227 531 1955 5522">
    <p class='ocr_par' dir='ltr' id='par_1_2' title="bbox 227 531 1955 5522">
     <span class='ocr_line' id='line_1_3' title="bbox 287 531 1931 612; baseline -0.009 -14"><span class='ocrx_word' id='word_1_9' title='bbox 287 549 390 598; x_wconf 87' lang='lat' dir='ltr'><strong>tantum</strong></span> <span class='ocrx_word' id='word_1_10' title='bbox 414 559 447 598; x_wconf 83' lang='lat' dir='ltr'><strong>ex</strong></span> <span class='ocrx_word' id='word_1_11' title='bbox 468 541 654 606; x_wconf 78' lang='lat' dir='ltr'><strong>secutaribus,</strong></span> <span class='ocrx_word' id='word_1_12' title='bbox 680 539 727 596; x_wconf 88' lang='lat' dir='ltr'><strong>sed</strong></span> <span class='ocrx_word' id='word_1_13' title='bbox 753 541 832 592; x_wconf 87' lang='lat' dir='ltr'><strong>etiam</strong></span> <span class='ocrx_word' id='word_1_14' title='bbox 857 553 889 592; x_wconf 86' lang='lat' dir='ltr'><strong>ex</strong></span> <span class='ocrx_word' id='word_1_15' title='bbox 915 539 1086 596; x_wconf 83' lang='lat' dir='ltr'><strong>conveniendi</strong></span> <span class='ocrx_word' id='word_1_16' title='bbox 1136 553 1186 592; x_wconf 90' lang='lat' dir='ltr'><strong>nae</strong></span> <span class='ocrx_word' id='word_1_17' title='bbox 1202 537 1231 592; x_wconf 94' lang='lat' dir='ltr'><strong>in</strong></span> <span class='ocrx_word' id='word_1_18' title='bbox 1247 553 1303 592; x_wconf 90' lang='lat' dir='ltr'><strong>rem</strong></span> <span class='ocrx_word' id='word_1_19' title='bbox 1319 551 1395 592; x_wconf 88' lang='lat' dir='ltr'><strong>suam</strong></span> <span class='ocrx_word' id='word_1_20' title='bbox 1411 531 1585 612; x_wconf 80' lang='lat' dir='ltr'><strong>fideiubeant,</strong></span> <span class='ocrx_word' id='word_1_21' title='bbox 1607 535 1642 610; x_wconf 91' lang='grc' dir='ltr'><strong>Ιιιι</strong></span> <span class='ocrx_word' id='word_1_22' title='bbox 1682 545 1711 584; x_wconf 92' lang='lat' dir='ltr'><strong>ro</strong></span> <span class='ocrx_word' id='word_1_23' title='bbox 1735 543 1783 586; x_wconf 87' lang='lat' dir='ltr'><strong>suo</strong></span> <span class='ocrx_word' id='word_1_24' title='bbox 1806 541 1931 612; x_wconf 72' lang='lat' dir='ltr'><strong>procura</strong></span> 
     </span>
     <span class='ocr_line' id='line_1_4' title="bbox 291 597 1931 682; baseline -0.007 -18"><span class='ocrx_word' id='word_1_25' title='bbox 291 617 301 664; x_wconf 99' lang='grc'>1</span> <span class='ocrx_word' id='word_1_26' title='bbox 337 611 472 666; x_wconf 77' lang='lat' dir='ltr'><strong>facilitate.</strong></span> <span class='ocrx_word' id='word_1_27' title='bbox 508 609 536 664; x_wconf 85' lang='lat' dir='ltr'><strong>Si</strong></span> <span class='ocrx_word' id='word_1_28' title='bbox 552 609 610 678; x_wconf 90' lang='lat' dir='ltr'><strong>quis</strong></span> <span class='ocrx_word' id='word_1_29' title='bbox 627 609 668 662; x_wconf 90' lang='lat' dir='ltr'><strong>his</strong></span> <span class='ocrx_word' id='word_1_30' title='bbox 705 609 819 674; x_wconf 82' lang='lat' dir='ltr'><strong>arsonis,</strong></span> <span class='ocrx_word' id='word_1_31' title='bbox 860 623 911 662; x_wconf 90' lang='lat' dir='ltr'><strong>uae</strong></span> <span class='ocrx_word' id='word_1_32' title='bbox 933 623 1010 676; x_wconf 80' lang='lat' dir='ltr'><strong>agere</strong></span> <span class='ocrx_word' id='word_1_33' title='bbox 1032 623 1086 662; x_wconf 91' lang='lat' dir='ltr'><strong>non</strong></span> <span class='ocrx_word' id='word_1_34' title='bbox 1136 611 1201 660; x_wconf 92' lang='lat' dir='ltr'><strong>tore.</strong></span> <span class='ocrx_word' id='word_1_35' title='bbox 1236 607 1342 676; x_wconf 91' lang='lat' dir='ltr'><strong>quidam</strong></span> <span class='ocrx_word' id='word_1_36' title='bbox 1359 603 1452 668; x_wconf 85' lang='grc' dir='ltr'>ιιιιιιι,</span> <span class='ocrx_word' id='word_1_37' title='bbox 1475 617 1498 656; x_wconf 92' lang='grc' dir='ltr'><strong>ιι</strong></span> <span class='ocrx_word' id='word_1_38' title='bbox 1515 615 1531 654; x_wconf 89' lang='lat' dir='ltr'><strong>a</strong></span> <span class='ocrx_word' id='word_1_39' title='bbox 1547 605 1642 680; x_wconf 79' lang='lat' dir='ltr'><strong>manto</strong></span> <span class='ocrx_word' id='word_1_40' title='bbox 1680 597 1757 652; x_wconf 80' lang='lat' dir='ltr'><strong>andus</strong></span> <span class='ocrx_word' id='word_1_41' title='bbox 1775 601 1871 682; x_wconf 80' lang='lat' dir='ltr'><strong>dotalis</strong></span> <span class='ocrx_word' id='word_1_42' title='bbox 1888 613 1931 682; x_wconf 68' lang='lat' dir='ltr'><strong>pe3</strong></span> 
     </span>
     <span class='ocr_line' id='line_1_5' title="bbox 288 625 1932 748; baseline -0.005 -16"><span class='ocrx_word' id='word_1_43' title='bbox 288 683 437 748; x_wconf 88' lang='lat' dir='ltr'><strong>potueruut,</strong></span> <span class='ocrx_word' id='word_1_44' title='bbox 455 675 636 732; x_wconf 86' lang='lat' dir='ltr'><strong>fideiussorem</strong></span> <span class='ocrx_word' id='word_1_45' title='bbox 648 675 675 730; x_wconf 90' lang='lat' dir='ltr'><strong>iu</strong></span> <span class='ocrx_word' id='word_1_46' title='bbox 695 675 743 730; x_wconf 89' lang='lat' dir='ltr'><strong>&#39;cio</strong></span> <span class='ocrx_word' id='word_1_47' title='bbox 758 625 868 730; x_wconf 68' lang='lat' dir='ltr'><strong>sistendi</strong></span> <span class='ocrx_word' id='word_1_48' title='bbox 881 691 963 730; x_wconf 88' lang='lat' dir='ltr'><strong>eausa</strong></span> <span class='ocrx_word' id='word_1_49' title='bbox 977 675 1086 742; x_wconf 87' lang='lat' dir='ltr'><strong>dederit,</strong></span> <span class='ocrx_word' id='word_1_50' title='bbox 1136 677 1151 726; x_wconf 76' lang='grc' dir='ltr'><strong>ι</strong></span> <span class='ocrx_word' id='word_1_51' title='bbox 1185 677 1272 738; x_wconf 90' lang='lat' dir='ltr'><strong>tatur,</strong></span> <span class='ocrx_word' id='word_1_52' title='bbox 1298 673 1326 728; x_wconf 91' lang='lat' dir='ltr'><strong>iu</strong></span> <span class='ocrx_word' id='word_1_53' title='bbox 1351 687 1407 726; x_wconf 88' lang='lat' dir='ltr'><strong>rem</strong></span> <span class='ocrx_word' id='word_1_54' title='bbox 1429 685 1504 724; x_wconf 90' lang='lat' dir='ltr'><strong>suam</strong></span> <span class='ocrx_word' id='word_1_55' title='bbox 1529 667 1871 748; x_wconf 81' lang='lat' dir='ltr'><strong>fideiussurammuherem.</strong></span> <span class='ocrx_word' id='word_1_56' title='bbox 1907 665 1932 724; x_wconf 69' lang='grc' dir='ltr'><strong>ιι</strong></span> 
     </span>
     <span class='ocr_line' id='line_1_6' title="bbox 288 737 1933 840; baseline -0.005 -42"><span class='ocrx_word' id='word_1_57' title='bbox 288 751 303 798; x_wconf 80' lang='lat'>2</span> <span class='ocrx_word' id='word_1_58' title='bbox 338 743 619 800; x_wconf 85' lang='lat' dir='ltr'><strong>frustra1eritdatia.</strong></span> <span class='ocrx_word' id='word_1_59' title='bbox 654 743 765 796; x_wconf 82' lang='lat' dir='ltr'>Praetor</span> <span class='ocrx_word' id='word_1_60' title='bbox 786 745 837 796; x_wconf 86' lang='lat' dir='ltr'><strong>aii:</strong></span> <span class='ocrx_word' id='word_1_61' title='bbox 857 741 969 810; x_wconf 77' lang='lat' dir='ltr'><strong>‘Siquis</strong></span> <span class='ocrx_word' id='word_1_62' title='bbox 991 757 1086 812; x_wconf 90' lang='lat' dir='ltr'><strong>paren-</strong></span> <span class='ocrx_word' id='word_1_63' title='bbox 1136 757 1226 820; x_wconf 70' lang='lat' dir='ltr'><strong>serras</strong></span> <span class='ocrx_word' id='word_1_64' title='bbox 1243 741 1404 820; x_wconf 60' lang='lat' dir='ltr'><strong>inscriptus,</strong></span> <span class='ocrx_word' id='word_1_65' title='bbox 1428 737 1473 840; x_wconf 64' lang='lat' dir='ltr'><strong>qui</strong></span> <span class='ocrx_word' id='word_1_66' title='bbox 1490 743 1631 818; x_wconf 78' lang='lat' dir='ltr'><strong>antequam</strong></span> <span class='ocrx_word' id='word_1_67' title='bbox 1646 737 1771 792; x_wconf 78' lang='lat' dir='ltr'><strong>radiorum</strong></span> <span class='ocrx_word' id='word_1_68' title='bbox 1789 739 1933 820; x_wconf 79' lang='lat' dir='ltr'><strong>accipiatur</strong></span> 
     </span>
     <span class='ocr_line' id='line_1_7' title="bbox 288 805 1934 890; baseline -0.002 -26"><span class='ocrx_word' id='word_1_69' title='bbox 288 817 363 876; x_wconf 68' lang='lat' dir='ltr'><strong>iem,</strong></span> <span class='ocrx_word' id='word_1_70' title='bbox 388 817 529 880; x_wconf 88' lang='lat' dir='ltr'><strong>patronum</strong></span> <span class='ocrx_word' id='word_1_71' title='bbox 545 815 698 890; x_wconf 84' lang='lat' dir='ltr'><strong>patronam,</strong></span> <span class='ocrx_word' id='word_1_72' title='bbox 719 809 816 864; x_wconf 89' lang='lat' dir='ltr'><strong>liberos</strong></span> <span class='ocrx_word' id='word_1_73' title='bbox 833 813 881 864; x_wconf 91' lang='lat' dir='ltr'><strong>aut</strong></span> <span class='ocrx_word' id='word_1_74' title='bbox 896 815 1021 880; x_wconf 89' lang='lat' dir='ltr'><strong>parentes</strong></span> <span class='ocrx_word' id='word_1_75' title='bbox 1038 825 1086 878; x_wconf 89' lang='lat' dir='ltr'><strong>pa·</strong></span> <span class='ocrx_word' id='word_1_76' title='bbox 1136 807 1264 862; x_wconf 83' lang='lat' dir='ltr'><strong>fideiussrt</strong></span> <span class='ocrx_word' id='word_1_77' title='bbox 1280 807 1425 862; x_wconf 77' lang='lat' dir='ltr'><strong>iudicatum</strong></span> <span class='ocrx_word' id='word_1_78' title='bbox 1460 805 1539 862; x_wconf 76' lang='lat' dir='ltr'><strong>solur:</strong></span> <span class='ocrx_word' id='word_1_79' title='bbox 1562 805 1767 862; x_wconf 87' lang='lat' dir='ltr'><strong>succurrendum</strong></span> <span class='ocrx_word' id='word_1_80' title='bbox 1786 811 1827 862; x_wconf 91' lang='lat' dir='ltr'><strong>est</strong></span> <span class='ocrx_word' id='word_1_81' title='bbox 1844 811 1934 874; x_wconf 78' lang='lat' dir='ltr'><strong>actori,</strong></span> 
     </span>
     <span class='ocr_line' id='line_1_8' title="bbox 288 873 1934 946; baseline -0.002 -14"><span class='ocrx_word' id='word_1_82' title='bbox 288 879 366 934; x_wconf 80' lang='lat' dir='ltr'><strong>‘moni</strong></span> <span class='ocrx_word' id='word_1_83' title='bbox 381 883 519 946; x_wconf 89' lang='lat' dir='ltr'><strong>patronae,</strong></span> <span class='ocrx_word' id='word_1_84' title='bbox 535 877 663 932; x_wconf 90' lang='lat' dir='ltr'><strong>bberosve</strong></span> <span class='ocrx_word' id='word_1_85' title='bbox 680 891 742 932; x_wconf 90' lang='lat' dir='ltr'><strong>suos</strong></span> <span class='ocrx_word' id='word_1_86' title='bbox 761 893 851 934; x_wconf 82' lang='lat' dir='ltr'><strong>eumve</strong></span> <span class='ocrx_word' id='word_1_87' title='bbox 865 893 942 946; x_wconf 89' lang='lat' dir='ltr'><strong>quern</strong></span> <span class='ocrx_word' id='word_1_88' title='bbox 955 877 984 930; x_wconf 91' lang='lat' dir='ltr'><strong>in</strong></span> <span class='ocrx_word' id='word_1_89' title='bbox 997 881 1085 946; x_wconf 87' lang='lat' dir='ltr'><strong>potes·</strong></span> <span class='ocrx_word' id='word_1_90' title='bbox 1135 881 1166 930; x_wconf 89' lang='grc' dir='ltr'><strong>ιιι</strong></span> <span class='ocrx_word' id='word_1_91' title='bbox 1184 891 1216 930; x_wconf 85' lang='lat' dir='ltr'><strong>ex</strong></span> <span class='ocrx_word' id='word_1_92' title='bbox 1232 875 1333 946; x_wconf 86' lang='lat' dir='ltr'><strong>integro</strong></span> <span class='ocrx_word' id='word_1_93' title='bbox 1352 877 1502 928; x_wconf 71' lang='lat' dir='ltr'><strong>caveaturl.</strong></span> <span class='ocrx_word' id='word_1_94' title='bbox 1528 873 1623 928; x_wconf 90' lang='lat' dir='ltr'><strong>minori</strong></span> <span class='ocrx_word' id='word_1_95' title='bbox 1637 889 1742 944; x_wconf 89' lang='lat' dir='ltr'><strong>quoque</strong></span> <span class='ocrx_word' id='word_1_96' title='bbox 1756 875 1847 944; x_wconf 75' lang='lat' dir='ltr'><strong>viginti</strong></span> <span class='ocrx_word' id='word_1_97' title='bbox 1861 873 1934 946; x_wconf 61' lang='lat' dir='ltr'><strong>quin:</strong></span> 
     </span>
     <span class='ocr_line' id='line_1_9' title="bbox 287 943 1933 1014; baseline -0.001 -16"><span class='ocrx_word' id='word_1_98' title='bbox 287 949 351 1000; x_wconf 79' lang='lat' dir='ltr'><strong>‘tate</strong></span> <span class='ocrx_word' id='word_1_99' title='bbox 368 945 483 1010; x_wconf 81' lang='lat' dir='ltr'>habebit,</span> <span class='ocrx_word' id='word_1_100' title='bbox 500 945 540 1000; x_wconf 87' lang='lat' dir='ltr'><strong>rel</strong></span> <span class='ocrx_word' id='word_1_101' title='bbox 557 959 674 1008; x_wconf 76' lang='lat' dir='ltr'><strong>uxorem</strong></span> <span class='ocrx_word' id='word_1_102' title='bbox 692 945 732 998; x_wconf 82' lang='lat' dir='ltr'><strong>vel</strong></span> <span class='ocrx_word' id='word_1_103' title='bbox 749 961 846 1000; x_wconf 90' lang='lat' dir='ltr'><strong>nurum</strong></span> <span class='ocrx_word' id='word_1_104' title='bbox 861 945 890 998; x_wconf 92' lang='lat' dir='ltr'><strong>in</strong></span> <span class='ocrx_word' id='word_1_105' title='bbox 902 943 1027 1000; x_wconf 90' lang='lat' dir='ltr'><strong>iudicium</strong></span> <span class='ocrx_word' id='word_1_106' title='bbox 1040 961 1085 1000; x_wconf 90' lang='grc' dir='ltr'><strong>ιο-</strong></span> <span class='ocrx_word' id='word_1_107' title='bbox 1136 959 1187 1014; x_wconf 94' lang='lat' dir='ltr'><strong>que</strong></span> <span class='ocrx_word' id='word_1_108' title='bbox 1205 943 1281 998; x_wconf 89' lang='lat' dir='ltr'><strong>annis</strong></span> <span class='ocrx_word' id='word_1_109' title='bbox 1298 943 1504 998; x_wconf 88' lang='lat' dir='ltr'><strong>succurrendum</strong></span> <span class='ocrx_word' id='word_1_110' title='bbox 1521 947 1569 1008; x_wconf 90' lang='lat' dir='ltr'><strong>est,</strong></span> <span class='ocrx_word' id='word_1_111' title='bbox 1586 943 1700 998; x_wconf 87' lang='lat' dir='ltr'><strong>fortasse</strong></span> <span class='ocrx_word' id='word_1_112' title='bbox 1712 949 1738 998; x_wconf 92' lang='lat' dir='ltr'><strong>et</strong></span> <span class='ocrx_word' id='word_1_113' title='bbox 1746 943 1848 998; x_wconf 90' lang='lat' dir='ltr'><strong>mulieri</strong></span> <span class='ocrx_word' id='word_1_114' title='bbox 1856 959 1933 1012; x_wconf 85' lang='lat' dir='ltr'><strong>prop·</strong></span> 
     </span>
     <span class='ocr_line' id='line_1_10' title="bbox 288 1009 1934 1082; baseline -0.001 -14"><span class='ocrx_word' id='word_1_115' title='bbox 288 1015 381 1068; x_wconf 76' lang='lat' dir='ltr'><strong>‘cabitz</strong></span> <span class='ocrx_word' id='word_1_116' title='bbox 399 1013 595 1082; x_wconf 88' lang='lat' dir='ltr'><strong>qualiscumque</strong></span> <span class='ocrx_word' id='word_1_117' title='bbox 611 1011 751 1068; x_wconf 85' lang='lat' dir='ltr'><strong>fideiussor</strong></span> <span class='ocrx_word' id='word_1_118' title='bbox 767 1013 864 1068; x_wconf 90' lang='lat' dir='ltr'><strong>iudicio</strong></span> <span class='ocrx_word' id='word_1_119' title='bbox 882 1011 991 1066; x_wconf 82' lang='lat' dir='ltr'>sistendi</span> <span class='ocrx_word' id='word_1_120' title='bbox 1004 1027 1087 1066; x_wconf 78' lang='lat' dir='ltr'><strong>cauta</strong></span> <span class='ocrx_word' id='word_1_121' title='bbox 1136 1017 1152 1066; x_wconf 85' lang='lat'><strong>3</strong></span> <span class='ocrx_word' id='word_1_122' title='bbox 1185 1015 1227 1066; x_wconf 89' lang='lat' dir='ltr'><strong>ter</strong></span> <span class='ocrx_word' id='word_1_123' title='bbox 1244 1011 1410 1080; x_wconf 78' lang='lat' dir='ltr'><strong>imperitiam.</strong></span> <span class='ocrx_word' id='word_1_124' title='bbox 1447 1009 1475 1064; x_wconf 82' lang='lat' dir='ltr'><strong>Si</strong></span> <span class='ocrx_word' id='word_1_125' title='bbox 1491 1009 1631 1066; x_wconf 90' lang='lat' dir='ltr'><strong>fideiussor</strong></span> <span class='ocrx_word' id='word_1_126' title='bbox 1649 1011 1795 1066; x_wconf 90' lang='lat' dir='ltr'><strong>iudicatum</strong></span> <span class='ocrx_word' id='word_1_127' title='bbox 1810 1011 1875 1066; x_wconf 80' lang='lat' dir='ltr'><strong>solvi</strong></span> <span class='ocrx_word' id='word_1_128' title='bbox 1889 1013 1934 1066; x_wconf 89' lang='lat' dir='ltr'><strong>sti·</strong></span> 
     </span>
     <span class='ocr_line' id='line_1_11' title="bbox 288 1079 1935 1150; baseline 0 -16"><span class='ocrx_word' id='word_1_129' title='bbox 288 1085 303 1134; x_wconf 84' lang='lat'><strong>3</strong></span> <span class='ocrx_word' id='word_1_130' title='bbox 338 1081 509 1148; x_wconf 70' lang='lat' dir='ltr'><strong>‘accipiatur’</strong></span> <span class='ocrx_word' id='word_1_131' title='bbox 536 1079 612 1148; x_wconf 79' lang='lat' dir='ltr'><strong>Quod</strong></span> <span class='ocrx_word' id='word_1_132' title='bbox 626 1081 663 1132; x_wconf 91' lang='lat' dir='ltr'><strong>ait</strong></span> <span class='ocrx_word' id='word_1_133' title='bbox 677 1087 784 1150; x_wconf 88' lang='lat' dir='ltr'><strong>praetor</strong></span> <span class='ocrx_word' id='word_1_134' title='bbox 794 1081 930 1136; x_wconf 82' lang='lat' dir='ltr'><strong>‘liberosve</strong></span> <span class='ocrx_word' id='word_1_135' title='bbox 945 1081 1025 1146; x_wconf 87' lang='lat' dir='ltr'><strong>suos&#39;,</strong></span> <span class='ocrx_word' id='word_1_136' title='bbox 1041 1093 1086 1136; x_wconf 91' lang='lat' dir='ltr'><strong>ac·</strong></span> <span class='ocrx_word' id='word_1_137' title='bbox 1136 1079 1251 1150; x_wconf 84' lang='lat' dir='ltr'><strong>palatori</strong></span> <span class='ocrx_word' id='word_1_138' title='bbox 1268 1081 1343 1134; x_wconf 89' lang='lat' dir='ltr'><strong>heres</strong></span> <span class='ocrx_word' id='word_1_139' title='bbox 1361 1079 1477 1132; x_wconf 84' lang='lat' dir='ltr'><strong>extiterit</strong></span> <span class='ocrx_word' id='word_1_140' title='bbox 1494 1085 1541 1134; x_wconf 88' lang='lat' dir='ltr'><strong>aui</strong></span> <span class='ocrx_word' id='word_1_141' title='bbox 1559 1081 1698 1150; x_wconf 76' lang='lat' dir='ltr'><strong>stipulator</strong></span> <span class='ocrx_word' id='word_1_142' title='bbox 1720 1079 1883 1146; x_wconf 86' lang='lat' dir='ltr'><strong>fideiussori,</strong></span> <span class='ocrx_word' id='word_1_143' title='bbox 1906 1095 1935 1136; x_wconf 89' lang='grc' dir='ltr'><strong>ιιι</strong></span> 
     </span>
     <span class='ocr_line' id='line_1_12' title="bbox 287 1147 1935 1218; baseline -0.001 -14"><span class='ocrx_word' id='word_1_144' title='bbox 287 1147 413 1218; x_wconf 89' lang='lat' dir='ltr'><strong>cipiemns</strong></span> <span class='ocrx_word' id='word_1_145' title='bbox 431 1153 457 1202; x_wconf 92' lang='lat' dir='ltr'><strong>et</strong></span> <span class='ocrx_word' id='word_1_146' title='bbox 480 1163 513 1202; x_wconf 80' lang='lat' dir='ltr'><strong>ex</strong></span> <span class='ocrx_word' id='word_1_147' title='bbox 533 1147 659 1201; x_wconf 88' lang='lat' dir='ltr'><strong>feminino</strong></span> <span class='ocrx_word' id='word_1_148' title='bbox 682 1163 747 1204; x_wconf 83' lang='lat' dir='ltr'><strong>sexu</strong></span> <span class='ocrx_word' id='word_1_149' title='bbox 770 1147 959 1204; x_wconf 79' lang='lat' dir='ltr'><strong>descendentes</strong></span> <span class='ocrx_word' id='word_1_150' title='bbox 981 1147 1085 1204; x_wconf 89' lang='lat' dir='ltr'><strong>liberos.</strong></span> <span class='ocrx_word' id='word_1_151' title='bbox 1136 1153 1153 1200; x_wconf 90' lang='grc'>4</span> <span class='ocrx_word' id='word_1_152' title='bbox 1186 1147 1287 1216; x_wconf 85' lang='lat' dir='ltr'><strong>integro</strong></span> <span class='ocrx_word' id='word_1_153' title='bbox 1307 1147 1452 1202; x_wconf 83' lang='lat' dir='ltr'><strong>carendum</strong></span> <span class='ocrx_word' id='word_1_154' title='bbox 1469 1147 1527 1202; x_wconf 87' lang='lat' dir='ltr'><strong>erit.</strong></span> <span class='ocrx_word' id='word_1_155' title='bbox 1562 1147 1647 1202; x_wconf 87' lang='lat' dir='ltr'><strong>Tutor</strong></span> <span class='ocrx_word' id='word_1_156' title='bbox 1664 1153 1691 1202; x_wconf 93' lang='lat' dir='ltr'><strong>et</strong></span> <span class='ocrx_word' id='word_1_157' title='bbox 1707 1153 1821 1214; x_wconf 89' lang='lat' dir='ltr'><strong>curator,</strong></span> <span class='ocrx_word' id='word_1_158' title='bbox 1839 1155 1935 1204; x_wconf 88' lang='lat' dir='ltr'><strong>utrem</strong></span> 
     </span>
     <span class='ocr_line' id='line_1_13' title="bbox 286 1213 1936 1296; baseline 0 -26"><span class='ocrx_word' id='word_1_159' title='bbox 286 1215 441 1296; x_wconf 87' lang='lat' dir='ltr'><strong>parentique</strong></span> <span class='ocrx_word' id='word_1_160' title='bbox 463 1213 584 1270; x_wconf 81' lang='lat' dir='ltr'><strong>dabimus</strong></span> <span class='ocrx_word' id='word_1_161' title='bbox 606 1215 657 1270; x_wconf 90' lang='lat' dir='ltr'><strong>hoc</strong></span> <span class='ocrx_word' id='word_1_162' title='bbox 680 1215 837 1270; x_wconf 88' lang='lat' dir='ltr'><strong>beneficium</strong></span> <span class='ocrx_word' id='word_1_163' title='bbox 859 1231 914 1270; x_wconf 89' lang='lat' dir='ltr'><strong>non</strong></span> <span class='ocrx_word' id='word_1_164' title='bbox 936 1215 1022 1270; x_wconf 89' lang='lat' dir='ltr'><strong>solum</strong></span> <span class='ocrx_word' id='word_1_165' title='bbox 1046 1217 1087 1270; x_wconf 90' lang='lat' dir='ltr'><strong>sui</strong></span> <span class='ocrx_word' id='word_1_166' title='bbox 1137 1215 1236 1270; x_wconf 85' lang='lat' dir='ltr'><strong>salvam</strong></span> <span class='ocrx_word' id='word_1_167' title='bbox 1253 1213 1310 1270; x_wconf 87' lang='lat' dir='ltr'><strong>fore</strong></span> <span class='ocrx_word' id='word_1_168' title='bbox 1326 1215 1427 1285; x_wconf 87' lang='lat' dir='ltr'><strong>pupilla</strong></span> <span class='ocrx_word' id='word_1_169' title='bbox 1445 1219 1569 1282; x_wconf 82' lang='lat' dir='ltr'><strong>caveant,</strong></span> <span class='ocrx_word' id='word_1_170' title='bbox 1592 1217 1713 1272; x_wconf 87' lang='lat' dir='ltr'><strong>mittendi</strong></span> <span class='ocrx_word' id='word_1_171' title='bbox 1730 1217 1837 1270; x_wconf 86' lang='lat' dir='ltr'><strong>suntin</strong></span> <span class='ocrx_word' id='word_1_172' title='bbox 1854 1217 1936 1270; x_wconf 84' lang='lat' dir='ltr'><strong>muni-</strong></span> 
     </span>
     <span class='ocr_line' id='line_1_14' title="bbox 285 1281 1937 1354; baseline 0.002 -18"><span class='ocrx_word' id='word_1_173' title='bbox 285 1283 360 1348; x_wconf 87' lang='lat' dir='ltr'><strong>ruris,</strong></span> <span class='ocrx_word' id='word_1_174' title='bbox 378 1281 425 1336; x_wconf 91' lang='lat' dir='ltr'><strong>sed</strong></span> <span class='ocrx_word' id='word_1_175' title='bbox 442 1281 520 1336; x_wconf 91' lang='lat' dir='ltr'><strong>etiam</strong></span> <span class='ocrx_word' id='word_1_176' title='bbox 537 1283 560 1336; x_wconf 89' lang='lat' dir='ltr'><strong>si</strong></span> <span class='ocrx_word' id='word_1_177' title='bbox 577 1283 604 1336; x_wconf 91' lang='lat' dir='ltr'><strong>in</strong></span> <span class='ocrx_word' id='word_1_178' title='bbox 620 1287 753 1352; x_wconf 80' lang='lat' dir='ltr'><strong>potestate</strong></span> <span class='ocrx_word' id='word_1_179' title='bbox 767 1285 802 1340; x_wconf 91' lang='lat' dir='ltr'><strong>sit</strong></span> <span class='ocrx_word' id='word_1_180' title='bbox 816 1283 942 1338; x_wconf 82' lang='grc' dir='ltr'>ιιιιιιιιιιι</span> <span class='ocrx_word' id='word_1_181' title='bbox 959 1283 1087 1338; x_wconf 92' lang='lat' dir='ltr'><strong>hocenim</strong></span> <span class='ocrx_word' id='word_1_182' title='bbox 1138 1283 1236 1354; x_wconf 90' lang='lat' dir='ltr'><strong>cipium</strong></span> <span class='ocrx_word' id='word_1_183' title='bbox 1245 1285 1263 1348; x_wconf 85' lang='lat'><strong>⁸,</strong></span> <span class='ocrx_word' id='word_1_184' title='bbox 1282 1283 1344 1352; x_wconf 88' lang='lat' dir='ltr'><strong>quia</strong></span> <span class='ocrx_word' id='word_1_185' title='bbox 1360 1283 1512 1336; x_wconf 90' lang='lat' dir='ltr'><strong>necessaria</strong></span> <span class='ocrx_word' id='word_1_186' title='bbox 1529 1289 1570 1336; x_wconf 88' lang='lat' dir='ltr'><strong>est</strong></span> <span class='ocrx_word' id='word_1_187' title='bbox 1593 1285 1746 1340; x_wconf 85' lang='lat' dir='ltr'><strong>satisdatio:</strong></span> <span class='ocrx_word' id='word_1_188' title='bbox 1769 1285 1833 1338; x_wconf 89' lang='lat' dir='ltr'><strong>item</strong></span> <span class='ocrx_word' id='word_1_189' title='bbox 1856 1285 1889 1336; x_wconf 93' lang='lat' dir='ltr'><strong>de</strong></span> <span class='ocrx_word' id='word_1_190' title='bbox 1911 1301 1937 1340; x_wconf 87' lang='lat' dir='ltr'><strong>re</strong></span> 
     </span>
     <span class='ocr_line' id='line_1_15' title="bbox 286 1349 1937 1420; baseline 0.001 -15"><span class='ocrx_word' id='word_1_191' title='bbox 286 1349 448 1420; x_wconf 87' lang='lat' dir='ltr'><strong>Pomponius</strong></span> <span class='ocrx_word' id='word_1_192' title='bbox 467 1351 565 1404; x_wconf 81' lang='lat' dir='ltr'><strong>scribit.</strong></span> <span class='ocrx_word' id='word_1_193' title='bbox 590 1357 616 1404; x_wconf 92' lang='lat' dir='ltr'><strong>et</strong></span> <span class='ocrx_word' id='word_1_194' title='bbox 632 1351 702 1408; x_wconf 90' lang='lat' dir='ltr'><strong>filius</strong></span> <span class='ocrx_word' id='word_1_195' title='bbox 719 1351 859 1408; x_wconf 88' lang='lat' dir='ltr'><strong>fideiussor</strong></span> <span class='ocrx_word' id='word_1_196' title='bbox 875 1367 924 1420; x_wconf 90' lang='lat' dir='ltr'><strong>pro</strong></span> <span class='ocrx_word' id='word_1_197' title='bbox 941 1357 1017 1420; x_wconf 88' lang='lat' dir='ltr'><strong>patre</strong></span> <span class='ocrx_word' id='word_1_198' title='bbox 1029 1351 1088 1406; x_wconf 88' lang='lat' dir='ltr'><strong>fieri</strong></span> <span class='ocrx_word' id='word_1_199' title='bbox 1136 1351 1300 1406; x_wconf 88' lang='lat' dir='ltr'><strong>restituenda</strong></span> <span class='ocrx_word' id='word_1_200' title='bbox 1312 1351 1416 1406; x_wconf 89' lang='lat' dir='ltr'><strong>domino</strong></span> <span class='ocrx_word' id='word_1_201' title='bbox 1429 1351 1624 1420; x_wconf 64' lang='lat' dir='ltr'><strong>proprietariae</strong></span> <span class='ocrx_word' id='word_1_202' title='bbox 1643 1355 1718 1408; x_wconf 91' lang='lat' dir='ltr'><strong>cuius</strong></span> <span class='ocrx_word' id='word_1_203' title='bbox 1728 1355 1749 1386; x_wconf 89' lang='lat'><strong>¹⁰</strong></span> <span class='ocrx_word' id='word_1_204' title='bbox 1761 1369 1826 1408; x_wconf 90' lang='grc' dir='ltr'>ιιιιιι</span> <span class='ocrx_word' id='word_1_205' title='bbox 1837 1351 1937 1412; x_wconf 80' lang='lat' dir='ltr'><strong>burim</strong></span> 
     </span>
     <span class='ocr_line' id='line_1_16' title="bbox 286 1417 1939 1490; baseline 0 -16"><span class='ocrx_word' id='word_1_206' title='bbox 286 1423 382 1488; x_wconf 87' lang='lat' dir='ltr'><strong>potest,</strong></span> <span class='ocrx_word' id='word_1_207' title='bbox 401 1417 479 1474; x_wconf 89' lang='lat' dir='ltr'><strong>etiam</strong></span> <span class='ocrx_word' id='word_1_208' title='bbox 496 1417 519 1472; x_wconf 92' lang='lat' dir='ltr'><strong>si</strong></span> <span class='ocrx_word' id='word_1_209' title='bbox 534 1417 561 1472; x_wconf 89' lang='lat' dir='ltr'><strong>ia</strong></span> <span class='ocrx_word' id='word_1_210' title='bbox 576 1419 682 1474; x_wconf 90' lang='lat' dir='ltr'><strong>alterius</strong></span> <span class='ocrx_word' id='word_1_211' title='bbox 696 1425 828 1490; x_wconf 88' lang='lat' dir='ltr'><strong>potestate</strong></span> <span class='ocrx_word' id='word_1_212' title='bbox 843 1417 885 1474; x_wconf 90' lang='lat' dir='ltr'><strong>sit.</strong></span> <span class='ocrx_word' id='word_1_213' title='bbox 903 1435 999 1474; x_wconf 89' lang='lat' dir='ltr'><strong>nurum</strong></span> <span class='ocrx_word' id='word_1_214' title='bbox 1008 1419 1088 1474; x_wconf 89' lang='lat' dir='ltr'><strong>etiam</strong></span> <span class='ocrx_word' id='word_1_215' title='bbox 1138 1417 1216 1474; x_wconf 89' lang='lat' dir='ltr'><strong>datus</strong></span> <span class='ocrx_word' id='word_1_216' title='bbox 1231 1423 1284 1474; x_wconf 86' lang='lat' dir='ltr'><strong>est:</strong></span> <span class='ocrx_word' id='word_1_217' title='bbox 1302 1421 1365 1474; x_wconf 89' lang='lat' dir='ltr'><strong>item</strong></span> <span class='ocrx_word' id='word_1_218' title='bbox 1378 1419 1530 1490; x_wconf 84' lang='lat' dir='ltr'><strong>legatarius,</strong></span> <span class='ocrx_word' id='word_1_219' title='bbox 1543 1425 1575 1476; x_wconf 88' lang='lat' dir='ltr'><strong>ut</strong></span> <span class='ocrx_word' id='word_1_220' title='bbox 1589 1427 1681 1476; x_wconf 86' lang='lat' dir='ltr'><strong>careat</strong></span> <span class='ocrx_word' id='word_1_221' title='bbox 1695 1421 1781 1476; x_wconf 83' lang='lat' dir='ltr'><strong>evicta</strong></span> <span class='ocrx_word' id='word_1_222' title='bbox 1795 1419 1939 1480; x_wconf 65' lang='lat' dir='ltr'><strong>hereditat,</strong></span> 
     </span>
     <span class='ocr_line' id='line_1_17' title="bbox 287 1487 1938 1558; baseline 0.002 -18"><span class='ocrx_word' id='word_1_223' title='bbox 287 1495 303 1540; x_wconf 85' lang='lat'>4</span> <span class='ocrx_word' id='word_1_224' title='bbox 335 1501 480 1556; x_wconf 89' lang='lat' dir='ltr'><strong>pronurum</strong></span> <span class='ocrx_word' id='word_1_225' title='bbox 503 1491 528 1540; x_wconf 92' lang='lat' dir='ltr'><strong>et</strong></span> <span class='ocrx_word' id='word_1_226' title='bbox 550 1487 673 1558; x_wconf 85' lang='lat' dir='ltr'><strong>deinceps</strong></span> <span class='ocrx_word' id='word_1_227' title='bbox 700 1489 820 1558; x_wconf 91' lang='lat' dir='ltr'><strong>accipere</strong></span> <span class='ocrx_word' id='word_1_228' title='bbox 843 1487 977 1542; x_wconf 90' lang='lat' dir='ltr'><strong>debemus.</strong></span> <span class='ocrx_word' id='word_1_229' title='bbox 1011 1487 1089 1556; x_wconf 75' lang='lat' dir='ltr'><strong>Quod</strong></span> <span class='ocrx_word' id='word_1_230' title='bbox 1137 1487 1224 1556; x_wconf 82' lang='lat' dir='ltr'><strong>legata</strong></span> <span class='ocrx_word' id='word_1_231' title='bbox 1246 1487 1335 1552; x_wconf 86' lang='lat' dir='ltr'><strong>reddi,</strong></span> <span class='ocrx_word' id='word_1_232' title='bbox 1362 1495 1389 1542; x_wconf 92' lang='lat' dir='ltr'><strong>et</strong></span> <span class='ocrx_word' id='word_1_233' title='bbox 1412 1489 1483 1558; x_wconf 93' lang='lat' dir='ltr'><strong>quod</strong></span> <span class='ocrx_word' id='word_1_234' title='bbox 1500 1505 1543 1544; x_wconf 89' lang='lat' dir='ltr'><strong>am</strong></span> <span class='ocrx_word' id='word_1_235' title='bbox 1562 1489 1612 1546; x_wconf 91' lang='lat' dir='ltr'><strong>lius</strong></span> <span class='ocrx_word' id='word_1_236' title='bbox 1629 1505 1678 1558; x_wconf 88' lang='lat' dir='ltr'><strong>per</strong></span> <span class='ocrx_word' id='word_1_237' title='bbox 1694 1491 1778 1558; x_wconf 83' lang='lat' dir='ltr'><strong>legem</strong></span> <span class='ocrx_word' id='word_1_238' title='bbox 1795 1489 1938 1546; x_wconf 85' lang='lat' dir='ltr'><strong>Falcidiam</strong></span> 
     </span>
     <span class='ocr_line' id='line_1_18' title="bbox 287 1505 1938 1626; baseline 0 -16"><span class='ocrx_word' id='word_1_239' title='bbox 287 1555 324 1610; x_wconf 86' lang='lat' dir='ltr'><strong>ait</strong></span> <span class='ocrx_word' id='word_1_240' title='bbox 341 1559 448 1624; x_wconf 87' lang='lat' dir='ltr'><strong>praetor</strong></span> <span class='ocrx_word' id='word_1_241' title='bbox 464 1555 671 1626; x_wconf 85' lang='lat' dir='ltr'><strong>‘qualiscumque</strong></span> <span class='ocrx_word' id='word_1_242' title='bbox 688 1555 827 1610; x_wconf 89' lang='lat' dir='ltr'><strong>fideiussor</strong></span> <span class='ocrx_word' id='word_1_243' title='bbox 844 1555 1013 1624; x_wconf 88' lang='lat' dir='ltr'><strong>accipiatur&#39;:</strong></span> <span class='ocrx_word' id='word_1_244' title='bbox 1036 1555 1088 1610; x_wconf 93' lang='lat' dir='ltr'><strong>hoc</strong></span> <span class='ocrx_word' id='word_1_245' title='bbox 1139 1555 1250 1624; x_wconf 77' lang='lat' dir='ltr'><strong>ceperitr</strong></span> <span class='ocrx_word' id='word_1_246' title='bbox 1274 1555 1351 1608; x_wconf 85' lang='lat' dir='ltr'><strong>heres</strong></span> <span class='ocrx_word' id='word_1_247' title='bbox 1375 1571 1479 1624; x_wconf 90' lang='lat' dir='ltr'><strong>quoque</strong></span> <span class='ocrx_word' id='word_1_248' title='bbox 1496 1561 1527 1612; x_wconf 90' lang='lat' dir='ltr'><strong>ut</strong></span> <span class='ocrx_word' id='word_1_249' title='bbox 1543 1505 1689 1626; x_wconf 60' lang='lat' dir='ltr'><strong>fagetomm</strong></span> <span class='ocrx_word' id='word_1_250' title='bbox 1706 1557 1817 1612; x_wconf 88' lang='lat' dir='ltr'><strong>satisdet</strong></span> <span class='ocrx_word' id='word_1_251' title='bbox 1833 1555 1938 1610; x_wconf 90' lang='lat' dir='ltr'><strong>audien·</strong></span> 
     </span>
     <span class='ocr_line' id='line_1_19' title="bbox 287 1621 1938 1696; baseline 0 -18"><span class='ocrx_word' id='word_1_252' title='bbox 287 1627 414 1692; x_wconf 89' lang='lat' dir='ltr'><strong>quantum</strong></span> <span class='ocrx_word' id='word_1_253' title='bbox 440 1623 476 1678; x_wconf 92' lang='lat' dir='ltr'><strong>ad</strong></span> <span class='ocrx_word' id='word_1_254' title='bbox 500 1621 656 1690; x_wconf 85' lang='lat' dir='ltr'><strong>facultates,</strong></span> <span class='ocrx_word' id='word_1_255' title='bbox 680 1623 707 1676; x_wconf 93' lang='lat' dir='ltr'><strong>id</strong></span> <span class='ocrx_word' id='word_1_256' title='bbox 731 1627 772 1678; x_wconf 91' lang='lat' dir='ltr'><strong>est</strong></span> <span class='ocrx_word' id='word_1_257' title='bbox 794 1621 873 1678; x_wconf 91' lang='lat' dir='ltr'><strong>etiam</strong></span> <span class='ocrx_word' id='word_1_258' title='bbox 890 1637 944 1678; x_wconf 88' lang='lat' dir='ltr'><strong>non</strong></span> <span class='ocrx_word' id='word_1_259' title='bbox 960 1623 1087 1692; x_wconf 84' lang='lat' dir='ltr'><strong>locuples.</strong></span> <span class='ocrx_word' id='word_1_260' title='bbox 1139 1621 1189 1678; x_wconf 85' lang='lat' dir='ltr'><strong>dua</strong></span> <span class='ocrx_word' id='word_1_261' title='bbox 1207 1627 1255 1688; x_wconf 85' lang='lat' dir='ltr'><strong>est,</strong></span> <span class='ocrx_word' id='word_1_262' title='bbox 1273 1627 1304 1676; x_wconf 91' lang='lat' dir='ltr'><strong>ut</strong></span> <span class='ocrx_word' id='word_1_263' title='bbox 1319 1621 1348 1676; x_wconf 89' lang='lat' dir='ltr'><strong>in</strong></span> <span class='ocrx_word' id='word_1_264' title='bbox 1364 1625 1536 1694; x_wconf 88' lang='lat' dir='ltr'><strong>municipium</strong></span> <span class='ocrx_word' id='word_1_265' title='bbox 1552 1627 1680 1680; x_wconf 89' lang='lat' dir='ltr'><strong>mittatur.</strong></span> <span class='ocrx_word' id='word_1_266' title='bbox 1715 1627 1794 1696; x_wconf 90' lang='lat' dir='ltr'><strong>plane</strong></span> <span class='ocrx_word' id='word_1_267' title='bbox 1817 1625 1840 1678; x_wconf 90' lang='grc' dir='ltr'><strong>ιι</strong></span> <span class='ocrx_word' id='word_1_268' title='bbox 1862 1623 1938 1678; x_wconf 87' lang='lat' dir='ltr'><strong>misso</strong></span> 
     </span>
     <span class='ocr_line' id='line_1_20' title="bbox 286 1689 1939 1762; baseline 0.002 -18"><span class='ocrx_word' id='word_1_269' title='bbox 286 1695 300 1744; x_wconf 82' lang='grc' dir='ltr'><strong>ι</strong></span> <span class='ocrx_word' id='word_1_270' title='bbox 336 1691 566 1758; x_wconf 90' lang='lat' dir='ltr'><strong>lniideiussorem,</strong></span> <span class='ocrx_word' id='word_1_271' title='bbox 581 1693 627 1762; x_wconf 89' lang='lat' dir='ltr'><strong>qui</strong></span> <span class='ocrx_word' id='word_1_272' title='bbox 635 1693 748 1760; x_wconf 88' lang='lat' dir='ltr'><strong>aliquem</strong></span> <span class='ocrx_word' id='word_1_273' title='bbox 756 1689 854 1744; x_wconf 89' lang='lat' dir='ltr'><strong>iudicio</strong></span> <span class='ocrx_word' id='word_1_274' title='bbox 863 1691 921 1746; x_wconf 90' lang='lat' dir='ltr'><strong>sisti</strong></span> <span class='ocrx_word' id='word_1_275' title='bbox 929 1691 1087 1760; x_wconf 88' lang='lat' dir='ltr'><strong>promiserit,</strong></span> <span class='ocrx_word' id='word_1_276' title='bbox 1138 1689 1191 1744; x_wconf 88' lang='lat' dir='ltr'><strong>iam</strong></span> <span class='ocrx_word' id='word_1_277' title='bbox 1217 1691 1343 1760; x_wconf 79' lang='lat' dir='ltr'><strong>legatario</strong></span> <span class='ocrx_word' id='word_1_278' title='bbox 1368 1691 1397 1744; x_wconf 91' lang='lat' dir='ltr'><strong>in</strong></span> <span class='ocrx_word' id='word_1_279' title='bbox 1421 1693 1629 1762; x_wconf 89' lang='lat' dir='ltr'><strong>possessionem,</strong></span> <span class='ocrx_word' id='word_1_280' title='bbox 1662 1709 1723 1748; x_wconf 89' lang='lat' dir='ltr'><strong>cum</strong></span> <span class='ocrx_word' id='word_1_281' title='bbox 1747 1707 1796 1762; x_wconf 89' lang='lat' dir='ltr'><strong>per</strong></span> <span class='ocrx_word' id='word_1_282' title='bbox 1819 1693 1939 1748; x_wconf 87' lang='lat' dir='ltr'><strong>heredem</strong></span> 
     </span>
     <span class='ocr_line' id='line_1_21' title="bbox 285 1759 1939 1830; baseline 0 -16"><span class='ocrx_word' id='word_1_283' title='bbox 285 1759 354 1814; x_wconf 87' lang='lat' dir='ltr'><strong>tanti</strong></span> <span class='ocrx_word' id='word_1_284' title='bbox 371 1761 464 1830; x_wconf 89' lang='lat' dir='ltr'><strong>quanti</strong></span> <span class='ocrx_word' id='word_1_285' title='bbox 480 1777 512 1816; x_wconf 91' lang='lat' dir='ltr'><strong>ea</strong></span> <span class='ocrx_word' id='word_1_286' title='bbox 528 1777 570 1816; x_wconf 88' lang='lat' dir='ltr'><strong>res</strong></span> <span class='ocrx_word' id='word_1_287' title='bbox 589 1759 639 1814; x_wconf 90' lang='lat' dir='ltr'><strong>erit</strong></span> <span class='ocrx_word' id='word_1_288' title='bbox 655 1759 785 1814; x_wconf 87' lang='lat' dir='ltr'><strong>actionem</strong></span> <span class='ocrx_word' id='word_1_289' title='bbox 803 1759 849 1812; x_wconf 92' lang='lat' dir='ltr'><strong>dat</strong></span> <span class='ocrx_word' id='word_1_290' title='bbox 866 1765 982 1828; x_wconf 88' lang='lat' dir='ltr'><strong>praetor.</strong></span> <span class='ocrx_word' id='word_1_291' title='bbox 1017 1759 1089 1828; x_wconf 89' lang='lat' dir='ltr'><strong>quod</strong></span> <span class='ocrx_word' id='word_1_292' title='bbox 1139 1763 1224 1814; x_wconf 88' lang='lat' dir='ltr'><strong>staret</strong></span> <span class='ocrx_word' id='word_1_293' title='bbox 1241 1759 1381 1828; x_wconf 88' lang='lat' dir='ltr'><strong>quominus</strong></span> <span class='ocrx_word' id='word_1_294' title='bbox 1400 1765 1518 1826; x_wconf 82' lang='lat' dir='ltr'><strong>caveret,</strong></span> <span class='ocrx_word' id='word_1_295' title='bbox 1541 1759 1619 1814; x_wconf 90' lang='lat' dir='ltr'><strong>heres</strong></span> <span class='ocrx_word' id='word_1_296' title='bbox 1642 1761 1759 1828; x_wconf 89' lang='lat' dir='ltr'><strong>postulet</strong></span> <span class='ocrx_word' id='word_1_297' title='bbox 1775 1761 1815 1814; x_wconf 92' lang='lat' dir='ltr'><strong>uti</strong></span> <span class='ocrx_word' id='word_1_298' title='bbox 1832 1759 1865 1816; x_wconf 92' lang='lat' dir='ltr'><strong>de</strong></span> <span class='ocrx_word' id='word_1_299' title='bbox 1880 1775 1939 1828; x_wconf 81' lang='lat' dir='ltr'><strong>pos-</strong></span> 
     </span>
     <span class='ocr_line' id='line_1_22' title="bbox 285 1825 1939 1898; baseline 0 -16"><span class='ocrx_word' id='word_1_300' title='bbox 285 1833 374 1882; x_wconf 87' lang='lat' dir='ltr'><strong>utrum</strong></span> <span class='ocrx_word' id='word_1_301' title='bbox 391 1829 527 1882; x_wconf 85' lang='lat' dir='ltr'><strong>raritatem</strong></span> <span class='ocrx_word' id='word_1_302' title='bbox 545 1827 679 1882; x_wconf 79' lang='lat' dir='ltr'><strong>condneat</strong></span> <span class='ocrx_word' id='word_1_303' title='bbox 696 1841 731 1880; x_wconf 91' lang='lat' dir='ltr'><strong>an</strong></span> <span class='ocrx_word' id='word_1_304' title='bbox 752 1841 813 1880; x_wconf 84' lang='grc' dir='ltr'>ιιιο</span> <span class='ocrx_word' id='word_1_305' title='bbox 839 1827 1027 1894; x_wconf 87' lang='lat' dir='ltr'><strong>quantitatem,</strong></span> <span class='ocrx_word' id='word_1_306' title='bbox 1050 1829 1088 1882; x_wconf 88' lang='grc' dir='ltr'><strong>ιι-</strong></span> <span class='ocrx_word' id='word_1_307' title='bbox 1139 1827 1257 1882; x_wconf 81' lang='lat' dir='ltr'><strong>sessione</strong></span> <span class='ocrx_word' id='word_1_308' title='bbox 1280 1825 1391 1882; x_wconf 85' lang='lat' dir='ltr'><strong>decedat</strong></span> <span class='ocrx_word' id='word_1_309' title='bbox 1413 1833 1589 1898; x_wconf 86' lang='lat' dir='ltr'><strong>paratumque</strong></span> <span class='ocrx_word' id='word_1_310' title='bbox 1612 1843 1641 1882; x_wconf 91' lang='lat' dir='ltr'><strong>se</strong></span> <span class='ocrx_word' id='word_1_311' title='bbox 1663 1829 1736 1882; x_wconf 87' lang='lat' dir='ltr'><strong>dicat</strong></span> <span class='ocrx_word' id='word_1_312' title='bbox 1757 1829 1785 1882; x_wconf 89' lang='lat' dir='ltr'><strong>in</strong></span> <span class='ocrx_word' id='word_1_313' title='bbox 1801 1829 1939 1896; x_wconf 88' lang='lat' dir='ltr'><strong>municipio</strong></span> 
     </span>
     <span class='ocr_line' id='line_1_23' title="bbox 285 1893 1940 1962; baseline 0 -14"><span class='ocrx_word' id='word_1_314' title='bbox 285 1897 402 1948; x_wconf 90' lang='lat' dir='ltr'><strong>deamus.</strong></span> <span class='ocrx_word' id='word_1_315' title='bbox 430 1901 456 1948; x_wconf 92' lang='lat' dir='ltr'><strong>et</strong></span> <span class='ocrx_word' id='word_1_316' title='bbox 472 1897 564 1948; x_wconf 88' lang='lat' dir='ltr'><strong>melius</strong></span> <span class='ocrx_word' id='word_1_317' title='bbox 582 1899 623 1948; x_wconf 90' lang='lat' dir='ltr'><strong>est</strong></span> <span class='ocrx_word' id='word_1_318' title='bbox 638 1899 669 1948; x_wconf 91' lang='lat' dir='ltr'><strong>ut</strong></span> <span class='ocrx_word' id='word_1_319' title='bbox 685 1893 714 1948; x_wconf 88' lang='lat' dir='ltr'><strong>in</strong></span> <span class='ocrx_word' id='word_1_320' title='bbox 730 1909 819 1948; x_wconf 86' lang='lat' dir='ltr'><strong>reram</strong></span> <span class='ocrx_word' id='word_1_321' title='bbox 835 1897 1011 1962; x_wconf 88' lang='lat' dir='ltr'><strong>quantitatem</strong></span> <span class='ocrx_word' id='word_1_322' title='bbox 1025 1893 1089 1948; x_wconf 91' lang='lat' dir='ltr'><strong>fide·</strong></span> <span class='ocrx_word' id='word_1_323' title='bbox 1140 1909 1247 1948; x_wconf 82' lang='lat' dir='ltr'><strong>cavere:</strong></span> <span class='ocrx_word' id='word_1_324' title='bbox 1274 1893 1416 1962; x_wconf 86' lang='lat' dir='ltr'><strong>impetrare</strong></span> <span class='ocrx_word' id='word_1_325' title='bbox 1441 1911 1495 1948; x_wconf 88' lang='lat' dir='ltr'><strong>nnn</strong></span> <span class='ocrx_word' id='word_1_326' title='bbox 1521 1895 1635 1950; x_wconf 89' lang='lat' dir='ltr'><strong>debebit.</strong></span> <span class='ocrx_word' id='word_1_327' title='bbox 1670 1897 1815 1962; x_wconf 85' lang='lat' dir='ltr'><strong>diversum,</strong></span> <span class='ocrx_word' id='word_1_328' title='bbox 1842 1895 1865 1948; x_wconf 92' lang='lat' dir='ltr'><strong>si</strong></span> <span class='ocrx_word' id='word_1_329' title='bbox 1889 1897 1940 1948; x_wconf 90' lang='lat' dir='ltr'><strong>sine</strong></span> 
     </span>
     <span class='ocr_line' id='line_1_24' title="bbox 284 1961 1939 2086; baseline 0.001 -70"><span class='ocrx_word' id='word_1_330' title='bbox 284 1963 372 2016; x_wconf 89' lang='lat' dir='ltr'><strong>iussor</strong></span> <span class='ocrx_word' id='word_1_331' title='bbox 388 1967 519 2026; x_wconf 87' lang='lat' dir='ltr'><strong>teneatur,</strong></span> <span class='ocrx_word' id='word_1_332' title='bbox 536 1963 588 2016; x_wconf 91' lang='lat' dir='ltr'><strong>nisi</strong></span> <span class='ocrx_word' id='word_1_333' title='bbox 604 1977 653 2032; x_wconf 89' lang='lat' dir='ltr'><strong>pro</strong></span> <span class='ocrx_word' id='word_1_334' title='bbox 671 1965 744 2018; x_wconf 88' lang='lat' dir='ltr'><strong>certa</strong></span> <span class='ocrx_word' id='word_1_335' title='bbox 761 1963 911 2032; x_wconf 89' lang='lat' dir='ltr'><strong>quantitate</strong></span> <span class='ocrx_word' id='word_1_336' title='bbox 928 1963 1047 2018; x_wconf 86' lang='lat' dir='ltr'><strong>accessit.</strong></span> <span class='ocrx_word' id='word_1_337' title='bbox 1140 1963 1220 2086; x_wconf 64' lang='lat' dir='ltr'><strong>culpa</strong></span> <span class='ocrx_word' id='word_1_338' title='bbox 1243 1965 1290 2016; x_wconf 89' lang='lat' dir='ltr'><strong>aut</strong></span> <span class='ocrx_word' id='word_1_339' title='bbox 1313 1961 1374 2016; x_wconf 92' lang='lat' dir='ltr'><strong>dolo</strong></span> <span class='ocrx_word' id='word_1_340' title='bbox 1400 1963 1503 2018; x_wconf 90' lang='lat' dir='ltr'><strong>heredis</strong></span> <span class='ocrx_word' id='word_1_341' title='bbox 1526 1963 1623 2020; x_wconf 89' lang='lat' dir='ltr'><strong>missus</strong></span> <span class='ocrx_word' id='word_1_342' title='bbox 1646 1963 1725 2018; x_wconf 87' lang='lat' dir='ltr'><strong>sitin</strong></span> <span class='ocrx_word' id='word_1_343' title='bbox 1742 1963 1939 2032; x_wconf 86' lang='lat' dir='ltr'><strong>possessionem.</strong></span> 
     </span>
     <span class='ocr_line' id='line_1_25' title="bbox 320 2025 1940 2104; baseline 0 -18"><span class='ocrx_word' id='word_1_344' title='bbox 320 2025 450 2086; x_wconf 78' lang='lat' dir='ltr'><strong>3Garvs</strong></span> <span class='ocrx_word' id='word_1_345' title='bbox 464 2031 531 2086; x_wconf 85' lang='lat' dir='ltr'><strong>labra</strong></span> <span class='ocrx_word' id='word_1_346' title='bbox 542 2031 636 2100; x_wconf 83' lang='lat' dir='ltr'><strong>priam</strong></span> <span class='ocrx_word' id='word_1_347' title='bbox 653 2029 691 2086; x_wconf 87' lang='lat' dir='ltr'><strong>ad</strong></span> <span class='ocrx_word' id='word_1_348' title='bbox 707 2029 820 2086; x_wconf 82' lang='lat' dir='ltr'><strong>edictvm</strong></span> <span class='ocrx_word' id='word_1_349' title='bbox 832 2031 1004 2104; x_wconf 80' lang='lat' dir='ltr'><strong>provinciale</strong></span> <span class='ocrx_word' id='word_1_350' title='bbox 1028 2029 1088 2086; x_wconf 82' lang='lat' dir='ltr'><strong>Sive</strong></span> <span class='ocrx_word' id='word_1_351' title='bbox 1140 2035 1155 2084; x_wconf 80' lang='grc'>5</span> <span class='ocrx_word' id='word_1_352' title='bbox 1203 2029 1455 2086; x_wconf 87' lang='lat' dir='ltr'><strong>ubeturiurarede</strong></span> <span class='ocrx_word' id='word_1_353' title='bbox 1473 2031 1665 2098; x_wconf 75' lang='lat' dir='ltr'><strong>calumniare</strong></span> <span class='ocrx_word' id='word_1_354' title='bbox 1683 2031 1872 2100; x_wconf 81' lang='lat' dir='ltr'><strong>quisresandi</strong></span> <span class='ocrx_word' id='word_1_355' title='bbox 1889 2047 1940 2086; x_wconf 85' lang='lat' dir='ltr'><strong>ma-</strong></span> 
     </span>
     <span class='ocr_line' id='line_1_26' title="bbox 284 2097 1941 2200; baseline 0 -48"><span class='ocrx_word' id='word_1_356' title='bbox 284 2097 312 2152; x_wconf 91' lang='lat' dir='ltr'><strong>in</strong></span> <span class='ocrx_word' id='word_1_357' title='bbox 330 2097 436 2168; x_wconf 88' lang='lat' dir='ltr'><strong>duplum</strong></span> <span class='ocrx_word' id='word_1_358' title='bbox 456 2097 582 2152; x_wconf 83' lang='lat' dir='ltr'><strong>astantia</strong></span> <span class='ocrx_word' id='word_1_359' title='bbox 602 2097 656 2152; x_wconf 87' lang='lat' dir='ltr'><strong>sire</strong></span> <span class='ocrx_word' id='word_1_360' title='bbox 673 2097 747 2168; x_wconf 88' lang='lat' dir='ltr'><strong>tripli</strong></span> <span class='ocrx_word' id='word_1_361' title='bbox 769 2103 816 2152; x_wconf 90' lang='lat' dir='ltr'><strong>aut</strong></span> <span class='ocrx_word' id='word_1_362' title='bbox 840 2099 996 2200; x_wconf 56' lang='lat' dir='ltr'><strong>quadrupli,</strong></span> <span class='ocrx_word' id='word_1_363' title='bbox 1022 2101 1090 2154; x_wconf 90' lang='lat' dir='ltr'><strong>tanti</strong></span> <span class='ocrx_word' id='word_1_364' title='bbox 1139 2099 1179 2168; x_wconf 82' lang='lat' dir='ltr'><strong>gis</strong></span> <span class='ocrx_word' id='word_1_365' title='bbox 1197 2097 1341 2154; x_wconf 81' lang='lat' dir='ltr'><strong>adversarii</strong></span> <span class='ocrx_word' id='word_1_366' title='bbox 1358 2113 1455 2166; x_wconf 90' lang='lat' dir='ltr'><strong>causa,</strong></span> <span class='ocrx_word' id='word_1_367' title='bbox 1472 2099 1586 2154; x_wconf 83' lang='lat' dir='ltr'><strong>forsitan</strong></span> <span class='ocrx_word' id='word_1_368' title='bbox 1604 2115 1665 2154; x_wconf 91' lang='lat' dir='ltr'><strong>cum</strong></span> <span class='ocrx_word' id='word_1_369' title='bbox 1682 2099 1782 2154; x_wconf 83' lang='lat' dir='ltr'><strong>Romae</strong></span> <span class='ocrx_word' id='word_1_370' title='bbox 1800 2101 1886 2170; x_wconf 87' lang='lat' dir='ltr'><strong>possit</strong></span> <span class='ocrx_word' id='word_1_371' title='bbox 1903 2115 1941 2152; x_wconf 88' lang='lat' dir='ltr'><strong>sa-</strong></span> 
     </span>
     <span class='ocr_line' id='line_1_27' title="bbox 285 2165 1941 2238; baseline -0.001 -16"><span class='ocrx_word' id='word_1_372' title='bbox 285 2165 396 2222; x_wconf 88' lang='lat' dir='ltr'><strong>eundem</strong></span> <span class='ocrx_word' id='word_1_373' title='bbox 404 2167 585 2222; x_wconf 86' lang='lat' dir='ltr'><strong>fideiussorem</strong></span> <span class='ocrx_word' id='word_1_374' title='bbox 594 2167 743 2222; x_wconf 89' lang='lat' dir='ltr'><strong>omnimodo</strong></span> <span class='ocrx_word' id='word_1_375' title='bbox 758 2165 843 2222; x_wconf 87' lang='lat' dir='ltr'><strong>teneri</strong></span> <span class='ocrx_word' id='word_1_376' title='bbox 876 2167 987 2222; x_wconf 88' lang='lat' dir='ltr'><strong>dicimus</strong></span> <span class='ocrx_word' id='word_1_377' title='bbox 995 2167 1013 2234; x_wconf 79' lang='lat'><strong>³,</strong></span> <span class='ocrx_word' id='word_1_378' title='bbox 1028 2167 1090 2238; x_wconf 89' lang='lat' dir='ltr'><strong>quia</strong></span> <span class='ocrx_word' id='word_1_379' title='bbox 1139 2167 1254 2234; x_wconf 88' lang='lat' dir='ltr'><strong>tisdare,</strong></span> <span class='ocrx_word' id='word_1_380' title='bbox 1277 2167 1304 2222; x_wconf 91' lang='lat' dir='ltr'><strong>in</strong></span> <span class='ocrx_word' id='word_1_381' title='bbox 1326 2167 1497 2238; x_wconf 88' lang='lat' dir='ltr'><strong>municipium</strong></span> <span class='ocrx_word' id='word_1_382' title='bbox 1520 2173 1625 2224; x_wconf 78' lang='lat' dir='ltr'><strong>evocet:</strong></span> <span class='ocrx_word' id='word_1_383' title='bbox 1651 2167 1698 2222; x_wconf 90' lang='lat' dir='ltr'><strong>sed</strong></span> <span class='ocrx_word' id='word_1_384' title='bbox 1721 2167 1878 2236; x_wconf 89' lang='lat' dir='ltr'><strong>quibusdam</strong></span> <span class='ocrx_word' id='word_1_385' title='bbox 1895 2169 1941 2228; x_wconf 81' lang='lat' dir='ltr'><strong>hoc</strong></span> 
     </span>
     <span class='ocr_line' id='line_1_28' title="bbox 284 2233 1942 2304; baseline 0.001 -14"><span class='ocrx_word' id='word_1_386' title='bbox 284 2235 354 2290; x_wconf 89' lang='lat' dir='ltr'><strong>tanti</strong></span> <span class='ocrx_word' id='word_1_387' title='bbox 369 2251 411 2290; x_wconf 87' lang='lat' dir='ltr'><strong>res</strong></span> <span class='ocrx_word' id='word_1_388' title='bbox 430 2251 487 2290; x_wconf 88' lang='lat' dir='ltr'><strong>essa</strong></span> <span class='ocrx_word' id='word_1_389' title='bbox 503 2233 670 2304; x_wconf 84' lang='lat' dir='ltr'><strong>intellegitur.</strong></span> <span class='ocrx_word' id='word_1_390' title='bbox 1139 2235 1322 2292; x_wconf 89' lang='lat' dir='ltr'><strong>iusiurandum</strong></span> <span class='ocrx_word' id='word_1_391' title='bbox 1339 2237 1371 2290; x_wconf 90' lang='lat' dir='ltr'><strong>de</strong></span> <span class='ocrx_word' id='word_1_392' title='bbox 1389 2237 1521 2290; x_wconf 89' lang='lat' dir='ltr'><strong>calumnia</strong></span> <span class='ocrx_word' id='word_1_393' title='bbox 1537 2235 1687 2302; x_wconf 89' lang='lat' dir='ltr'><strong>remittitur,</strong></span> <span class='ocrx_word' id='word_1_394' title='bbox 1704 2237 1776 2290; x_wconf 89' lang='lat' dir='ltr'><strong>velut</strong></span> <span class='ocrx_word' id='word_1_395' title='bbox 1791 2237 1942 2304; x_wconf 88' lang='lat' dir='ltr'><strong>parentibus</strong></span> 
     </span>
     <span class='ocr_line' id='line_1_29' title="bbox 318 2301 1941 2374; baseline -0.002 -14"><span class='ocrx_word' id='word_1_396' title='bbox 318 2301 473 2360; x_wconf 67' lang='lat' dir='ltr'><strong>isaurus</strong></span> <span class='ocrx_word' id='word_1_397' title='bbox 488 2305 554 2360; x_wconf 85' lang='lat' dir='ltr'><strong>libro</strong></span> <span class='ocrx_word' id='word_1_398' title='bbox 590 2309 670 2358; x_wconf 83' lang='lat' dir='ltr'><strong>vario</strong></span> <span class='ocrx_word' id='word_1_399' title='bbox 693 2301 861 2360; x_wconf 83' lang='lat' dir='ltr'><strong>valedictura</strong></span> <span class='ocrx_word' id='word_1_400' title='bbox 896 2303 925 2358; x_wconf 87' lang='lat' dir='ltr'><strong>Si</strong></span> <span class='ocrx_word' id='word_1_401' title='bbox 948 2303 1092 2360; x_wconf 86' lang='lat' dir='ltr'><strong>decesserit</strong></span> <span class='ocrx_word' id='word_1_402' title='bbox 1142 2309 1168 2358; x_wconf 90' lang='lat' dir='ltr'><strong>et</strong></span> <span class='ocrx_word' id='word_1_403' title='bbox 1182 2305 1311 2374; x_wconf 89' lang='lat' dir='ltr'><strong>patronis.</strong></span> <span class='ocrx_word' id='word_1_404' title='bbox 1347 2305 1386 2360; x_wconf 89' lang='lat' dir='ltr'><strong>sic</strong></span> <span class='ocrx_word' id='word_1_405' title='bbox 1404 2311 1492 2360; x_wconf 89' lang='lat' dir='ltr'><strong>autem</strong></span> <span class='ocrx_word' id='word_1_406' title='bbox 1509 2305 1597 2360; x_wconf 90' lang='lat' dir='ltr'><strong>iurare</strong></span> <span class='ocrx_word' id='word_1_407' title='bbox 1616 2305 1694 2358; x_wconf 90' lang='lat' dir='ltr'><strong>debet</strong></span> <span class='ocrx_word' id='word_1_408' title='bbox 1718 2305 1762 2374; x_wconf 86' lang='lat' dir='ltr'><strong>qui</strong></span> <span class='ocrx_word' id='word_1_409' title='bbox 1785 2305 1813 2358; x_wconf 91' lang='lat' dir='ltr'><strong>in</strong></span> <span class='ocrx_word' id='word_1_410' title='bbox 1835 2305 1941 2358; x_wconf 82' lang='lat' dir='ltr'><strong>munici-</strong></span> 
     </span>
     <span class='ocr_line' id='line_1_30' title="bbox 284 2319 1943 2442; baseline 0.001 -16"><span class='ocrx_word' id='word_1_411' title='bbox 284 2371 329 2440; x_wconf 90' lang='lat' dir='ltr'><strong>qui</strong></span> <span class='ocrx_word' id='word_1_412' title='bbox 346 2371 527 2428; x_wconf 85' lang='lat' dir='ltr'><strong>fideiussorem</strong></span> <span class='ocrx_word' id='word_1_413' title='bbox 545 2319 646 2428; x_wconf 61' lang='lat' dir='ltr'><strong>dederit</strong></span> <span class='ocrx_word' id='word_1_414' title='bbox 667 2370 765 2428; x_wconf 87' lang='lat' dir='ltr'><strong>iudicio</strong></span> <span class='ocrx_word' id='word_1_415' title='bbox 790 2373 900 2428; x_wconf 89' lang='lat' dir='ltr'><strong>sistendi</strong></span> <span class='ocrx_word' id='word_1_416' title='bbox 923 2388 1019 2438; x_wconf 89' lang='lat' dir='ltr'><strong>causa,</strong></span> <span class='ocrx_word' id='word_1_417' title='bbox 1036 2389 1091 2428; x_wconf 91' lang='lat' dir='ltr'><strong>non</strong></span> <span class='ocrx_word' id='word_1_418' title='bbox 1141 2373 1213 2442; x_wconf 88' lang='lat' dir='ltr'><strong>pium</strong></span> <span class='ocrx_word' id='word_1_419' title='bbox 1229 2373 1372 2429; x_wconf 86' lang='lat' dir='ltr'><strong>remittitur</strong></span> <span class='ocrx_word' id='word_1_420' title='bbox 1390 2373 1500 2428; x_wconf 86' lang='lat' dir='ltr'><strong>‘Romae</strong></span> <span class='ocrx_word' id='word_1_421' title='bbox 1518 2389 1547 2428; x_wconf 91' lang='lat' dir='ltr'><strong>se</strong></span> <span class='ocrx_word' id='word_1_422' title='bbox 1565 2373 1694 2428; x_wconf 87' lang='lat' dir='ltr'><strong>satisdare</strong></span> <span class='ocrx_word' id='word_1_423' title='bbox 1707 2389 1762 2426; x_wconf 87' lang='lat' dir='ltr'><strong>non</strong></span> <span class='ocrx_word' id='word_1_424' title='bbox 1776 2387 1855 2442; x_wconf 89' lang='lat' dir='ltr'><strong>posse</strong></span> <span class='ocrx_word' id='word_1_425' title='bbox 1871 2379 1897 2426; x_wconf 88' lang='lat' dir='ltr'><strong>et</strong></span> <span class='ocrx_word' id='word_1_426' title='bbox 1910 2373 1943 2428; x_wconf 92' lang='lat' dir='ltr'><strong>ibi</strong></span> 
     </span>
     <span class='ocr_line' id='line_1_31' title="bbox 284 2441 1943 2512; baseline 0 -18"><span class='ocrx_word' id='word_1_427' title='bbox 284 2441 390 2496; x_wconf 89' lang='lat' dir='ltr'><strong>debebit</strong></span> <span class='ocrx_word' id='word_1_428' title='bbox 406 2447 514 2512; x_wconf 86' lang='lat' dir='ltr'><strong>praetor</strong></span> <span class='ocrx_word' id='word_1_429' title='bbox 528 2441 620 2496; x_wconf 91' lang='lat' dir='ltr'><strong>iubere</strong></span> <span class='ocrx_word' id='word_1_430' title='bbox 638 2441 777 2496; x_wconf 80' lang='lat' dir='ltr'><strong>exhibere⁴</strong></span> <span class='ocrx_word' id='word_1_431' title='bbox 797 2457 865 2496; x_wconf 88' lang='lat' dir='ltr'><strong>eum.</strong></span> <span class='ocrx_word' id='word_1_432' title='bbox 893 2443 965 2512; x_wconf 89' lang='lat' dir='ltr'><strong>quod</strong></span> <span class='ocrx_word' id='word_1_433' title='bbox 980 2443 1003 2496; x_wconf 91' lang='grc' dir='ltr'><strong>ιι</strong></span> <span class='ocrx_word' id='word_1_434' title='bbox 1016 2441 1090 2512; x_wconf 86' lang='lat' dir='ltr'><strong>igno-</strong></span> <span class='ocrx_word' id='word_1_435' title='bbox 1142 2447 1238 2512; x_wconf 79' lang='lat' dir='ltr'><strong>posse,</strong></span> <span class='ocrx_word' id='word_1_436' title='bbox 1256 2457 1308 2512; x_wconf 91' lang='lat' dir='ltr'><strong>quo</strong></span> <span class='ocrx_word' id='word_1_437' title='bbox 1326 2441 1446 2512; x_wconf 90' lang='lat' dir='ltr'><strong>postulat</strong></span> <span class='ocrx_word' id='word_1_438' title='bbox 1461 2441 1569 2506; x_wconf 89' lang='lat' dir='ltr'><strong>remitti,</strong></span> <span class='ocrx_word' id='word_1_439' title='bbox 1586 2441 1665 2510; x_wconf 89' lang='lat' dir='ltr'><strong>idque</strong></span> <span class='ocrx_word' id='word_1_440' title='bbox 1682 2455 1711 2494; x_wconf 90' lang='lat' dir='ltr'><strong>se</strong></span> <span class='ocrx_word' id='word_1_441' title='bbox 1728 2457 1782 2494; x_wconf 90' lang='lat' dir='ltr'><strong>non</strong></span> <span class='ocrx_word' id='word_1_442' title='bbox 1802 2441 1943 2496; x_wconf 89' lang='lat' dir='ltr'><strong>calumniae</strong></span> 
     </span>
     <span class='ocr_line' id='line_1_32' title="bbox 283 2509 1944 2578; baseline -0.001 -14"><span class='ocrx_word' id='word_1_443' title='bbox 283 2525 346 2564; x_wconf 89' lang='lat' dir='ltr'><strong>rans</strong></span> <span class='ocrx_word' id='word_1_444' title='bbox 372 2509 480 2566; x_wconf 89' lang='lat' dir='ltr'><strong>iusserit</strong></span> <span class='ocrx_word' id='word_1_445' title='bbox 506 2509 623 2565; x_wconf 86' lang='lat' dir='ltr'><strong>exhiberi</strong></span> <span class='ocrx_word' id='word_1_446' title='bbox 645 2509 687 2564; x_wconf 83' lang='lat' dir='ltr'><strong>rel</strong></span> <span class='ocrx_word' id='word_1_447' title='bbox 709 2515 770 2578; x_wconf 88' lang='lat' dir='ltr'><strong>post</strong></span> <span class='ocrx_word' id='word_1_448' title='bbox 794 2509 930 2566; x_wconf 89' lang='lat' dir='ltr'><strong>decretum</strong></span> <span class='ocrx_word' id='word_1_449' title='bbox 955 2509 1011 2566; x_wconf 89' lang='lat' dir='ltr'><strong>eius</strong></span> <span class='ocrx_word' id='word_1_450' title='bbox 1029 2515 1091 2564; x_wconf 90' lang='lat' dir='ltr'><strong>ante</strong></span> <span class='ocrx_word' id='word_1_451' title='bbox 1142 2515 1234 2566; x_wconf 87' lang='lat' dir='ltr'><strong>‘causa</strong></span> <span class='ocrx_word' id='word_1_452' title='bbox 1250 2509 1363 2564; x_wconf 87' lang='lat' dir='ltr'><strong>facere’:</strong></span> <span class='ocrx_word' id='word_1_453' title='bbox 1382 2525 1444 2564; x_wconf 91' lang='lat' dir='ltr'><strong>nam</strong></span> <span class='ocrx_word' id='word_1_454' title='bbox 1462 2509 1500 2564; x_wconf 90' lang='lat' dir='ltr'><strong>sic</strong></span> <span class='ocrx_word' id='word_1_455' title='bbox 1517 2525 1572 2564; x_wconf 92' lang='lat' dir='ltr'><strong>non</strong></span> <span class='ocrx_word' id='word_1_456' title='bbox 1590 2515 1632 2564; x_wconf 88' lang='lat' dir='ltr'><strong>est</strong></span> <span class='ocrx_word' id='word_1_457' title='bbox 1647 2509 1844 2578; x_wconf 89' lang='lat' dir='ltr'><strong>compellendus</strong></span> <span class='ocrx_word' id='word_1_458' title='bbox 1861 2509 1944 2566; x_wconf 88' lang='lat' dir='ltr'><strong>iurare</strong></span> 
     </span>
     <span class='ocr_line' id='line_1_33' title="bbox 284 2577 1944 2648; baseline -0.001 -14"><span class='ocrx_word' id='word_1_459' title='bbox 284 2579 352 2634; x_wconf 90' lang='lat' dir='ltr'><strong>diem</strong></span> <span class='ocrx_word' id='word_1_460' title='bbox 370 2579 537 2634; x_wconf 77' lang='lat' dir='ltr'><strong>exhibitionis</strong></span> <span class='ocrx_word' id='word_1_461' title='bbox 555 2579 705 2644; x_wconf 87' lang='lat' dir='ltr'><strong>decesserit,</strong></span> <span class='ocrx_word' id='word_1_462' title='bbox 723 2579 879 2648; x_wconf 84' lang='lat' dir='ltr'><strong>deneganda</strong></span> <span class='ocrx_word' id='word_1_463' title='bbox 897 2579 946 2632; x_wconf 90' lang='lat' dir='ltr'><strong>erit</strong></span> <span class='ocrx_word' id='word_1_464' title='bbox 964 2579 1042 2632; x_wconf 90' lang='lat' dir='ltr'><strong>actia.</strong></span> <span class='ocrx_word' id='word_1_465' title='bbox 1069 2577 1092 2632; x_wconf 91' lang='lat' dir='ltr'><strong>si</strong></span> <span class='ocrx_word' id='word_1_466' title='bbox 1142 2579 1214 2632; x_wconf 80' lang='lat' dir='ltr'><strong>‘alibi</strong></span> <span class='ocrx_word' id='word_1_467' title='bbox 1231 2593 1260 2632; x_wconf 92' lang='lat' dir='ltr'><strong>se</strong></span> <span class='ocrx_word' id='word_1_468' title='bbox 1278 2593 1356 2648; x_wconf 89' lang='lat' dir='ltr'><strong>quam</strong></span> <span class='ocrx_word' id='word_1_469' title='bbox 1374 2593 1405 2632; x_wconf 91' lang='lat' dir='ltr'><strong>eo</strong></span> <span class='ocrx_word' id='word_1_470' title='bbox 1423 2579 1482 2632; x_wconf 93' lang='lat' dir='ltr'><strong>loco</strong></span> <span class='ocrx_word' id='word_1_471' title='bbox 1502 2577 1632 2632; x_wconf 84' lang='lat' dir='ltr'><strong>satisdare</strong></span> <span class='ocrx_word' id='word_1_472' title='bbox 1649 2593 1704 2630; x_wconf 91' lang='lat' dir='ltr'><strong>non</strong></span> <span class='ocrx_word' id='word_1_473' title='bbox 1720 2579 1818 2646; x_wconf 88' lang='lat' dir='ltr'><strong>posse’,</strong></span> <span class='ocrx_word' id='word_1_474' title='bbox 1842 2577 1904 2648; x_wconf 90' lang='lat' dir='ltr'><strong>quia</strong></span> <span class='ocrx_word' id='word_1_475' title='bbox 1925 2581 1944 2632; x_wconf 93' lang='grc' dir='ltr'><strong>ιι</strong></span> 
     </span>
     <span class='ocr_line' id='line_1_34' title="bbox 283 2645 1943 2716; baseline -0.002 -14"><span class='ocrx_word' id='word_1_476' title='bbox 283 2651 372 2702; x_wconf 88' lang='lat' dir='ltr'><strong>autem</strong></span> <span class='ocrx_word' id='word_1_477' title='bbox 395 2653 457 2716; x_wconf 84' lang='lat' dir='ltr'><strong>post</strong></span> <span class='ocrx_word' id='word_1_478' title='bbox 482 2645 549 2700; x_wconf 93' lang='lat' dir='ltr'><strong>diem</strong></span> <span class='ocrx_word' id='word_1_479' title='bbox 567 2647 733 2702; x_wconf 84' lang='lat' dir='ltr'><strong>exhibitionis</strong></span> <span class='ocrx_word' id='word_1_480' title='bbox 751 2645 894 2702; x_wconf 88' lang='lat' dir='ltr'><strong>decesserit</strong></span> <span class='ocrx_word' id='word_1_481' title='bbox 911 2651 959 2700; x_wconf 89' lang='lat' dir='ltr'><strong>aut</strong></span> <span class='ocrx_word' id='word_1_482' title='bbox 975 2647 1092 2702; x_wconf 88' lang='lat' dir='ltr'><strong>amiserit</strong></span> <span class='ocrx_word' id='word_1_483' title='bbox 1141 2647 1242 2700; x_wconf 83' lang='lat' dir='ltr'><strong>Romae</strong></span> <span class='ocrx_word' id='word_1_484' title='bbox 1259 2663 1314 2702; x_wconf 91' lang='lat' dir='ltr'><strong>non</strong></span> <span class='ocrx_word' id='word_1_485' title='bbox 1330 2651 1427 2714; x_wconf 89' lang='lat' dir='ltr'><strong>potest,</strong></span> <span class='ocrx_word' id='word_1_486' title='bbox 1445 2647 1566 2716; x_wconf 89' lang='lat' dir='ltr'><strong>pluribus</strong></span> <span class='ocrx_word' id='word_1_487' title='bbox 1583 2649 1672 2700; x_wconf 88' lang='lat' dir='ltr'><strong>autem</strong></span> <span class='ocrx_word' id='word_1_488' title='bbox 1686 2645 1752 2700; x_wconf 89' lang='lat' dir='ltr'><strong>locis</strong></span> <span class='ocrx_word' id='word_1_489' title='bbox 1766 2647 1860 2716; x_wconf 64' lang='lat' dir='ltr'><strong>pessit,</strong></span> <span class='ocrx_word' id='word_1_490' title='bbox 1879 2647 1943 2714; x_wconf 80' lang='lat' dir='ltr'><strong>cogi·</strong></span> 
     </span>
     <span class='ocr_line' id='line_1_35' title="bbox 285 2713 1944 2784; baseline 0 -14"><span class='ocrx_word' id='word_1_491' title='bbox 285 2715 426 2780; x_wconf 87' lang='lat' dir='ltr'><strong>civitatem,</strong></span> <span class='ocrx_word' id='word_1_492' title='bbox 444 2715 544 2770; x_wconf 88' lang='lat' dir='ltr'><strong>utiliter</strong></span> <span class='ocrx_word' id='word_1_493' title='bbox 561 2715 603 2782; x_wconf 84' lang='lat' dir='ltr'><strong>agi</strong></span> <span class='ocrx_word' id='word_1_494' title='bbox 620 2719 717 2784; x_wconf 88' lang='lat' dir='ltr'><strong>potest.</strong></span> <span class='ocrx_word' id='word_1_495' title='bbox 1142 2719 1158 2770; x_wconf 85' lang='grc'>6</span> <span class='ocrx_word' id='word_1_496' title='bbox 1193 2719 1237 2768; x_wconf 88' lang='lat' dir='ltr'><strong>tur</strong></span> <span class='ocrx_word' id='word_1_497' title='bbox 1253 2715 1380 2782; x_wconf 89' lang='lat' dir='ltr'><strong>peierare.</strong></span> <span class='ocrx_word' id='word_1_498' title='bbox 1415 2713 1475 2770; x_wconf 89' lang='lat' dir='ltr'><strong>Hoc</strong></span> <span class='ocrx_word' id='word_1_499' title='bbox 1493 2719 1582 2768; x_wconf 91' lang='lat' dir='ltr'><strong>autem</strong></span> <span class='ocrx_word' id='word_1_500' title='bbox 1599 2719 1664 2768; x_wconf 89' lang='lat' dir='ltr'><strong>tunc</strong></span> <span class='ocrx_word' id='word_1_501' title='bbox 1677 2713 1871 2782; x_wconf 87' lang='lat' dir='ltr'><strong>impetrabitur,</strong></span> <span class='ocrx_word' id='word_1_502' title='bbox 1890 2731 1944 2770; x_wconf 89' lang='lat' dir='ltr'><strong>cum</strong></span> 
     </span>
     <span class='ocr_line' id='line_1_36' title="bbox 317 2779 1944 2904; baseline -0.001 -66"><span class='ocrx_word' id='word_1_503' title='bbox 317 2781 449 2838; x_wconf 70' lang='lat' dir='ltr'><strong>hilarus</strong></span> <span class='ocrx_word' id='word_1_504' title='bbox 463 2783 530 2836; x_wconf 89' lang='lat' dir='ltr'><strong>libro</strong></span> <span class='ocrx_word' id='word_1_505' title='bbox 548 2783 641 2854; x_wconf 85' lang='lat' dir='ltr'><strong>primo</strong></span> <span class='ocrx_word' id='word_1_506' title='bbox 665 2783 702 2836; x_wconf 85' lang='lat' dir='ltr'><strong>ad</strong></span> <span class='ocrx_word' id='word_1_507' title='bbox 724 2781 838 2836; x_wconf 83' lang='lat' dir='ltr'><strong>edictvm</strong></span> <span class='ocrx_word' id='word_1_508' title='bbox 857 2781 1029 2854; x_wconf 79' lang='lat' dir='ltr'><strong>provinciale</strong></span> <span class='ocrx_word' id='word_1_509' title='bbox 1062 2779 1092 2836; x_wconf 82' lang='lat' dir='ltr'><strong>Si</strong></span> <span class='ocrx_word' id='word_1_510' title='bbox 1141 2783 1212 2838; x_wconf 90' lang='lat' dir='ltr'><strong>iusta</strong></span> <span class='ocrx_word' id='word_1_511' title='bbox 1229 2797 1311 2836; x_wconf 91' lang='lat' dir='ltr'><strong>causa</strong></span> <span class='ocrx_word' id='word_1_512' title='bbox 1329 2797 1387 2836; x_wconf 90' lang='lat' dir='ltr'><strong>esse</strong></span> <span class='ocrx_word' id='word_1_513' title='bbox 1403 2783 1543 2838; x_wconf 84' lang='lat' dir='ltr'><strong>ridebitur.</strong></span> <span class='ocrx_word' id='word_1_514' title='bbox 1580 2781 1644 2904; x_wconf 57' lang='lat' dir='ltr'><strong>‹pluid</strong></span> <span class='ocrx_word' id='word_1_515' title='bbox 1661 2781 1729 2836; x_wconf 91' lang='lat' dir='ltr'><strong>enim</strong></span> <span class='ocrx_word' id='word_1_516' title='bbox 1747 2783 1785 2848; x_wconf 91' lang='lat' dir='ltr'><strong>si,</strong></span> <span class='ocrx_word' id='word_1_517' title='bbox 1811 2799 1870 2838; x_wconf 89' lang='lat' dir='ltr'><strong>cum</strong></span> <span class='ocrx_word' id='word_1_518' title='bbox 1894 2789 1944 2836; x_wconf 90' lang='lat' dir='ltr'><strong>erat</strong></span> 
     </span>
     <span class='ocr_line' id='line_1_37' title="bbox 281 2849 1944 2920; baseline 0.001 -16"><span class='ocrx_word' id='word_1_519' title='bbox 281 2865 344 2906; x_wconf 82' lang='lat' dir='ltr'><strong>vero</strong></span> <span class='ocrx_word' id='word_1_520' title='bbox 360 2867 408 2920; x_wconf 90' lang='lat' dir='ltr'><strong>pro</strong></span> <span class='ocrx_word' id='word_1_521' title='bbox 428 2851 603 2906; x_wconf 89' lang='lat' dir='ltr'><strong>condemnato</strong></span> <span class='ocrx_word' id='word_1_522' title='bbox 619 2849 780 2906; x_wconf 90' lang='lat' dir='ltr'><strong>fideiusserit</strong></span> <span class='ocrx_word' id='word_1_523' title='bbox 797 2855 823 2904; x_wconf 87' lang='lat' dir='ltr'><strong>et</strong></span> <span class='ocrx_word' id='word_1_524' title='bbox 838 2851 1031 2906; x_wconf 88' lang='lat' dir='ltr'><strong>condemnatus</strong></span> <span class='ocrx_word' id='word_1_525' title='bbox 1046 2850 1090 2904; x_wconf 92' lang='lat' dir='ltr'><strong>de·</strong></span> <span class='ocrx_word' id='word_1_526' title='bbox 1141 2851 1169 2904; x_wconf 88' lang='lat' dir='ltr'><strong>in</strong></span> <span class='ocrx_word' id='word_1_527' title='bbox 1184 2851 1336 2920; x_wconf 89' lang='lat' dir='ltr'><strong>municipio,</strong></span> <span class='ocrx_word' id='word_1_528' title='bbox 1354 2851 1440 2904; x_wconf 90' lang='lat' dir='ltr'><strong>noluit</strong></span> <span class='ocrx_word' id='word_1_529' title='bbox 1456 2851 1568 2906; x_wconf 85' lang='lat' dir='ltr'><strong>cavere?</strong></span> <span class='ocrx_word' id='word_1_530' title='bbox 1604 2867 1637 2906; x_wconf 91' lang='lat' dir='ltr'><strong>oc</strong></span> <span class='ocrx_word' id='word_1_531' title='bbox 1652 2865 1716 2904; x_wconf 87' lang='lat' dir='ltr'><strong>casu</strong></span> <span class='ocrx_word' id='word_1_532' title='bbox 1731 2867 1786 2906; x_wconf 90' lang='lat' dir='ltr'><strong>non</strong></span> <span class='ocrx_word' id='word_1_533' title='bbox 1808 2851 1887 2906; x_wconf 88' lang='lat' dir='ltr'><strong>debet</strong></span> <span class='ocrx_word' id='word_1_534' title='bbox 1902 2851 1944 2906; x_wconf 87' lang='lat' dir='ltr'><strong>im·</strong></span> 
     </span>
     <span class='ocr_line' id='line_1_38' title="bbox 282 2917 1945 2990; baseline 0 -16"><span class='ocrx_word' id='word_1_535' title='bbox 282 2919 391 2974; x_wconf 89' lang='lat' dir='ltr'><strong>cesserit</strong></span> <span class='ocrx_word' id='word_1_536' title='bbox 408 2923 456 2974; x_wconf 90' lang='lat' dir='ltr'><strong>aut</strong></span> <span class='ocrx_word' id='word_1_537' title='bbox 473 2917 605 2974; x_wconf 83' lang='grc' dir='ltr'>ιιιιιιιιιιι</span> <span class='ocrx_word' id='word_1_538' title='bbox 612 2919 762 2976; x_wconf 84' lang='lat' dir='ltr'><strong>Romanam</strong></span> <span class='ocrx_word' id='word_1_539' title='bbox 779 2919 905 2986; x_wconf 90' lang='lat' dir='ltr'><strong>amiserit,</strong></span> <span class='ocrx_word' id='word_1_540' title='bbox 923 2923 995 2974; x_wconf 88' lang='lat' dir='ltr'><strong>reete</strong></span> <span class='ocrx_word' id='word_1_541' title='bbox 1009 2917 1090 2974; x_wconf 91' lang='lat' dir='ltr'><strong>nihilo</strong></span> <span class='ocrx_word' id='word_1_542' title='bbox 1142 2923 1261 2990; x_wconf 89' lang='lat' dir='ltr'><strong>petrare,</strong></span> <span class='ocrx_word' id='word_1_543' title='bbox 1280 2935 1341 2974; x_wconf 89' lang='lat' dir='ltr'><strong>cum</strong></span> <span class='ocrx_word' id='word_1_544' title='bbox 1357 2935 1406 2990; x_wconf 88' lang='lat' dir='ltr'><strong>per</strong></span> <span class='ocrx_word' id='word_1_545' title='bbox 1423 2935 1483 2974; x_wconf 91' lang='lat' dir='ltr'><strong>eum</strong></span> <span class='ocrx_word' id='word_1_546' title='bbox 1500 2919 1611 2986; x_wconf 90' lang='lat' dir='ltr'><strong>steterit,</strong></span> <span class='ocrx_word' id='word_1_547' title='bbox 1629 2919 1770 2988; x_wconf 87' lang='lat' dir='ltr'><strong>quominus</strong></span> <span class='ocrx_word' id='word_1_548' title='bbox 1787 2919 1832 2986; x_wconf 91' lang='lat' dir='ltr'><strong>ibi,</strong></span> <span class='ocrx_word' id='word_1_549' title='bbox 1851 2921 1898 2974; x_wconf 86' lang='lat' dir='ltr'><strong>ubi</strong></span> <span class='ocrx_word' id='word_1_550' title='bbox 1913 2921 1945 2974; x_wconf 88' lang='grc' dir='ltr'><strong>ιιι</strong></span> 
     </span>
     <span class='ocr_line' id='line_1_39' title="bbox 284 2987 1450 3058; baseline 0 -16"><span class='ocrx_word' id='word_1_551' title='bbox 284 2993 295 3042; x_wconf 95' lang='grc'>1</span> <span class='ocrx_word' id='word_1_552' title='bbox 332 2987 418 3044; x_wconf 90' lang='lat' dir='ltr'><strong>minus</strong></span> <span class='ocrx_word' id='word_1_553' title='bbox 437 3005 497 3042; x_wconf 91' lang='lat' dir='ltr'><strong>cum</strong></span> <span class='ocrx_word' id='word_1_554' title='bbox 515 2987 671 3044; x_wconf 88' lang='lat' dir='ltr'><strong>fideiussore</strong></span> <span class='ocrx_word' id='word_1_555' title='bbox 688 2989 744 3042; x_wconf 90' lang='lat' dir='ltr'><strong>eius</strong></span> <span class='ocrx_word' id='word_1_556' title='bbox 767 2991 870 3058; x_wconf 79' lang='lat' dir='ltr'><strong>agetur.</strong></span> <span class='ocrx_word' id='word_1_557' title='bbox 905 2987 957 3058; x_wconf 76' lang='lat' dir='ltr'><strong>Qui</strong></span> <span class='ocrx_word' id='word_1_558' title='bbox 999 3003 1029 3042; x_wconf 89' lang='lat' dir='ltr'><strong>ro</strong></span> <span class='ocrx_word' id='word_1_559' title='bbox 1052 2987 1092 3042; x_wconf 91' lang='lat' dir='ltr'><strong>rei</strong></span> <span class='ocrx_word' id='word_1_560' title='bbox 1142 2987 1283 3054; x_wconf 88' lang='lat' dir='ltr'><strong>desiderat,</strong></span> <span class='ocrx_word' id='word_1_561' title='bbox 1301 2987 1450 3042; x_wconf 86' lang='lat' dir='ltr'><strong>satisdaret.</strong></span> 
     </span>
     <span class='ocr_line' id='line_1_40' title="bbox 282 3005 1945 3140; baseline 0 -28"><span class='ocrx_word' id='word_1_562' title='bbox 282 3057 410 3128; x_wconf 88' lang='lat' dir='ltr'><strong>qualitate</strong></span> <span class='ocrx_word' id='word_1_563' title='bbox 428 3055 620 3112; x_wconf 79' lang='lat' dir='ltr'><strong>evidentissime</strong></span> <span class='ocrx_word' id='word_1_564' title='bbox 636 3057 795 3128; x_wconf 87' lang='lat' dir='ltr'><strong>locupletem</strong></span> <span class='ocrx_word' id='word_1_565' title='bbox 818 3057 874 3136; x_wconf 70' lang='lat' dir='ltr'><strong>pel,</strong></span> <span class='ocrx_word' id='word_1_566' title='bbox 899 3057 924 3112; x_wconf 91' lang='grc' dir='ltr'><strong>ιι</strong></span> <span class='ocrx_word' id='word_1_567' title='bbox 947 3005 1090 3124; x_wconf 55' lang='lat' dir='ltr'><strong>duditebrr,</strong></span> <span class='ocrx_word' id='word_1_568' title='bbox 1176 3053 1195 3116; x_wconf 84' lang='grc'>9</span> <span class='ocrx_word' id='word_1_569' title='bbox 1216 3055 1308 3112; x_wconf 69' lang='lat' dir='ltr'><strong>Geras</strong></span> <span class='ocrx_word' id='word_1_570' title='bbox 1322 3057 1389 3112; x_wconf 86' lang='lat' dir='ltr'><strong>libro</strong></span> <span class='ocrx_word' id='word_1_571' title='bbox 1408 3057 1500 3128; x_wconf 85' lang='lat' dir='ltr'><strong>qrciniv</strong></span> <span class='ocrx_word' id='word_1_572' title='bbox 1518 3057 1555 3112; x_wconf 88' lang='lat' dir='ltr'><strong>ad</strong></span> <span class='ocrx_word' id='word_1_573' title='bbox 1572 3057 1686 3112; x_wconf 82' lang='lat' dir='ltr'><strong>edictvm</strong></span> <span class='ocrx_word' id='word_1_574' title='bbox 1699 3057 1870 3140; x_wconf 72' lang='lat' dir='ltr'><strong>provinciale</strong></span> <span class='ocrx_word' id='word_1_575' title='bbox 1901 3059 1945 3112; x_wconf 89' lang='lat' dir='ltr'><strong>Ar·</strong></span> 
     </span>
     <span class='ocr_line' id='line_1_41' title="bbox 281 3125 1946 3196; baseline 0.001 -16"><span class='ocrx_word' id='word_1_576' title='bbox 281 3127 459 3196; x_wconf 89' lang='lat' dir='ltr'><strong>adprobatum</strong></span> <span class='ocrx_word' id='word_1_577' title='bbox 481 3125 663 3182; x_wconf 89' lang='lat' dir='ltr'><strong>fideiussorem</strong></span> <span class='ocrx_word' id='word_1_578' title='bbox 686 3127 782 3180; x_wconf 91' lang='lat' dir='ltr'><strong>iudicio</strong></span> <span class='ocrx_word' id='word_1_579' title='bbox 807 3127 919 3182; x_wconf 80' lang='lat' dir='ltr'><strong>sistendi</strong></span> <span class='ocrx_word' id='word_1_580' title='bbox 937 3141 1020 3182; x_wconf 89' lang='lat' dir='ltr'><strong>causa</strong></span> <span class='ocrx_word' id='word_1_581' title='bbox 1037 3143 1091 3182; x_wconf 91' lang='lat' dir='ltr'><strong>non</strong></span> <span class='ocrx_word' id='word_1_582' title='bbox 1141 3127 1212 3182; x_wconf 88' lang='lat' dir='ltr'><strong>bitro</strong></span> <span class='ocrx_word' id='word_1_583' title='bbox 1227 3127 1262 3180; x_wconf 90' lang='lat' dir='ltr'><strong>ad</strong></span> <span class='ocrx_word' id='word_1_584' title='bbox 1272 3125 1442 3182; x_wconf 89' lang='lat' dir='ltr'><strong>fideiussores</strong></span> <span class='ocrx_word' id='word_1_585' title='bbox 1457 3127 1611 3196; x_wconf 79' lang='lat' dir='ltr'><strong>probandos</strong></span> <span class='ocrx_word' id='word_1_586' title='bbox 1625 3131 1778 3192; x_wconf 83' lang='lat' dir='ltr'><strong>constituto,</strong></span> <span class='ocrx_word' id='word_1_587' title='bbox 1794 3127 1817 3180; x_wconf 83' lang='lat' dir='ltr'><strong>ri</strong></span> <span class='ocrx_word' id='word_1_588' title='bbox 1831 3127 1860 3182; x_wconf 88' lang='lat' dir='ltr'><strong>in</strong></span> <span class='ocrx_word' id='word_1_589' title='bbox 1874 3127 1946 3182; x_wconf 90' lang='lat' dir='ltr'><strong>alter·</strong></span> 
     </span>
     <span class='ocr_line' id='line_1_42' title="bbox 281 3195 1947 3266; baseline 0 -16"><span class='ocrx_word' id='word_1_590' title='bbox 281 3197 427 3264; x_wconf 84' lang='lat' dir='ltr'><strong>acceperit:</strong></span> <span class='ocrx_word' id='word_1_591' title='bbox 446 3195 602 3250; x_wconf 88' lang='lat' dir='ltr'><strong>iniuriarum</strong></span> <span class='ocrx_word' id='word_1_592' title='bbox 617 3195 685 3250; x_wconf 86' lang='lat' dir='ltr'><strong>actio</strong></span> <span class='ocrx_word' id='word_1_593' title='bbox 701 3195 829 3250; x_wconf 81' lang='lat' dir='ltr'><strong>adversus</strong></span> <span class='ocrx_word' id='word_1_594' title='bbox 845 3211 906 3250; x_wconf 89' lang='lat' dir='ltr'><strong>eum</strong></span> <span class='ocrx_word' id='word_1_595' title='bbox 923 3211 981 3250; x_wconf 89' lang='lat' dir='ltr'><strong>esse</strong></span> <span class='ocrx_word' id='word_1_596' title='bbox 995 3199 1091 3264; x_wconf 88' lang='lat' dir='ltr'><strong>potest,</strong></span> <span class='ocrx_word' id='word_1_597' title='bbox 1142 3201 1229 3250; x_wconf 90' lang='lat' dir='ltr'><strong>utram</strong></span> <span class='ocrx_word' id='word_1_598' title='bbox 1246 3201 1350 3266; x_wconf 88' lang='lat' dir='ltr'><strong>partem</strong></span> <span class='ocrx_word' id='word_1_599' title='bbox 1366 3195 1486 3262; x_wconf 91' lang='lat' dir='ltr'><strong>iniquum</strong></span> <span class='ocrx_word' id='word_1_600' title='bbox 1505 3195 1672 3250; x_wconf 89' lang='lat' dir='ltr'><strong>arbitrium¹¹</strong></span> <span class='ocrx_word' id='word_1_601' title='bbox 1690 3195 1826 3260; x_wconf 68' lang='lat' dir='ltr'><strong>adeatur,</strong></span> <span class='ocrx_word' id='word_1_602' title='bbox 1844 3195 1947 3266; x_wconf 90' lang='lat' dir='ltr'><strong>perinde</strong></span> 
     </span>
     <span class='ocr_line' id='line_1_43' title="bbox 281 3263 1767 3334; baseline 0 -16"><span class='ocrx_word' id='word_1_603' title='bbox 281 3265 344 3334; x_wconf 91' lang='lat' dir='ltr'><strong>quia</strong></span> <span class='ocrx_word' id='word_1_604' title='bbox 362 3279 426 3318; x_wconf 89' lang='lat' dir='ltr'><strong>sane</strong></span> <span class='ocrx_word' id='word_1_605' title='bbox 443 3281 498 3320; x_wconf 89' lang='lat' dir='ltr'><strong>non</strong></span> <span class='ocrx_word' id='word_1_606' title='bbox 515 3265 648 3334; x_wconf 87' lang='lat' dir='ltr'><strong>quaelibet</strong></span> <span class='ocrx_word' id='word_1_607' title='bbox 665 3263 762 3318; x_wconf 87' lang='lat' dir='ltr'><strong>iniuria</strong></span> <span class='ocrx_word' id='word_1_608' title='bbox 779 3267 820 3318; x_wconf 89' lang='lat' dir='ltr'><strong>est</strong></span> <span class='ocrx_word' id='word_1_609' title='bbox 838 3263 900 3318; x_wconf 90' lang='lat' dir='ltr'><strong>duci</strong></span> <span class='ocrx_word' id='word_1_610' title='bbox 917 3265 1091 3330; x_wconf 86' lang='lat' dir='ltr'><strong>iniussum,</strong></span> <span class='ocrx_word' id='word_1_611' title='bbox 1142 3265 1176 3320; x_wconf 91' lang='lat' dir='ltr'><strong>ab</strong></span> <span class='ocrx_word' id='word_1_612' title='bbox 1195 3279 1227 3320; x_wconf 92' lang='lat' dir='ltr'><strong>eo</strong></span> <span class='ocrx_word' id='word_1_613' title='bbox 1245 3271 1326 3334; x_wconf 86' lang='lat' dir='ltr'><strong>atque</strong></span> <span class='ocrx_word' id='word_1_614' title='bbox 1343 3265 1377 3318; x_wconf 89' lang='lat' dir='ltr'><strong>ab</strong></span> <span class='ocrx_word' id='word_1_615' title='bbox 1394 3263 1527 3318; x_wconf 89' lang='lat' dir='ltr'><strong>iudicibus</strong></span> <span class='ocrx_word' id='word_1_616' title='bbox 1543 3265 1681 3334; x_wconf 87' lang='lat' dir='ltr'><strong>appellare</strong></span> <span class='ocrx_word' id='word_1_617' title='bbox 1697 3265 1767 3318; x_wconf 89' lang='lat' dir='ltr'><strong>licet.</strong></span> 
     </span>
     <span class='ocr_line' id='line_1_44' title="bbox 281 3331 1946 3406; baseline -0.001 -18"><span class='ocrx_word' id='word_1_618' title='bbox 281 3333 326 3402; x_wconf 84' lang='lat' dir='ltr'><strong>qui</strong></span> <span class='ocrx_word' id='word_1_619' title='bbox 343 3333 408 3388; x_wconf 89' lang='lat' dir='ltr'><strong>satis</strong></span> <span class='ocrx_word' id='word_1_620' title='bbox 425 3331 550 3388; x_wconf 89' lang='lat' dir='ltr'><strong>idoneum</strong></span> <span class='ocrx_word' id='word_1_621' title='bbox 566 3331 750 3388; x_wconf 86' lang='lat' dir='ltr'><strong>fideiussorem</strong></span> <span class='ocrx_word' id='word_1_622' title='bbox 768 3331 820 3388; x_wconf 92' lang='lat' dir='ltr'><strong>det.</strong></span> <span class='ocrx_word' id='word_1_623' title='bbox 846 3331 894 3388; x_wconf 88' lang='lat' dir='ltr'><strong>sed</strong></span> <span class='ocrx_word' id='word_1_624' title='bbox 912 3339 939 3386; x_wconf 91' lang='lat' dir='ltr'><strong>et</strong></span> <span class='ocrx_word' id='word_1_625' title='bbox 956 3331 1014 3402; x_wconf 91' lang='lat' dir='ltr'><strong>ipse</strong></span> <span class='ocrx_word' id='word_1_626' title='bbox 1025 3331 1090 3386; x_wconf 89' lang='lat' dir='ltr'><strong>iide-</strong></span> <span class='ocrx_word' id='word_1_627' title='bbox 1178 3331 1216 3392; x_wconf 87' lang='lat'><strong>10</strong></span> <span class='ocrx_word' id='word_1_628' title='bbox 1235 3331 1434 3388; x_wconf 76' lang='lat' dir='ltr'><strong>Paaavslibro</strong></span> <span class='ocrx_word' id='word_1_629' title='bbox 1448 3333 1664 3406; x_wconf 80' lang='lat' dir='ltr'><strong>scplvapcnsirno</strong></span> <span class='ocrx_word' id='word_1_630' title='bbox 1680 3333 1774 3406; x_wconf 83' lang='lat' dir='ltr'><strong>quinto</strong></span> <span class='ocrx_word' id='word_1_631' title='bbox 1790 3331 1946 3388; x_wconf 74' lang='lat' dir='ltr'><strong>valedictura</strong></span> 
     </span>
     <span class='ocr_line' id='line_1_45' title="bbox 278 3401 1947 3526; baseline 0.001 -70"><span class='ocrx_word' id='word_1_632' title='bbox 278 3401 375 3468; x_wconf 89' lang='lat' dir='ltr'><strong>iussor,</strong></span> <span class='ocrx_word' id='word_1_633' title='bbox 393 3401 508 3472; x_wconf 91' lang='lat' dir='ltr'><strong>quinon</strong></span> <span class='ocrx_word' id='word_1_634' title='bbox 526 3403 561 3456; x_wconf 89' lang='lat' dir='ltr'><strong>sit</strong></span> <span class='ocrx_word' id='word_1_635' title='bbox 577 3407 713 3472; x_wconf 88' lang='lat' dir='ltr'><strong>acceptus,</strong></span> <span class='ocrx_word' id='word_1_636' title='bbox 731 3407 867 3472; x_wconf 90' lang='lat' dir='ltr'><strong>tamquam</strong></span> <span class='ocrx_word' id='word_1_637' title='bbox 883 3401 916 3454; x_wconf 91' lang='lat' dir='ltr'><strong>de</strong></span> <span class='ocrx_word' id='word_1_638' title='bbox 930 3401 1026 3456; x_wconf 87' lang='lat' dir='ltr'><strong>iniuria</strong></span> <span class='ocrx_word' id='word_1_639' title='bbox 1041 3401 1092 3458; x_wconf 89' lang='lat' dir='ltr'><strong>sibi</strong></span> <span class='ocrx_word' id='word_1_640' title='bbox 1143 3401 1171 3456; x_wconf 84' lang='lat' dir='ltr'><strong>si</strong></span> <span class='ocrx_word' id='word_1_641' title='bbox 1189 3403 1223 3458; x_wconf 89' lang='lat' dir='ltr'><strong>ab</strong></span> <span class='ocrx_word' id='word_1_642' title='bbox 1241 3403 1342 3458; x_wconf 91' lang='lat' dir='ltr'><strong>arbitro</strong></span> <span class='ocrx_word' id='word_1_643' title='bbox 1361 3403 1469 3474; x_wconf 90' lang='lat' dir='ltr'><strong>probati</strong></span> <span class='ocrx_word' id='word_1_644' title='bbox 1486 3409 1549 3458; x_wconf 90' lang='lat' dir='ltr'><strong>sunt</strong></span> <span class='ocrx_word' id='word_1_645' title='bbox 1565 3403 1751 3468; x_wconf 87' lang='lat' dir='ltr'><strong>fideiussores,</strong></span> <span class='ocrx_word' id='word_1_646' title='bbox 1769 3419 1818 3526; x_wconf 56' lang='lat' dir='ltr'><strong>Ero</strong></span> <span class='ocrx_word' id='word_1_647' title='bbox 1835 3403 1947 3472; x_wconf 91' lang='lat' dir='ltr'><strong>locuple·</strong></span> 
     </span>
     <span class='ocr_line' id='line_1_46' title="bbox 278 3469 1947 3542; baseline 0.001 -18"><span class='ocrx_word' id='word_1_648' title='bbox 278 3469 353 3526; x_wconf 89' lang='lat' dir='ltr'><strong>facta</strong></span> <span class='ocrx_word' id='word_1_649' title='bbox 371 3469 444 3540; x_wconf 89' lang='lat' dir='ltr'><strong>queri</strong></span> <span class='ocrx_word' id='word_1_650' title='bbox 461 3469 567 3540; x_wconf 87' lang='lat' dir='ltr'><strong>poterit.</strong></span> <span class='ocrx_word' id='word_1_651' title='bbox 1142 3471 1214 3526; x_wconf 88' lang='lat' dir='ltr'><strong>tibus</strong></span> <span class='ocrx_word' id='word_1_652' title='bbox 1231 3471 1347 3526; x_wconf 88' lang='lat' dir='ltr'><strong>habendi</strong></span> <span class='ocrx_word' id='word_1_653' title='bbox 1364 3475 1440 3536; x_wconf 88' lang='lat' dir='ltr'><strong>sunt,</strong></span> <span class='ocrx_word' id='word_1_654' title='bbox 1464 3487 1527 3526; x_wconf 88' lang='lat' dir='ltr'><strong>cum</strong></span> <span class='ocrx_word' id='word_1_655' title='bbox 1548 3471 1666 3542; x_wconf 88' lang='lat' dir='ltr'><strong>potuerit</strong></span> <span class='ocrx_word' id='word_1_656' title='bbox 1690 3487 1770 3542; x_wconf 86' lang='lat' dir='ltr'><strong>quere</strong></span> <span class='ocrx_word' id='word_1_657' title='bbox 1791 3487 1808 3526; x_wconf 90' lang='lat' dir='ltr'><strong>a</strong></span> <span class='ocrx_word' id='word_1_658' title='bbox 1831 3471 1866 3526; x_wconf 89' lang='lat' dir='ltr'><strong>ad</strong></span> <span class='ocrx_word' id='word_1_659' title='bbox 1883 3487 1947 3526; x_wconf 91' lang='lat' dir='ltr'><strong>com·</strong></span> 
     </span>
     <span class='ocr_line' id='line_1_47' title="bbox 314 3535 1947 3610; baseline -0.002 -14"><span class='ocrx_word' id='word_1_660' title='bbox 314 3535 333 3596; x_wconf 88' lang='lat'>6</span> <span class='ocrx_word' id='word_1_661' title='bbox 351 3539 471 3594; x_wconf 73' lang='lat' dir='ltr'><strong>Procas</strong></span> <span class='ocrx_word' id='word_1_662' title='bbox 485 3539 554 3594; x_wconf 83' lang='lat' dir='ltr'><strong>libro</strong></span> <span class='ocrx_word' id='word_1_663' title='bbox 572 3539 729 3594; x_wconf 84' lang='lat' dir='ltr'><strong>duodecimo</strong></span> <span class='ocrx_word' id='word_1_664' title='bbox 752 3537 790 3592; x_wconf 88' lang='lat' dir='ltr'><strong>ad</strong></span> <span class='ocrx_word' id='word_1_665' title='bbox 806 3539 922 3592; x_wconf 81' lang='lat' dir='ltr'><strong>edictvm</strong></span> <span class='ocrx_word' id='word_1_666' title='bbox 963 3535 1091 3604; x_wconf 78' lang='lat' dir='ltr'><strong>Quotiens</strong></span> <span class='ocrx_word' id='word_1_667' title='bbox 1142 3543 1277 3608; x_wconf 90' lang='lat' dir='ltr'><strong>petentem</strong></span> <span class='ocrx_word' id='word_1_668' title='bbox 1293 3541 1409 3594; x_wconf 90' lang='lat' dir='ltr'><strong>iudicem</strong></span> <span class='ocrx_word' id='word_1_669' title='bbox 1426 3537 1538 3604; x_wconf 88' lang='lat' dir='ltr'><strong>deferri,</strong></span> <span class='ocrx_word' id='word_1_670' title='bbox 1557 3541 1602 3610; x_wconf 91' lang='lat' dir='ltr'><strong>qui</strong></span> <span class='ocrx_word' id='word_1_671' title='bbox 1619 3555 1653 3594; x_wconf 82' lang='lat' dir='ltr'><strong>ex</strong></span> <span class='ocrx_word' id='word_1_672' title='bbox 1671 3553 1753 3594; x_wconf 90' lang='lat' dir='ltr'><strong>causa</strong></span> <span class='ocrx_word' id='word_1_673' title='bbox 1769 3541 1905 3610; x_wconf 90' lang='lat' dir='ltr'><strong>improbat</strong></span> <span class='ocrx_word' id='word_1_674' title='bbox 1921 3541 1947 3592; x_wconf 91' lang='lat' dir='ltr'><strong>ab</strong></span> 
     </span>
     <span class='ocr_line' id='line_1_48' title="bbox 279 3607 1948 3678; baseline 0 -16"><span class='ocrx_word' id='word_1_675' title='bbox 279 3607 371 3662; x_wconf 80' lang='lat' dir='ltr'><strong>vitiose</strong></span> <span class='ocrx_word' id='word_1_676' title='bbox 388 3613 495 3662; x_wconf 88' lang='lat' dir='ltr'><strong>cautum</strong></span> <span class='ocrx_word' id='word_1_677' title='bbox 508 3607 549 3662; x_wconf 87' lang='lat' dir='ltr'><strong>vel</strong></span> <span class='ocrx_word' id='word_1_678' title='bbox 562 3607 721 3664; x_wconf 77' lang='lat' dir='ltr'><strong>satisdatum</strong></span> <span class='ocrx_word' id='word_1_679' title='bbox 731 3613 780 3674; x_wconf 88' lang='lat' dir='ltr'><strong>est,</strong></span> <span class='ocrx_word' id='word_1_680' title='bbox 797 3607 1089 3662; x_wconf 87' lang='lat' dir='ltr'><strong>nonvideturcautum.</strong></span> <span class='ocrx_word' id='word_1_681' title='bbox 1145 3613 1157 3660; x_wconf 86' lang='lat'>1</span> <span class='ocrx_word' id='word_1_682' title='bbox 1193 3607 1294 3664; x_wconf 91' lang='lat' dir='ltr'><strong>arbitro</strong></span> <span class='ocrx_word' id='word_1_683' title='bbox 1311 3609 1449 3678; x_wconf 86' lang='lat' dir='ltr'><strong>probatos,</strong></span> <span class='ocrx_word' id='word_1_684' title='bbox 1468 3607 1533 3664; x_wconf 89' lang='lat' dir='ltr'><strong>alias</strong></span> <span class='ocrx_word' id='word_1_685' title='bbox 1547 3607 1713 3678; x_wconf 89' lang='lat' dir='ltr'><strong>improbatos</strong></span> <span class='ocrx_word' id='word_1_686' title='bbox 1727 3608 1871 3678; x_wconf 51' lang='lat' dir='ltr'><strong>probate:</strong></span> <span class='ocrx_word' id='word_1_687' title='bbox 1889 3607 1948 3662; x_wconf 90' lang='lat' dir='ltr'><strong>mul·</strong></span> 
     </span>
     <span class='ocr_line' id='line_1_49' title="bbox 314 3673 1948 3748; baseline 0 -16"><span class='ocrx_word' id='word_1_688' title='bbox 314 3673 502 3732; x_wconf 65' lang='lat' dir='ltr'><strong>illaesurus</strong></span> <span class='ocrx_word' id='word_1_689' title='bbox 516 3677 583 3732; x_wconf 84' lang='lat' dir='ltr'><strong>libro</strong></span> <span class='ocrx_word' id='word_1_690' title='bbox 602 3685 701 3748; x_wconf 84' lang='lat' dir='ltr'><strong>quarto</strong></span> <span class='ocrx_word' id='word_1_691' title='bbox 727 3677 829 3732; x_wconf 84' lang='lat' dir='ltr'><strong>decimo</strong></span> <span class='ocrx_word' id='word_1_692' title='bbox 853 3677 891 3730; x_wconf 81' lang='lat' dir='ltr'><strong>acl</strong></span> <span class='ocrx_word' id='word_1_693' title='bbox 914 3675 1029 3730; x_wconf 83' lang='lat' dir='ltr'><strong>edictvm</strong></span> <span class='ocrx_word' id='word_1_694' title='bbox 1064 3675 1092 3730; x_wconf 80' lang='lat' dir='ltr'><strong>Si</strong></span> <span class='ocrx_word' id='word_1_695' title='bbox 1142 3681 1224 3748; x_wconf 88' lang='lat' dir='ltr'><strong>toque</strong></span> <span class='ocrx_word' id='word_1_696' title='bbox 1244 3679 1342 3748; x_wconf 82' lang='lat' dir='ltr'><strong>magis,</strong></span> <span class='ocrx_word' id='word_1_697' title='bbox 1369 3677 1392 3734; x_wconf 88' lang='grc' dir='ltr'><strong>ιι</strong></span> <span class='ocrx_word' id='word_1_698' title='bbox 1418 3691 1468 3732; x_wconf 90' lang='lat' dir='ltr'><strong>sua</strong></span> <span class='ocrx_word' id='word_1_699' title='bbox 1490 3679 1628 3732; x_wconf 83' lang='lat' dir='ltr'><strong>voluntate</strong></span> <span class='ocrx_word' id='word_1_700' title='bbox 1652 3679 1756 3748; x_wconf 88' lang='lat' dir='ltr'><strong>accepit</strong></span> <span class='ocrx_word' id='word_1_701' title='bbox 1778 3677 1948 3742; x_wconf 76' lang='lat' dir='ltr'><strong>fideiussores,</strong></span> 
     </span>
     <span class='ocr_line' id='line_1_50' title="bbox 278 3745 1950 3818; baseline 0.001 -18"><span class='ocrx_word' id='word_1_702' title='bbox 278 3745 420 3802; x_wconf 81' lang='lat' dir='ltr'><strong>fideiussor</strong></span> <span class='ocrx_word' id='word_1_703' title='bbox 437 3763 492 3802; x_wconf 90' lang='lat' dir='ltr'><strong>non</strong></span> <span class='ocrx_word' id='word_1_704' title='bbox 508 3751 618 3816; x_wconf 82' lang='lat' dir='ltr'><strong>negetur</strong></span> <span class='ocrx_word' id='word_1_705' title='bbox 640 3745 768 3812; x_wconf 92' lang='lat' dir='ltr'><strong>idoneus,</strong></span> <span class='ocrx_word' id='word_1_706' title='bbox 793 3746 841 3802; x_wconf 90' lang='lat' dir='ltr'><strong>sed</strong></span> <span class='ocrx_word' id='word_1_707' title='bbox 865 3745 970 3800; x_wconf 88' lang='lat' dir='ltr'><strong>dicatur</strong></span> <span class='ocrx_word' id='word_1_708' title='bbox 992 3745 1092 3800; x_wconf 88' lang='lat' dir='ltr'><strong>habere</strong></span> <span class='ocrx_word' id='word_1_709' title='bbox 1144 3751 1286 3802; x_wconf 88' lang='lat' dir='ltr'><strong>contentus</strong></span> <span class='ocrx_word' id='word_1_710' title='bbox 1308 3747 1350 3802; x_wconf 87' lang='lat' dir='ltr'><strong>his</strong></span> <span class='ocrx_word' id='word_1_711' title='bbox 1375 3763 1434 3802; x_wconf 87' lang='lat' dir='ltr'><strong>esse</strong></span> <span class='ocrx_word' id='word_1_712' title='bbox 1457 3745 1543 3802; x_wconf 90' lang='lat' dir='ltr'><strong>debet.</strong></span> <span class='ocrx_word' id='word_1_713' title='bbox 1580 3747 1653 3818; x_wconf 91' lang='lat' dir='ltr'><strong>quod</strong></span> <span class='ocrx_word' id='word_1_714' title='bbox 1679 3747 1701 3802; x_wconf 91' lang='lat' dir='ltr'><strong>si</strong></span> <span class='ocrx_word' id='word_1_715' title='bbox 1727 3747 1812 3802; x_wconf 89' lang='lat' dir='ltr'><strong>medio</strong></span> <span class='ocrx_word' id='word_1_716' title='bbox 1839 3753 1950 3818; x_wconf 86' lang='lat' dir='ltr'><strong>tempore</strong></span> 
     </span>
     <span class='ocr_line' id='line_1_51' title="bbox 277 3813 1950 3886; baseline 0 -18"><span class='ocrx_word' id='word_1_717' title='bbox 277 3813 331 3868; x_wconf 89' lang='lat' dir='ltr'><strong>fori</strong></span> <span class='ocrx_word' id='word_1_718' title='bbox 354 3815 591 3886; x_wconf 87' lang='lat' dir='ltr'><strong>praescriptionem</strong></span> <span class='ocrx_word' id='word_1_719' title='bbox 614 3819 641 3868; x_wconf 93' lang='lat' dir='ltr'><strong>et</strong></span> <span class='ocrx_word' id='word_1_720' title='bbox 663 3821 765 3870; x_wconf 90' lang='lat' dir='ltr'><strong>metuat</strong></span> <span class='ocrx_word' id='word_1_721' title='bbox 787 3813 886 3886; x_wconf 86' lang='lat' dir='ltr'><strong>petitor</strong></span> <span class='ocrx_word' id='word_1_722' title='bbox 910 3829 944 3868; x_wconf 92' lang='lat' dir='ltr'><strong>ne</strong></span> <span class='ocrx_word' id='word_1_723' title='bbox 965 3813 1023 3868; x_wconf 91' lang='lat' dir='ltr'><strong>iure</strong></span> <span class='ocrx_word' id='word_1_724' title='bbox 1040 3813 1092 3868; x_wconf 92' lang='lat' dir='ltr'><strong>fori</strong></span> <span class='ocrx_word' id='word_1_725' title='bbox 1144 3815 1282 3870; x_wconf 90' lang='lat' dir='ltr'><strong>calamitas</strong></span> <span class='ocrx_word' id='word_1_726' title='bbox 1308 3815 1510 3870; x_wconf 85' lang='lat' dir='ltr'><strong>fideiussoribus</strong></span> <span class='ocrx_word' id='word_1_727' title='bbox 1535 3817 1645 3886; x_wconf 81' lang='lat' dir='ltr'><strong>insignis</strong></span> <span class='ocrx_word' id='word_1_728' title='bbox 1672 3817 1713 3872; x_wconf 87' lang='lat' dir='ltr'><strong>vel</strong></span> <span class='ocrx_word' id='word_1_729' title='bbox 1739 3831 1782 3868; x_wconf 91' lang='lat' dir='ltr'><strong>ma</strong></span> <span class='ocrx_word' id='word_1_730' title='bbox 1820 3831 1836 3870; x_wconf 93' lang='lat' dir='ltr'><strong>a</strong></span> <span class='ocrx_word' id='word_1_731' title='bbox 1867 3815 1950 3886; x_wconf 90' lang='lat' dir='ltr'><strong>inopia</strong></span> 
     </span>
     <span class='ocr_line' id='line_1_52' title="bbox 278 3882 1923 3956; baseline 0 -18"><span class='ocrx_word' id='word_1_732' title='bbox 278 3887 386 3938; x_wconf 89' lang='lat' dir='ltr'><strong>utatur:</strong></span> <span class='ocrx_word' id='word_1_733' title='bbox 411 3883 552 3938; x_wconf 84' lang='lat' dir='ltr'><strong>videndum</strong></span> <span class='ocrx_word' id='word_1_734' title='bbox 569 3883 634 3954; x_wconf 92' lang='lat' dir='ltr'><strong>quid</strong></span> <span class='ocrx_word' id='word_1_735' title='bbox 650 3883 716 3940; x_wconf 86' lang='lat' dir='ltr'><strong>iuris</strong></span> <span class='ocrx_word' id='word_1_736' title='bbox 734 3883 777 3940; x_wconf 90' lang='lat' dir='ltr'><strong>sit.</strong></span> <span class='ocrx_word' id='word_1_737' title='bbox 812 3889 839 3938; x_wconf 92' lang='grc' dir='ltr'><strong>ιι</strong></span> <span class='ocrx_word' id='word_1_738' title='bbox 863 3883 939 3938; x_wconf 85' lang='lat' dir='ltr'><strong>dirus</strong></span> <span class='ocrx_word' id='word_1_739' title='bbox 961 3883 1026 3938; x_wconf 91' lang='lat' dir='ltr'><strong>Pius</strong></span> <span class='ocrx_word' id='word_1_740' title='bbox 1052 3885 1092 3950; x_wconf 84' lang='lat' dir='ltr'><strong>(ut</strong></span> <span class='ocrx_word' id='word_1_741' title='bbox 1143 3883 1250 3950; x_wconf 87' lang='lat' dir='ltr'><strong>accidit,</strong></span> <span class='ocrx_word' id='word_1_742' title='bbox 1269 3901 1351 3940; x_wconf 88' lang='lat' dir='ltr'><strong>causa</strong></span> <span class='ocrx_word' id='word_1_743' title='bbox 1369 3883 1476 3952; x_wconf 82' lang='lat' dir='ltr'><strong>cognita</strong></span> <span class='ocrx_word' id='word_1_744' title='bbox 1494 3899 1527 3940; x_wconf 85' lang='lat' dir='ltr'><strong>ex</strong></span> <span class='ocrx_word' id='word_1_745' title='bbox 1542 3882 1645 3956; x_wconf 85' lang='lat' dir='ltr'><strong>integro</strong></span> <span class='ocrx_word' id='word_1_746' title='bbox 1663 3883 1784 3940; x_wconf 86' lang='lat' dir='ltr'><strong>satisdan</strong></span> <span class='ocrx_word' id='word_1_747' title='bbox 1802 3900 1848 3940; x_wconf 91' lang='lat' dir='ltr'><strong>um</strong></span> <span class='ocrx_word' id='word_1_748' title='bbox 1867 3885 1923 3940; x_wconf 86' lang='lat' dir='ltr'><strong>erit.</strong></span> 
     </span>
     <span class='ocr_line' id='line_1_53' title="bbox 278 3949 1950 4028; baseline 0.001 -22"><span class='ocrx_word' id='word_1_749' title='bbox 278 3955 306 4006; x_wconf 90' lang='lat' dir='ltr'><strong>et</strong></span> <span class='ocrx_word' id='word_1_750' title='bbox 323 3951 486 4022; x_wconf 87' lang='lat' dir='ltr'><strong>Pomponius</strong></span> <span class='ocrx_word' id='word_1_751' title='bbox 511 3951 579 4008; x_wconf 92' lang='lat' dir='ltr'><strong>libro</strong></span> <span class='ocrx_word' id='word_1_752' title='bbox 603 3953 777 4024; x_wconf 88' lang='lat' dir='ltr'><strong>epistularum</strong></span> <span class='ocrx_word' id='word_1_753' title='bbox 800 3951 884 4006; x_wconf 86' lang='lat' dir='ltr'><strong>refert</strong></span> <span class='ocrx_word' id='word_1_754' title='bbox 902 3957 930 4006; x_wconf 93' lang='lat' dir='ltr'><strong>et</strong></span> <span class='ocrx_word' id='word_1_755' title='bbox 945 3951 1091 4006; x_wconf 89' lang='lat' dir='ltr'><strong>Marcellus</strong></span> <span class='ocrx_word' id='word_1_756' title='bbox 1180 3949 1216 4010; x_wconf 91' lang='grc'><strong>11</strong></span> <span class='ocrx_word' id='word_1_757' title='bbox 1241 3951 1388 4010; x_wconf 69' lang='lat' dir='ltr'><strong>arrianos</strong></span> <span class='ocrx_word' id='word_1_758' title='bbox 1403 3955 1471 4010; x_wconf 80' lang='lat' dir='ltr'><strong>libro</strong></span> <span class='ocrx_word' id='word_1_759' title='bbox 1489 3955 1707 4028; x_wconf 77' lang='lat' dir='ltr'><strong>ceptnapenrinro</strong></span> <span class='ocrx_word' id='word_1_760' title='bbox 1744 3955 1819 4008; x_wconf 83' lang='lat' dir='ltr'><strong>ninia</strong></span> <span class='ocrx_word' id='word_1_761' title='bbox 1838 3955 1876 4008; x_wconf 85' lang='lat' dir='ltr'><strong>ad</strong></span> <span class='ocrx_word' id='word_1_762' title='bbox 1889 3953 1950 4008; x_wconf 86' lang='lat' dir='ltr'><strong>edic·</strong></span> 
     </span>
     <span class='ocr_line' id='line_1_54' title="bbox 277 3969 1951 4092; baseline 0.001 -16"><span class='ocrx_word' id='word_1_763' title='bbox 277 4021 345 4076; x_wconf 90' lang='lat' dir='ltr'><strong>libro</strong></span> <span class='ocrx_word' id='word_1_764' title='bbox 372 4021 450 4076; x_wconf 89' lang='lat' dir='ltr'><strong>tertio</strong></span> <span class='ocrx_word' id='word_1_765' title='bbox 477 4021 639 4090; x_wconf 86' lang='lat' dir='ltr'><strong>digestorum</strong></span> <span class='ocrx_word' id='word_1_766' title='bbox 665 4027 692 4078; x_wconf 92' lang='lat' dir='ltr'><strong>et</strong></span> <span class='ocrx_word' id='word_1_767' title='bbox 716 4021 881 4092; x_wconf 87' lang='lat' dir='ltr'><strong>Papinianus</strong></span> <span class='ocrx_word' id='word_1_768' title='bbox 912 4021 981 4076; x_wconf 88' lang='lat' dir='ltr'><strong>libro</strong></span> <span class='ocrx_word' id='word_1_769' title='bbox 1012 4021 1092 4078; x_wconf 89' lang='lat' dir='ltr'><strong>tertio</strong></span> <span class='ocrx_word' id='word_1_770' title='bbox 1144 4027 1200 4076; x_wconf 85' lang='lat' dir='ltr'><strong>tarn</strong></span> <span class='ocrx_word' id='word_1_771' title='bbox 1234 4023 1353 4078; x_wconf 87' lang='lat' dir='ltr'><strong>Iulianus</strong></span> <span class='ocrx_word' id='word_1_772' title='bbox 1368 4021 1420 4090; x_wconf 88' lang='lat' dir='ltr'><strong>ait,</strong></span> <span class='ocrx_word' id='word_1_773' title='bbox 1436 4021 1459 4078; x_wconf 90' lang='lat' dir='ltr'><strong>si</strong></span> <span class='ocrx_word' id='word_1_774' title='bbox 1474 4027 1544 4088; x_wconf 89' lang='lat' dir='ltr'><strong>ante,</strong></span> <span class='ocrx_word' id='word_1_775' title='bbox 1564 4039 1644 4092; x_wconf 87' lang='lat' dir='ltr'><strong>quam</strong></span> <span class='ocrx_word' id='word_1_776' title='bbox 1660 3969 1847 4078; x_wconf 62' lang='lat' dir='ltr'><strong>mandamns</strong></span> <span class='ocrx_word' id='word_1_777' title='bbox 1864 4023 1913 4078; x_wconf 93' lang='lat' dir='ltr'><strong>tibi</strong></span> <span class='ocrx_word' id='word_1_778' title='bbox 1928 4023 1951 4074; x_wconf 81' lang='lat' dir='ltr'><strong>ut</strong></span> 
     </span>
     <span class='ocr_line' id='line_1_55' title="bbox 279 4089 1951 4162; baseline -0.002 -18"><span class='ocrx_word' id='word_1_779' title='bbox 279 4089 474 4160; x_wconf 86' lang='lat' dir='ltr'><strong>quaestionum)</strong></span> <span class='ocrx_word' id='word_1_780' title='bbox 489 4089 612 4146; x_wconf 81' lang='lat' dir='ltr'><strong>Cornelio</strong></span> <span class='ocrx_word' id='word_1_781' title='bbox 622 4091 737 4146; x_wconf 90' lang='lat' dir='ltr'><strong>Proculo</strong></span> <span class='ocrx_word' id='word_1_782' title='bbox 755 4091 894 4160; x_wconf 89' lang='lat' dir='ltr'><strong>rescripsit</strong></span> <span class='ocrx_word' id='word_1_783' title='bbox 911 4091 1005 4144; x_wconf 84' lang='lat' dir='ltr'><strong>merito</strong></span> <span class='ocrx_word' id='word_1_784' title='bbox 1023 4091 1091 4162; x_wconf 90' lang='lat' dir='ltr'><strong>peti-</strong></span> <span class='ocrx_word' id='word_1_785' title='bbox 1143 4089 1256 4146; x_wconf 83' lang='lat' dir='ltr'><strong>fundum</strong></span> <span class='ocrx_word' id='word_1_786' title='bbox 1274 4097 1392 4162; x_wconf 88' lang='lat' dir='ltr'><strong>peteres,</strong></span> <span class='ocrx_word' id='word_1_787' title='bbox 1416 4091 1482 4146; x_wconf 89' lang='lat' dir='ltr'><strong>satis</strong></span> <span class='ocrx_word' id='word_1_788' title='bbox 1499 4093 1635 4162; x_wconf 89' lang='lat' dir='ltr'><strong>acceperis</strong></span> <span class='ocrx_word' id='word_1_789' title='bbox 1652 4093 1785 4160; x_wconf 83' lang='lat' dir='ltr'><strong>petiturus</strong></span> <span class='ocrx_word' id='word_1_790' title='bbox 1802 4091 1916 4146; x_wconf 91' lang='lat' dir='ltr'><strong>fundum</strong></span> <span class='ocrx_word' id='word_1_791' title='bbox 1932 4093 1951 4144; x_wconf 87' lang='lat' dir='ltr'><strong>et</strong></span> 
     </span>
     <span class='ocr_line' id='line_1_56' title="bbox 277 4159 1950 4228; baseline 0.001 -16"><span class='ocrx_word' id='word_1_792' title='bbox 277 4165 363 4214; x_wconf 88' lang='lat' dir='ltr'><strong>torem</strong></span> <span class='ocrx_word' id='word_1_793' title='bbox 380 4173 507 4216; x_wconf 88' lang='lat' dir='ltr'><strong>recusare</strong></span> <span class='ocrx_word' id='word_1_794' title='bbox 523 4161 605 4214; x_wconf 89' lang='lat' dir='ltr'><strong>talem</strong></span> <span class='ocrx_word' id='word_1_795' title='bbox 622 4159 818 4214; x_wconf 86' lang='lat' dir='ltr'><strong>fideiussorem:</strong></span> <span class='ocrx_word' id='word_1_796' title='bbox 838 4159 885 4214; x_wconf 88' lang='lat' dir='ltr'><strong>sed</strong></span> <span class='ocrx_word' id='word_1_797' title='bbox 895 4159 918 4214; x_wconf 90' lang='lat' dir='ltr'><strong>si</strong></span> <span class='ocrx_word' id='word_1_798' title='bbox 927 4159 994 4216; x_wconf 87' lang='lat' dir='ltr'><strong>alias</strong></span> <span class='ocrx_word' id='word_1_799' title='bbox 1004 4159 1093 4214; x_wconf 85' lang='lat' dir='ltr'><strong>careri</strong></span> <span class='ocrx_word' id='word_1_800' title='bbox 1143 4165 1239 4228; x_wconf 89' lang='lat' dir='ltr'><strong>postea</strong></span> <span class='ocrx_word' id='word_1_801' title='bbox 1264 4159 1394 4214; x_wconf 89' lang='lat' dir='ltr'><strong>mandatu</strong></span> <span class='ocrx_word' id='word_1_802' title='bbox 1419 4175 1478 4214; x_wconf 90' lang='lat' dir='ltr'><strong>meo</strong></span> <span class='ocrx_word' id='word_1_803' title='bbox 1502 4173 1581 4228; x_wconf 86' lang='lat' dir='ltr'><strong>agere</strong></span> <span class='ocrx_word' id='word_1_804' title='bbox 1603 4161 1762 4226; x_wconf 88' lang='lat' dir='ltr'><strong>institueris,</strong></span> <span class='ocrx_word' id='word_1_805' title='bbox 1791 4159 1950 4216; x_wconf 79' lang='lat' dir='ltr'><strong>fideiussores</strong></span> 
     </span>
     <span class='ocr_line' id='line_1_57' title="bbox 277 4227 1236 4298; baseline 0 -16"><span class='ocrx_word' id='word_1_806' title='bbox 277 4243 333 4282; x_wconf 87' lang='lat' dir='ltr'><strong>non</strong></span> <span class='ocrx_word' id='word_1_807' title='bbox 349 4227 449 4298; x_wconf 85' lang='lat' dir='ltr'><strong>possit,</strong></span> <span class='ocrx_word' id='word_1_808' title='bbox 467 4227 675 4298; x_wconf 87' lang='lat' dir='ltr'><strong>praedicendum</strong></span> <span class='ocrx_word' id='word_1_809' title='bbox 692 4227 716 4282; x_wconf 93' lang='lat' dir='ltr'><strong>ei</strong></span> <span class='ocrx_word' id='word_1_810' title='bbox 733 4245 788 4282; x_wconf 90' lang='lat' dir='ltr'><strong>non</strong></span> <span class='ocrx_word' id='word_1_811' title='bbox 805 4243 918 4282; x_wconf 82' lang='lat' dir='ltr'><strong>usurum</strong></span> <span class='ocrx_word' id='word_1_812' title='bbox 935 4243 996 4282; x_wconf 90' lang='lat' dir='ltr'><strong>eum</strong></span> <span class='ocrx_word' id='word_1_813' title='bbox 1012 4229 1092 4298; x_wconf 82' lang='lat' dir='ltr'><strong>priri-</strong></span> <span class='ocrx_word' id='word_1_814' title='bbox 1143 4229 1236 4282; x_wconf 90' lang='lat' dir='ltr'><strong>teneri.</strong></span> 
     </span>
     <span class='ocr_line' id='line_1_58' title="bbox 279 4293 1950 4370; baseline 0 -20"><span class='ocrx_word' id='word_1_815' title='bbox 279 4301 291 4350; x_wconf 87' lang='lat'>1</span> <span class='ocrx_word' id='word_1_816' title='bbox 328 4295 403 4366; x_wconf 85' lang='lat' dir='ltr'><strong>legio,</strong></span> <span class='ocrx_word' id='word_1_817' title='bbox 422 4297 446 4350; x_wconf 88' lang='grc' dir='ltr'><strong>ιι</strong></span> <span class='ocrx_word' id='word_1_818' title='bbox 463 4297 642 4350; x_wconf 85' lang='lat' dir='ltr'><strong>conveniatur.</strong></span> <span class='ocrx_word' id='word_1_819' title='bbox 677 4295 705 4348; x_wconf 86' lang='lat' dir='ltr'><strong>Si</strong></span> <span class='ocrx_word' id='word_1_820' title='bbox 721 4297 873 4350; x_wconf 88' lang='lat' dir='ltr'><strong>necessaria</strong></span> <span class='ocrx_word' id='word_1_821' title='bbox 891 4297 1031 4352; x_wconf 88' lang='lat' dir='ltr'><strong>satisdatio</strong></span> <span class='ocrx_word' id='word_1_822' title='bbox 1048 4297 1092 4354; x_wconf 83' lang='lat' dir='ltr'><strong>iu·</strong></span> <span class='ocrx_word' id='word_1_823' title='bbox 1180 4293 1219 4354; x_wconf 81' lang='lat'><strong>12</strong></span> <span class='ocrx_word' id='word_1_824' title='bbox 1238 4297 1319 4352; x_wconf 81' lang='lat' dir='ltr'><strong>Inar</strong></span> <span class='ocrx_word' id='word_1_825' title='bbox 1338 4297 1406 4352; x_wconf 82' lang='lat' dir='ltr'><strong>libro</strong></span> <span class='ocrx_word' id='word_1_826' title='bbox 1424 4297 1642 4368; x_wconf 77' lang='lat' dir='ltr'><strong>sepivapensirnv</strong></span> <span class='ocrx_word' id='word_1_827' title='bbox 1660 4297 1773 4370; x_wconf 83' lang='lat' dir='ltr'><strong>sepiirnv</strong></span> <span class='ocrx_word' id='word_1_828' title='bbox 1791 4295 1830 4352; x_wconf 81' lang='lat' dir='ltr'><strong>ad</strong></span> <span class='ocrx_word' id='word_1_829' title='bbox 1845 4297 1950 4352; x_wconf 81' lang='lat' dir='ltr'><strong>edictvm</strong></span> 
     </span>
     <span class='ocr_line' id='line_1_59' title="bbox 277 4363 1952 4434; baseline 0.001 -15"><span class='ocrx_word' id='word_1_830' title='bbox 277 4365 327 4420; x_wconf 88' lang='lat' dir='ltr'><strong>erit</strong></span> <span class='ocrx_word' id='word_1_831' title='bbox 345 4369 372 4418; x_wconf 91' lang='lat' dir='ltr'><strong>et</strong></span> <span class='ocrx_word' id='word_1_832' title='bbox 389 4379 444 4418; x_wconf 91' lang='lat' dir='ltr'><strong>non</strong></span> <span class='ocrx_word' id='word_1_833' title='bbox 461 4363 539 4418; x_wconf 82' lang='lat' dir='ltr'><strong>lavile</strong></span> <span class='ocrx_word' id='word_1_834' title='bbox 555 4363 642 4434; x_wconf 78' lang='lat' dir='ltr'><strong>possit</strong></span> <span class='ocrx_word' id='word_1_835' title='bbox 658 4379 720 4418; x_wconf 87' lang='lat' dir='ltr'><strong>reus</strong></span> <span class='ocrx_word' id='word_1_836' title='bbox 737 4365 775 4420; x_wconf 88' lang='lat' dir='ltr'><strong>ibi</strong></span> <span class='ocrx_word' id='word_1_837' title='bbox 792 4381 852 4420; x_wconf 90' lang='lat' dir='ltr'><strong>eam</strong></span> <span class='ocrx_word' id='word_1_838' title='bbox 869 4371 1022 4434; x_wconf 76' lang='lat' dir='ltr'><strong>praestare,</strong></span> <span class='ocrx_word' id='word_1_839' title='bbox 1048 4365 1093 4420; x_wconf 93' lang='lat' dir='ltr'><strong>ubi</strong></span> <span class='ocrx_word' id='word_1_840' title='bbox 1143 4365 1217 4420; x_wconf 89' lang='lat' dir='ltr'><strong>Inter</strong></span> <span class='ocrx_word' id='word_1_841' title='bbox 1235 4379 1327 4420; x_wconf 88' lang='lat' dir='ltr'><strong>omnes</strong></span> <span class='ocrx_word' id='word_1_842' title='bbox 1345 4367 1469 4418; x_wconf 88' lang='lat' dir='ltr'><strong>convenit</strong></span> <span class='ocrx_word' id='word_1_843' title='bbox 1485 4363 1610 4420; x_wconf 90' lang='lat' dir='ltr'><strong>heredem</strong></span> <span class='ocrx_word' id='word_1_844' title='bbox 1628 4365 1677 4420; x_wconf 88' lang='lat' dir='ltr'><strong>sub</strong></span> <span class='ocrx_word' id='word_1_845' title='bbox 1702 4365 1872 4432; x_wconf 90' lang='lat' dir='ltr'><strong>condicione,</strong></span> <span class='ocrx_word' id='word_1_846' title='bbox 1896 4379 1952 4434; x_wconf 84' lang='lat' dir='ltr'><strong>pen·</strong></span> 
     </span>
     <span class='ocr_line' id='line_1_60' title="bbox 277 4431 1951 4504; baseline -0.001 -16"><span class='ocrx_word' id='word_1_847' title='bbox 277 4431 449 4488; x_wconf 85' lang='lat' dir='ltr'><strong>convenitur:</strong></span> <span class='ocrx_word' id='word_1_848' title='bbox 467 4437 557 4502; x_wconf 79' lang='lat' dir='ltr'><strong>potest</strong></span> <span class='ocrx_word' id='word_1_849' title='bbox 574 4431 674 4498; x_wconf 72' lang='lat' dir='ltr'><strong>audin,</strong></span> <span class='ocrx_word' id='word_1_850' title='bbox 692 4433 760 4488; x_wconf 90' lang='lat' dir='ltr'><strong>siin</strong></span> <span class='ocrx_word' id='word_1_851' title='bbox 778 4435 831 4488; x_wconf 87' lang='lat' dir='ltr'><strong>alia</strong></span> <span class='ocrx_word' id='word_1_852' title='bbox 849 4433 969 4488; x_wconf 89' lang='lat' dir='ltr'><strong>eiusdem</strong></span> <span class='ocrx_word' id='word_1_853' title='bbox 986 4435 1092 4504; x_wconf 68' lang='lat' dir='ltr'><strong>morin·</strong></span> <span class='ocrx_word' id='word_1_854' title='bbox 1139 4433 1224 4492; x_wconf 70' lang='grc' dir='ltr'>,ιιιιιιι</span> <span class='ocrx_word' id='word_1_855' title='bbox 1242 4433 1399 4488; x_wconf 73' lang='lat' dir='ltr'><strong>commnione</strong></span> <span class='ocrx_word' id='word_1_856' title='bbox 1436 4435 1596 4490; x_wconf 87' lang='lat' dir='ltr'><strong>assidentem</strong></span> <span class='ocrx_word' id='word_1_857' title='bbox 1614 4433 1797 4502; x_wconf 85' lang='lat' dir='ltr'><strong>hereditatem,</strong></span> <span class='ocrx_word' id='word_1_858' title='bbox 1817 4435 1951 4488; x_wconf 81' lang='lat' dir='ltr'><strong>substitute</strong></span> 
     </span>
     <span class='ocr_line' id='line_1_61' title="bbox 277 4449 1952 4582; baseline -0.001 -25"><span class='ocrx_word' id='word_1_859' title='bbox 277 4501 334 4558; x_wconf 91' lang='lat' dir='ltr'><strong>ciae</strong></span> <span class='ocrx_word' id='word_1_860' title='bbox 359 4501 465 4556; x_wconf 79' lang='lat' dir='ltr'><strong>civitate</strong></span> <span class='ocrx_word' id='word_1_861' title='bbox 489 4501 690 4580; x_wconf 79' lang='lat' dir='ltr'><strong>satisdationem</strong></span> <span class='ocrx_word' id='word_1_862' title='bbox 706 4507 844 4570; x_wconf 88' lang='lat' dir='ltr'><strong>praestare</strong></span> <span class='ocrx_word' id='word_1_863' title='bbox 860 4507 974 4582; x_wconf 87' lang='lat' dir='ltr'><strong>paratus</strong></span> <span class='ocrx_word' id='word_1_864' title='bbox 992 4503 1034 4558; x_wconf 89' lang='lat' dir='ltr'><strong>sit.</strong></span> <span class='ocrx_word' id='word_1_865' title='bbox 1070 4501 1094 4558; x_wconf 92' lang='lat' dir='ltr'><strong>si</strong></span> <span class='ocrx_word' id='word_1_866' title='bbox 1145 4517 1239 4558; x_wconf 82' lang='grc' dir='ltr'>ιιιιιι</span> <span class='ocrx_word' id='word_1_867' title='bbox 1257 4501 1353 4556; x_wconf 90' lang='lat' dir='ltr'><strong>debere</strong></span> <span class='ocrx_word' id='word_1_868' title='bbox 1370 4501 1404 4556; x_wconf 91' lang='lat' dir='ltr'><strong>de</strong></span> <span class='ocrx_word' id='word_1_869' title='bbox 1415 4449 1577 4568; x_wconf 58' lang='lat' dir='ltr'><strong>deridente,</strong></span> <span class='ocrx_word' id='word_1_870' title='bbox 1596 4507 1631 4568; x_wconf 89' lang='grc' dir='ltr'><strong>ιι,</strong></span> <span class='ocrx_word' id='word_1_871' title='bbox 1649 4501 1674 4558; x_wconf 88' lang='grc' dir='ltr'><strong>ιι</strong></span> <span class='ocrx_word' id='word_1_872' title='bbox 1688 4503 1816 4558; x_wconf 88' lang='lat' dir='ltr'><strong>deiecerit</strong></span> <span class='ocrx_word' id='word_1_873' title='bbox 1830 4501 1952 4562; x_wconf 75' lang='lat' dir='ltr'><strong>condeio,</strong></span> 
     </span>
     <span class='ocr_line' id='line_1_62' title="bbox 277 4567 1952 4642; baseline -0.001 -16"><span class='ocrx_word' id='word_1_874' title='bbox 277 4577 366 4626; x_wconf 89' lang='lat' dir='ltr'><strong>autem</strong></span> <span class='ocrx_word' id='word_1_875' title='bbox 383 4569 522 4626; x_wconf 86' lang='lat' dir='ltr'><strong>satisdatio</strong></span> <span class='ocrx_word' id='word_1_876' title='bbox 540 4571 691 4626; x_wconf 75' lang='lat' dir='ltr'><strong>voluntaria</strong></span> <span class='ocrx_word' id='word_1_877' title='bbox 708 4575 762 4636; x_wconf 89' lang='lat' dir='ltr'><strong>est,</strong></span> <span class='ocrx_word' id='word_1_878' title='bbox 788 4587 844 4626; x_wconf 90' lang='lat' dir='ltr'><strong>non</strong></span> <span class='ocrx_word' id='word_1_879' title='bbox 860 4587 889 4624; x_wconf 90' lang='lat' dir='ltr'><strong>m</strong></span> <span class='ocrx_word' id='word_1_880' title='bbox 906 4571 988 4626; x_wconf 79' lang='lat' dir='ltr'><strong>adum</strong></span> <span class='ocrx_word' id='word_1_881' title='bbox 1004 4571 1093 4624; x_wconf 89' lang='lat' dir='ltr'><strong>locum</strong></span> <span class='ocrx_word' id='word_1_882' title='bbox 1145 4569 1289 4624; x_wconf 90' lang='lat' dir='ltr'><strong>adeuntem</strong></span> <span class='ocrx_word' id='word_1_883' title='bbox 1311 4569 1487 4626; x_wconf 87' lang='lat' dir='ltr'><strong>hereditatem</strong></span> <span class='ocrx_word' id='word_1_884' title='bbox 1511 4571 1688 4626; x_wconf 89' lang='lat' dir='ltr'><strong>substitutum</strong></span> <span class='ocrx_word' id='word_1_885' title='bbox 1705 4577 1731 4626; x_wconf 90' lang='lat' dir='ltr'><strong>et</strong></span> <span class='ocrx_word' id='word_1_886' title='bbox 1748 4579 1840 4642; x_wconf 91' lang='lat' dir='ltr'><strong>petere</strong></span> <span class='ocrx_word' id='word_1_887' title='bbox 1858 4567 1952 4624; x_wconf 86' lang='lat' dir='ltr'><strong>heredi-</strong></span> 
     </span>
     <span class='ocr_line' id='line_1_63' title="bbox 274 4639 1952 4720; baseline 0.001 -28"><span class='ocrx_word' id='word_1_888' title='bbox 274 4639 435 4694; x_wconf 77' lang='lat' dir='ltr'><strong>remittiturr</strong></span> <span class='ocrx_word' id='word_1_889' title='bbox 460 4653 546 4720; x_wconf 84' lang='lat' dir='ltr'><strong>neque</strong></span> <span class='ocrx_word' id='word_1_890' title='bbox 570 4639 639 4694; x_wconf 89' lang='lat' dir='ltr'><strong>enim</strong></span> <span class='ocrx_word' id='word_1_891' title='bbox 656 4643 774 4692; x_wconf 88' lang='lat' dir='ltr'><strong>meretur</strong></span> <span class='ocrx_word' id='word_1_892' title='bbox 791 4639 837 4708; x_wconf 92' lang='lat' dir='ltr'><strong>qui</strong></span> <span class='ocrx_word' id='word_1_893' title='bbox 854 4639 913 4708; x_wconf 93' lang='lat' dir='ltr'><strong>ipse</strong></span> <span class='ocrx_word' id='word_1_894' title='bbox 931 4639 983 4694; x_wconf 90' lang='lat' dir='ltr'><strong>sibi</strong></span> <span class='ocrx_word' id='word_1_895' title='bbox 999 4655 1093 4694; x_wconf 91' lang='lat' dir='ltr'><strong>neces·</strong></span> <span class='ocrx_word' id='word_1_896' title='bbox 1143 4643 1227 4694; x_wconf 88' lang='lat' dir='ltr'><strong>tatem</strong></span> <span class='ocrx_word' id='word_1_897' title='bbox 1244 4653 1325 4708; x_wconf 90' lang='lat' dir='ltr'><strong>posse</strong></span> <span class='ocrx_word' id='word_1_898' title='bbox 1343 4643 1377 4704; x_wconf 92' lang='grc' dir='ltr'><strong>ιι,</strong></span> <span class='ocrx_word' id='word_1_899' title='bbox 1396 4639 1419 4694; x_wconf 88' lang='grc' dir='ltr'><strong>ιι</strong></span> <span class='ocrx_word' id='word_1_900' title='bbox 1436 4639 1590 4708; x_wconf 90' lang='lat' dir='ltr'><strong>optinuerit,</strong></span> <span class='ocrx_word' id='word_1_901' title='bbox 1610 4639 1738 4694; x_wconf 89' lang='lat' dir='ltr'><strong>committi</strong></span> <span class='ocrx_word' id='word_1_902' title='bbox 1755 4639 1952 4710; x_wconf 87' lang='lat' dir='ltr'><strong>stipulationem·</strong></span> 
     </span>
     <span class='ocr_line' id='line_1_64' title="bbox 277 4705 1952 4778; baseline 0.001 -18"><span class='ocrx_word' id='word_1_903' title='bbox 277 4711 291 4760; x_wconf 84' lang='lat'>2</span> <span class='ocrx_word' id='word_1_904' title='bbox 328 4707 434 4762; x_wconf 78' lang='lat' dir='ltr'><strong>sitalem</strong></span> <span class='ocrx_word' id='word_1_905' title='bbox 451 4707 633 4762; x_wconf 86' lang='lat' dir='ltr'><strong>satmdationis</strong></span> <span class='ocrx_word' id='word_1_906' title='bbox 649 4705 783 4774; x_wconf 84' lang='lat' dir='ltr'><strong>imposuit.</strong></span> <span class='ocrx_word' id='word_1_907' title='bbox 820 4707 849 4762; x_wconf 80' lang='lat' dir='ltr'><strong>si</strong></span> <span class='ocrx_word' id='word_1_908' title='bbox 866 4705 1026 4766; x_wconf 81' lang='lat' dir='ltr'><strong>satisdatum</strong></span> <span class='ocrx_word' id='word_1_909' title='bbox 1043 4723 1092 4778; x_wconf 91' lang='lat' dir='ltr'><strong>pro</strong></span> <span class='ocrx_word' id='word_1_910' title='bbox 1145 4707 1558 4776; x_wconf 87' lang='lat' dir='ltr'><strong>etplerumqueipsepraetoret</strong></span> <span class='ocrx_word' id='word_1_911' title='bbox 1571 4713 1635 4762; x_wconf 89' lang='lat' dir='ltr'><strong>ante</strong></span> <span class='ocrx_word' id='word_1_912' title='bbox 1651 4709 1833 4764; x_wconf 89' lang='lat' dir='ltr'><strong>condicionem</strong></span> <span class='ocrx_word' id='word_1_913' title='bbox 1848 4707 1952 4762; x_wconf 85' lang='lat' dir='ltr'><strong>existen·</strong></span> 
     </span>
     <span class='ocr_line' id='line_1_65' title="bbox 275 4775 1953 4846; baseline 0.001 -18"><span class='ocrx_word' id='word_1_914' title='bbox 275 4789 305 4828; x_wconf 91' lang='lat' dir='ltr'><strong>re</strong></span> <span class='ocrx_word' id='word_1_915' title='bbox 320 4775 474 4828; x_wconf 87' lang='lat' dir='ltr'><strong>mobilinon</strong></span> <span class='ocrx_word' id='word_1_916' title='bbox 489 4775 523 4830; x_wconf 89' lang='lat' dir='ltr'><strong>sit</strong></span> <span class='ocrx_word' id='word_1_917' title='bbox 537 4779 565 4828; x_wconf 91' lang='lat' dir='ltr'><strong>et</strong></span> <span class='ocrx_word' id='word_1_918' title='bbox 597 4789 693 4828; x_wconf 81' lang='lat' dir='ltr'><strong>emona</strong></span> <span class='ocrx_word' id='word_1_919' title='bbox 707 4779 833 4844; x_wconf 88' lang='lat' dir='ltr'><strong>suspecta</strong></span> <span class='ocrx_word' id='word_1_920' title='bbox 848 4775 891 4840; x_wconf 87' lang='grc' dir='ltr'>ιιι,</span> <span class='ocrx_word' id='word_1_921' title='bbox 911 4789 944 4828; x_wconf 87' lang='lat' dir='ltr'><strong>ex</strong></span> <span class='ocrx_word' id='word_1_922' title='bbox 959 4791 1013 4844; x_wconf 90' lang='lat' dir='ltr'><strong>qua</strong></span> <span class='ocrx_word' id='word_1_923' title='bbox 1027 4777 1092 4830; x_wconf 89' lang='lat' dir='ltr'><strong>satis</strong></span> <span class='ocrx_word' id='word_1_924' title='bbox 1145 4779 1241 4828; x_wconf 88' lang='lat' dir='ltr'><strong>tem-et</strong></span> <span class='ocrx_word' id='word_1_925' title='bbox 1256 4781 1318 4828; x_wconf 90' lang='lat' dir='ltr'><strong>ante</strong></span> <span class='ocrx_word' id='word_1_926' title='bbox 1333 4775 1403 4830; x_wconf 90' lang='lat' dir='ltr'><strong>diem</strong></span> <span class='ocrx_word' id='word_1_927' title='bbox 1417 4777 1554 4846; x_wconf 86' lang='lat' dir='ltr'><strong>petitionis</strong></span> <span class='ocrx_word' id='word_1_928' title='bbox 1567 4777 1717 4832; x_wconf 86' lang='lat' dir='ltr'><strong>venientem</strong></span> <span class='ocrx_word' id='word_1_929' title='bbox 1732 4793 1765 4830; x_wconf 84' lang='lat' dir='ltr'><strong>ex</strong></span> <span class='ocrx_word' id='word_1_930' title='bbox 1780 4777 1953 4830; x_wconf 82' lang='lat' dir='ltr'><strong>causaiubert</strong></span> 
     </span>
     <span class='ocr_line' id='line_1_66' title="bbox 276 4791 1591 4912; baseline 0.002 -16"><span class='ocrx_word' id='word_1_931' title='bbox 276 4843 457 4896; x_wconf 82' lang='lat' dir='ltr'><strong>desideratur:</strong></span> <span class='ocrx_word' id='word_1_932' title='bbox 476 4857 493 4896; x_wconf 88' lang='lat' dir='ltr'><strong>a</strong></span> <span class='ocrx_word' id='word_1_933' title='bbox 512 4841 549 4896; x_wconf 89' lang='lat' dir='ltr'><strong>ud</strong></span> <span class='ocrx_word' id='word_1_934' title='bbox 566 4791 684 4898; x_wconf 54' lang='lat' dir='ltr'><strong>adfictum</strong></span> <span class='ocrx_word' id='word_1_935' title='bbox 702 4841 800 4912; x_wconf 91' lang='lat' dir='ltr'><strong>deponi</strong></span> <span class='ocrx_word' id='word_1_936' title='bbox 817 4843 927 4898; x_wconf 86' lang='lat' dir='ltr'><strong>debebit</strong></span> <span class='ocrx_word' id='word_1_937' title='bbox 944 4843 968 4898; x_wconf 91' lang='grc' dir='ltr'><strong>ιι</strong></span> <span class='ocrx_word' id='word_1_938' title='bbox 984 4843 1037 4898; x_wconf 91' lang='lat' dir='ltr'><strong>hoc</strong></span> <span class='ocrx_word' id='word_1_939' title='bbox 1051 4843 1093 4896; x_wconf 88' lang='grc' dir='ltr'>ιιι-</span> <span class='ocrx_word' id='word_1_940' title='bbox 1145 4843 1214 4898; x_wconf 85' lang='lat' dir='ltr'><strong>solet</strong></span> <span class='ocrx_word' id='word_1_941' title='bbox 1231 4843 1432 4912; x_wconf 89' lang='lat' dir='ltr'><strong>stipulationem</strong></span> <span class='ocrx_word' id='word_1_942' title='bbox 1448 4843 1591 4912; x_wconf 88' lang='lat' dir='ltr'><strong>interponi.</strong></span> 
     </span>
     <span class='ocr_line' id='line_1_67' title="bbox 275 4861 1952 4992; baseline -0.001 -28"><span class='ocrx_word' id='word_1_943' title='bbox 275 4909 332 4990; x_wconf 77' lang='lat' dir='ltr'><strong>dici</strong></span> <span class='ocrx_word' id='word_1_944' title='bbox 352 4909 465 4990; x_wconf 80' lang='lat' dir='ltr'><strong>sederit,</strong></span> <span class='ocrx_word' id='word_1_945' title='bbox 490 4861 575 4966; x_wconf 66' lang='lat' dir='ltr'><strong>donec</strong></span> <span class='ocrx_word' id='word_1_946' title='bbox 592 4911 634 4966; x_wconf 82' lang='lat' dir='ltr'><strong>rel</strong></span> <span class='ocrx_word' id='word_1_947' title='bbox 650 4909 789 4966; x_wconf 87' lang='lat' dir='ltr'><strong>satisdatio</strong></span> <span class='ocrx_word' id='word_1_948' title='bbox 808 4911 888 4966; x_wconf 89' lang='lat' dir='ltr'><strong>detur</strong></span> <span class='ocrx_word' id='word_1_949' title='bbox 904 4909 946 4966; x_wconf 87' lang='lat' dir='ltr'><strong>rel</strong></span> <span class='ocrx_word' id='word_1_950' title='bbox 963 4911 996 4964; x_wconf 89' lang='lat' dir='ltr'><strong>lis</strong></span> <span class='ocrx_word' id='word_1_951' title='bbox 1013 4909 1094 4964; x_wconf 85' lang='lat' dir='ltr'><strong>finem</strong></span> <span class='ocrx_word' id='word_1_952' title='bbox 1182 4905 1220 4966; x_wconf 85' lang='grc'>13</span> <span class='ocrx_word' id='word_1_953' title='bbox 1238 4909 1359 4966; x_wconf 77' lang='lat' dir='ltr'><strong>Parrus</strong></span> <span class='ocrx_word' id='word_1_954' title='bbox 1372 4911 1442 4966; x_wconf 83' lang='lat' dir='ltr'><strong>libro</strong></span> <span class='ocrx_word' id='word_1_955' title='bbox 1457 4911 1676 4992; x_wconf 75' lang='lat' dir='ltr'><strong>repivcpcnsirpo</strong></span> <span class='ocrx_word' id='word_1_956' title='bbox 1692 4911 1786 4990; x_wconf 75' lang='lat' dir='ltr'><strong>ppinto</strong></span> <span class='ocrx_word' id='word_1_957' title='bbox 1802 4909 1952 4966; x_wconf 83' lang='lat' dir='ltr'><strong>adediclav</strong></span> 
     </span>
     <span class='ocr_line' id='line_1_68' title="bbox 227 4977 1951 5048; baseline 0 -16"><span class='ocrx_word' id='word_1_958' title='bbox 227 4997 228 5000; x_wconf 43' lang='lat'>¹</span> <span class='ocrx_word' id='word_1_959' title='bbox 275 4983 399 5048; x_wconf 81' lang='lat' dir='ltr'><strong>accipiat.</strong></span> <span class='ocrx_word' id='word_1_960' title='bbox 1145 4977 1235 5032; x_wconf 84' lang='lat' dir='ltr'><strong>Sedet</strong></span> <span class='ocrx_word' id='word_1_961' title='bbox 1248 4979 1272 5032; x_wconf 91' lang='lat' dir='ltr'><strong>si</strong></span> <span class='ocrx_word' id='word_1_962' title='bbox 1285 4979 1375 5048; x_wconf 90' lang='lat' dir='ltr'><strong>plures</strong></span> <span class='ocrx_word' id='word_1_963' title='bbox 1391 4979 1530 5034; x_wconf 89' lang='lat' dir='ltr'><strong>substituti</strong></span> <span class='ocrx_word' id='word_1_964' title='bbox 1544 4983 1606 5044; x_wconf 90' lang='lat' dir='ltr'><strong>smt,</strong></span> <span class='ocrx_word' id='word_1_965' title='bbox 1625 4979 1734 5046; x_wconf 78' lang='lat' dir='ltr'><strong>singulm</strong></span> <span class='ocrx_word' id='word_1_966' title='bbox 1750 4979 1898 5034; x_wconf 82' lang='lat' dir='ltr'><strong>carendum</strong></span> <span class='ocrx_word' id='word_1_967' title='bbox 1913 4981 1951 5034; x_wconf 87' lang='grc' dir='ltr'><strong>ιιι</strong></span> 
     </span>
     <span class='ocr_line' id='line_1_69' title="bbox 311 5043 1953 5118; baseline -0.002 -14"><span class='ocrx_word' id='word_1_968' title='bbox 311 5043 468 5104; x_wconf 70' lang='lat' dir='ltr'><strong>smera</strong></span> <span class='ocrx_word' id='word_1_969' title='bbox 489 5047 557 5100; x_wconf 87' lang='lat' dir='ltr'><strong>libro</strong></span> <span class='ocrx_word' id='word_1_970' title='bbox 602 5051 682 5102; x_wconf 82' lang='lat' dir='ltr'><strong>vario</strong></span> <span class='ocrx_word' id='word_1_971' title='bbox 709 5045 812 5104; x_wconf 78' lang='lat' dir='ltr'><strong>dccirrm</strong></span> <span class='ocrx_word' id='word_1_972' title='bbox 839 5047 877 5100; x_wconf 85' lang='lat' dir='ltr'><strong>ad</strong></span> <span class='ocrx_word' id='word_1_973' title='bbox 902 5045 1017 5102; x_wconf 84' lang='lat' dir='ltr'><strong>edictvm</strong></span> <span class='ocrx_word' id='word_1_974' title='bbox 1051 5045 1093 5100; x_wconf 90' lang='lat' dir='ltr'><strong>De</strong></span> <span class='ocrx_word' id='word_1_975' title='bbox 1181 5044 1220 5104; x_wconf 87' lang='grc'><strong>14</strong></span> <span class='ocrx_word' id='word_1_976' title='bbox 1238 5047 1321 5102; x_wconf 77' lang='lat' dir='ltr'><strong>Inar</strong></span> <span class='ocrx_word' id='word_1_977' title='bbox 1334 5047 1405 5118; x_wconf 84' lang='lat' dir='ltr'><strong>libro</strong></span> <span class='ocrx_word' id='word_1_978' title='bbox 1418 5047 1537 5102; x_wconf 83' lang='lat' dir='ltr'><strong>secvndo</strong></span> <span class='ocrx_word' id='word_1_979' title='bbox 1555 5063 1749 5118; x_wconf 80' lang='lat' dir='ltr'><strong>responsuram</strong></span> <span class='ocrx_word' id='word_1_980' title='bbox 1782 5047 1869 5102; x_wconf 84' lang='lat' dir='ltr'><strong>Filius</strong></span> <span class='ocrx_word' id='word_1_981' title='bbox 1886 5045 1953 5102; x_wconf 86' lang='lat' dir='ltr'><strong>fami·</strong></span> 
     </span>
     <span class='ocr_line' id='line_1_70' title="bbox 276 5113 1953 5184; baseline 0.001 -16"><span class='ocrx_word' id='word_1_982' title='bbox 276 5113 318 5170; x_wconf 88' lang='grc' dir='ltr'>ιιιι</span> <span class='ocrx_word' id='word_1_983' title='bbox 332 5113 458 5184; x_wconf 88' lang='lat' dir='ltr'><strong>ponenda</strong></span> <span class='ocrx_word' id='word_1_984' title='bbox 472 5113 501 5166; x_wconf 92' lang='lat' dir='ltr'><strong>in</strong></span> <span class='ocrx_word' id='word_1_985' title='bbox 515 5113 568 5182; x_wconf 90' lang='lat' dir='ltr'><strong>stip</strong></span> <span class='ocrx_word' id='word_1_986' title='bbox 599 5115 687 5170; x_wconf 88' lang='lat' dir='ltr'><strong>atione</strong></span> <span class='ocrx_word' id='word_1_987' title='bbox 700 5113 770 5170; x_wconf 87' lang='lat' dir='ltr'><strong>solet</strong></span> <span class='ocrx_word' id='word_1_988' title='bbox 782 5113 852 5170; x_wconf 90' lang='lat' dir='ltr'><strong>inter</strong></span> <span class='ocrx_word' id='word_1_989' title='bbox 866 5113 1015 5182; x_wconf 82' lang='lat' dir='ltr'><strong>litigatores</strong></span> <span class='ocrx_word' id='word_1_990' title='bbox 1028 5129 1092 5168; x_wconf 91' lang='lat' dir='ltr'><strong>con·</strong></span> <span class='ocrx_word' id='word_1_991' title='bbox 1144 5113 1194 5168; x_wconf 89' lang='lat' dir='ltr'><strong>lias</strong></span> <span class='ocrx_word' id='word_1_992' title='bbox 1212 5113 1331 5170; x_wconf 83' lang='lat' dir='ltr'><strong>defendit</strong></span> <span class='ocrx_word' id='word_1_993' title='bbox 1348 5113 1486 5170; x_wconf 90' lang='lat' dir='ltr'><strong>absentem</strong></span> <span class='ocrx_word' id='word_1_994' title='bbox 1503 5119 1622 5184; x_wconf 89' lang='lat' dir='ltr'><strong>patrem:</strong></span> <span class='ocrx_word' id='word_1_995' title='bbox 1647 5129 1746 5184; x_wconf 88' lang='lat' dir='ltr'><strong>quaero</strong></span> <span class='ocrx_word' id='word_1_996' title='bbox 1764 5129 1800 5168; x_wconf 88' lang='lat' dir='ltr'><strong>aa</strong></span> <span class='ocrx_word' id='word_1_997' title='bbox 1816 5113 1953 5170; x_wconf 81' lang='lat' dir='ltr'><strong>iudicatum</strong></span> 
     </span>
     <span class='ocr_line' id='line_1_71' title="bbox 274 5177 1953 5264; baseline -0.001 -26"><span class='ocrx_word' id='word_1_998' title='bbox 274 5185 372 5238; x_wconf 79' lang='lat' dir='ltr'><strong>venire.</strong></span> <span class='ocrx_word' id='word_1_999' title='bbox 408 5183 432 5238; x_wconf 91' lang='grc' dir='ltr'><strong>ιι</strong></span> <span class='ocrx_word' id='word_1_1000' title='bbox 449 5197 505 5236; x_wconf 89' lang='lat' dir='ltr'><strong>non</strong></span> <span class='ocrx_word' id='word_1_1001' title='bbox 523 5183 678 5248; x_wconf 81' lang='lat' dir='ltr'><strong>conveniat,</strong></span> <span class='ocrx_word' id='word_1_1002' title='bbox 700 5181 800 5236; x_wconf 90' lang='lat' dir='ltr'><strong>Pedius</strong></span> <span class='ocrx_word' id='word_1_1003' title='bbox 818 5185 898 5250; x_wconf 89' lang='lat' dir='ltr'><strong>putat</strong></span> <span class='ocrx_word' id='word_1_1004' title='bbox 914 5183 943 5236; x_wconf 90' lang='lat' dir='ltr'><strong>in</strong></span> <span class='ocrx_word' id='word_1_1005' title='bbox 960 5185 1094 5250; x_wconf 89' lang='lat' dir='ltr'><strong>potestate</strong></span> <span class='ocrx_word' id='word_1_1006' title='bbox 1145 5181 1212 5236; x_wconf 79' lang='lat' dir='ltr'><strong>solui</strong></span> <span class='ocrx_word' id='word_1_1007' title='bbox 1238 5183 1370 5238; x_wconf 89' lang='lat' dir='ltr'><strong>satisdare</strong></span> <span class='ocrx_word' id='word_1_1008' title='bbox 1396 5181 1502 5237; x_wconf 90' lang='lat' dir='ltr'><strong>debeat.</strong></span> <span class='ocrx_word' id='word_1_1009' title='bbox 1537 5183 1641 5236; x_wconf 90' lang='lat' dir='ltr'><strong>Paulus</strong></span> <span class='ocrx_word' id='word_1_1010' title='bbox 1667 5183 1807 5252; x_wconf 87' lang='lat' dir='ltr'><strong>respondit</strong></span> <span class='ocrx_word' id='word_1_1011' title='bbox 1833 5197 1894 5236; x_wconf 89' lang='lat' dir='ltr'><strong>eum</strong></span> <span class='ocrx_word' id='word_1_1012' title='bbox 1919 5177 1953 5264; x_wconf 82' lang='lat' dir='ltr'><strong>qui</strong></span> 
     </span>
     <span class='ocr_line' id='line_1_72' title="bbox 275 5249 1953 5320; baseline 0.001 -16"><span class='ocrx_word' id='word_1_1013' title='bbox 275 5249 442 5318; x_wconf 86' lang='lat' dir='ltr'><strong>stipulatoris</strong></span> <span class='ocrx_word' id='word_1_1014' title='bbox 461 5263 520 5304; x_wconf 90' lang='lat' dir='ltr'><strong>esse</strong></span> <span class='ocrx_word' id='word_1_1015' title='bbox 543 5251 681 5304; x_wconf 91' lang='lat' dir='ltr'><strong>moderato</strong></span> <span class='ocrx_word' id='word_1_1016' title='bbox 705 5249 807 5320; x_wconf 85' lang='lat' dir='ltr'><strong>spatio:</strong></span> <span class='ocrx_word' id='word_1_1017' title='bbox 833 5249 867 5302; x_wconf 91' lang='lat' dir='ltr'><strong>de</strong></span> <span class='ocrx_word' id='word_1_1018' title='bbox 889 5251 943 5304; x_wconf 90' lang='lat' dir='ltr'><strong>hoc</strong></span> <span class='ocrx_word' id='word_1_1019' title='bbox 966 5265 983 5302; x_wconf 92' lang='lat' dir='ltr'><strong>a</strong></span> <span class='ocrx_word' id='word_1_1020' title='bbox 1005 5249 1095 5304; x_wconf 86' lang='lat' dir='ltr'><strong>iudice</strong></span> <span class='ocrx_word' id='word_1_1021' title='bbox 1145 5251 1284 5306; x_wconf 90' lang='lat' dir='ltr'><strong>absentem</strong></span> <span class='ocrx_word' id='word_1_1022' title='bbox 1297 5251 1424 5316; x_wconf 87' lang='lat' dir='ltr'><strong>defendit,</strong></span> <span class='ocrx_word' id='word_1_1023' title='bbox 1443 5251 1524 5304; x_wconf 89' lang='lat' dir='ltr'><strong>etiam</strong></span> <span class='ocrx_word' id='word_1_1024' title='bbox 1541 5251 1565 5304; x_wconf 93' lang='lat' dir='ltr'><strong>si</strong></span> <span class='ocrx_word' id='word_1_1025' title='bbox 1582 5251 1653 5304; x_wconf 89' lang='lat' dir='ltr'><strong>iilius</strong></span> <span class='ocrx_word' id='word_1_1026' title='bbox 1670 5251 1712 5304; x_wconf 88' lang='grc' dir='ltr'><strong>ιιι</strong></span> <span class='ocrx_word' id='word_1_1027' title='bbox 1728 5257 1807 5320; x_wconf 88' lang='lat' dir='ltr'><strong>pater</strong></span> <span class='ocrx_word' id='word_1_1028' title='bbox 1824 5251 1868 5314; x_wconf 89' lang='lat' dir='ltr'><strong>sit,</strong></span> <span class='ocrx_word' id='word_1_1029' title='bbox 1886 5257 1953 5306; x_wconf 83' lang='lat' dir='ltr'><strong>satu·</strong></span> 
     </span>
     <span class='ocr_line' id='line_1_73' title="bbox 278 5315 1719 5388; baseline 0.001 -18"><span class='ocrx_word' id='word_1_1030' title='bbox 278 5323 290 5370; x_wconf 91' lang='lat'>1</span> <span class='ocrx_word' id='word_1_1031' title='bbox 328 5317 527 5372; x_wconf 61' lang='lat' dir='ltr'><strong>statueramus</strong></span> <span class='ocrx_word' id='word_1_1032' title='bbox 563 5315 613 5384; x_wconf 77' lang='lat' dir='ltr'><strong>Qui</strong></span> <span class='ocrx_word' id='word_1_1033' title='bbox 628 5317 765 5372; x_wconf 88' lang='lat' dir='ltr'><strong>mulierem</strong></span> <span class='ocrx_word' id='word_1_1034' title='bbox 779 5317 890 5372; x_wconf 88' lang='lat' dir='ltr'><strong>adhibet</strong></span> <span class='ocrx_word' id='word_1_1035' title='bbox 904 5317 938 5372; x_wconf 89' lang='lat' dir='ltr'><strong>ad</strong></span> <span class='ocrx_word' id='word_1_1036' title='bbox 960 5317 1093 5372; x_wconf 83' lang='lat' dir='ltr'><strong>satisdan-</strong></span> <span class='ocrx_word' id='word_1_1037' title='bbox 1146 5317 1210 5372; x_wconf 90' lang='lat' dir='ltr'><strong>dare</strong></span> <span class='ocrx_word' id='word_1_1038' title='bbox 1226 5317 1343 5388; x_wconf 87' lang='lat' dir='ltr'><strong>petitura</strong></span> <span class='ocrx_word' id='word_1_1039' title='bbox 1361 5333 1395 5372; x_wconf 85' lang='lat' dir='ltr'><strong>ex</strong></span> <span class='ocrx_word' id='word_1_1040' title='bbox 1412 5317 1500 5372; x_wconf 88' lang='lat' dir='ltr'><strong>forma</strong></span> <span class='ocrx_word' id='word_1_1041' title='bbox 1517 5317 1597 5372; x_wconf 90' lang='lat' dir='ltr'><strong>edicti</strong></span> <span class='ocrx_word' id='word_1_1042' title='bbox 1615 5317 1719 5372; x_wconf 86' lang='lat' dir='ltr'><strong>debere.</strong></span> 
     </span>
     <span class='ocr_line' id='line_1_74' title="bbox 275 5381 1954 5458; baseline 0.001 -20"><span class='ocrx_word' id='word_1_1043' title='bbox 275 5383 346 5448; x_wconf 89' lang='lat' dir='ltr'><strong>dum,</strong></span> <span class='ocrx_word' id='word_1_1044' title='bbox 365 5401 420 5438; x_wconf 90' lang='lat' dir='ltr'><strong>non</strong></span> <span class='ocrx_word' id='word_1_1045' title='bbox 436 5385 543 5440; x_wconf 84' lang='lat' dir='ltr'><strong>ridetur</strong></span> <span class='ocrx_word' id='word_1_1046' title='bbox 560 5399 668 5440; x_wconf 84' lang='lat' dir='ltr'><strong>carere:</strong></span> <span class='ocrx_word' id='word_1_1047' title='bbox 693 5385 741 5440; x_wconf 88' lang='lat' dir='ltr'><strong>sed</strong></span> <span class='ocrx_word' id='word_1_1048' title='bbox 764 5399 815 5438; x_wconf 89' lang='lat' dir='ltr'><strong>nee</strong></span> <span class='ocrx_word' id='word_1_1049' title='bbox 839 5385 915 5440; x_wconf 89' lang='lat' dir='ltr'><strong>miles</strong></span> <span class='ocrx_word' id='word_1_1050' title='bbox 938 5399 989 5438; x_wconf 90' lang='lat' dir='ltr'><strong>nec</strong></span> <span class='ocrx_word' id='word_1_1051' title='bbox 1006 5385 1095 5440; x_wconf 89' lang='lat' dir='ltr'><strong>minor</strong></span> <span class='ocrx_word' id='word_1_1052' title='bbox 1182 5381 1220 5442; x_wconf 82' lang='lat'><strong>15</strong></span> <span class='ocrx_word' id='word_1_1053' title='bbox 1238 5383 1347 5440; x_wconf 77' lang='lat' dir='ltr'><strong>Macra</strong></span> <span class='ocrx_word' id='word_1_1054' title='bbox 1364 5385 1433 5440; x_wconf 89' lang='lat' dir='ltr'><strong>libro</strong></span> <span class='ocrx_word' id='word_1_1055' title='bbox 1445 5389 1540 5458; x_wconf 87' lang='lat' dir='ltr'><strong>primo</strong></span> <span class='ocrx_word' id='word_1_1056' title='bbox 1558 5387 1592 5440; x_wconf 88' lang='lat' dir='ltr'><strong>dc</strong></span> <span class='ocrx_word' id='word_1_1057' title='bbox 1609 5385 1839 5456; x_wconf 82' lang='lat' dir='ltr'><strong>appellationibus</strong></span> <span class='ocrx_word' id='word_1_1058' title='bbox 1873 5383 1954 5440; x_wconf 83' lang='lat' dir='ltr'><strong>Scien-</strong></span> 
     </span>
     <span class='ocr_line' id='line_1_75' title="bbox 272 5451 1955 5522; baseline 0 -16"><span class='ocrx_word' id='word_1_1059' title='bbox 272 5451 365 5522; x_wconf 83' lang='lat' dir='ltr'><strong>riginti</strong></span> <span class='ocrx_word' id='word_1_1060' title='bbox 382 5453 499 5522; x_wconf 89' lang='lat' dir='ltr'><strong>quinque</strong></span> <span class='ocrx_word' id='word_1_1061' title='bbox 516 5451 594 5506; x_wconf 88' lang='lat' dir='ltr'><strong>annis</strong></span> <span class='ocrx_word' id='word_1_1062' title='bbox 611 5453 745 5520; x_wconf 89' lang='lat' dir='ltr'><strong>probandi</strong></span> <span class='ocrx_word' id='word_1_1063' title='bbox 761 5455 839 5506; x_wconf 82' lang='lat' dir='ltr'><strong>sunt:</strong></span> <span class='ocrx_word' id='word_1_1064' title='bbox 863 5451 915 5506; x_wconf 91' lang='lat' dir='ltr'><strong>nisi</strong></span> <span class='ocrx_word' id='word_1_1065' title='bbox 931 5451 984 5506; x_wconf 90' lang='lat' dir='ltr'><strong>hae</strong></span> <span class='ocrx_word' id='word_1_1066' title='bbox 1000 5467 1094 5520; x_wconf 88' lang='lat' dir='ltr'><strong>perso·</strong></span> <span class='ocrx_word' id='word_1_1067' title='bbox 1146 5452 1211 5507; x_wconf 91' lang='lat' dir='ltr'><strong>dum</strong></span> <span class='ocrx_word' id='word_1_1068' title='bbox 1228 5459 1269 5506; x_wconf 90' lang='grc' dir='ltr'><strong>ιιι</strong></span> <span class='ocrx_word' id='word_1_1069' title='bbox 1285 5467 1456 5522; x_wconf 88' lang='lat' dir='ltr'><strong>possessores</strong></span> <span class='ocrx_word' id='word_1_1070' title='bbox 1470 5451 1647 5508; x_wconf 88' lang='lat' dir='ltr'><strong>immobilium</strong></span> <span class='ocrx_word' id='word_1_1071' title='bbox 1659 5467 1750 5506; x_wconf 89' lang='lat' dir='ltr'><strong>rerum</strong></span> <span class='ocrx_word' id='word_1_1072' title='bbox 1764 5453 1897 5510; x_wconf 88' lang='lat' dir='ltr'><strong>satisdare</strong></span> <span class='ocrx_word' id='word_1_1073' title='bbox 1910 5467 1955 5510; x_wconf 89' lang='lat' dir='ltr'><strong>non</strong></span> 
     </span>
    </p>
   </div>
   <div class='ocr_carea' id='block_1_3' title="bbox 272 5619 1955 5892">
    <p class='ocr_par' dir='ltr' id='par_1_3' title="bbox 272 5619 1955 5892">
     <span class='ocr_line' id='line_1_76' title="bbox 274 5619 1955 5690; baseline -0.001 -14"><span class='ocrx_word' id='word_1_1074' title='bbox 274 5623 306 5686; x_wconf 83' lang='lat'><strong>(1)</strong></span> <span class='ocrx_word' id='word_1_1075' title='bbox 324 5619 440 5674; x_wconf 78' lang='lat' dir='ltr'><strong>frustaF</strong></span> <span class='ocrx_word' id='word_1_1076' title='bbox 515 5623 547 5686; x_wconf 82' lang='lat' dir='ltr'><strong>(a)</strong></span> <span class='ocrx_word' id='word_1_1077' title='bbox 566 5623 688 5674; x_wconf 82' lang='lat' dir='ltr'><strong>tenereF</strong></span> <span class='ocrx_word' id='word_1_1078' title='bbox 766 5623 798 5688; x_wconf 82' lang='grc' dir='ltr'><strong>(ι)</strong></span> <span class='ocrx_word' id='word_1_1079' title='bbox 817 5621 1096 5686; x_wconf 58' lang='lat' dir='ltr'><strong>sarracinescum</strong></span> <span class='ocrx_word' id='word_1_1080' title='bbox 1146 5625 1270 5690; x_wconf 88' lang='lat' dir='ltr'><strong>prietates</strong></span> <span class='ocrx_word' id='word_1_1081' title='bbox 1285 5623 1326 5674; x_wconf 57' lang='lat'><strong>1⁴⁷²</strong></span> <span class='ocrx_word' id='word_1_1082' title='bbox 1394 5625 1440 5690; x_wconf 85' lang='lat' dir='ltr'><strong>(lt)</strong></span> <span class='ocrx_word' id='word_1_1083' title='bbox 1460 5623 1503 5674; x_wconf 87' lang='lat' dir='ltr'><strong>cui</strong></span> <span class='ocrx_word' id='word_1_1084' title='bbox 1518 5625 1575 5676; x_wconf 84' lang='lat' dir='ltr'><strong>dett</strong></span> <span class='ocrx_word' id='word_1_1085' title='bbox 1654 5623 1696 5688; x_wconf 88' lang='grc'>(11)</span> <span class='ocrx_word' id='word_1_1086' title='bbox 1714 5625 1751 5674; x_wconf 86' lang='lat' dir='ltr'><strong>sic</strong></span> <span class='ocrx_word' id='word_1_1087' title='bbox 1759 5623 1806 5690; x_wconf 58' lang='lat'><strong>1³³,</strong></span> <span class='ocrx_word' id='word_1_1088' title='bbox 1816 5625 1955 5678; x_wconf 86' lang='lat' dir='ltr'><strong>arbiterium</strong></span> 
     </span>
     <span class='ocr_line' id='line_1_77' title="bbox 273 5689 1954 5764; baseline 0.001 -22"><span class='ocrx_word' id='word_1_1089' title='bbox 273 5689 501 5754; x_wconf 71' lang='lat' dir='ltr'><strong>(llexhiberiiriai</strong></span> <span class='ocrx_word' id='word_1_1090' title='bbox 538 5689 855 5752; x_wconf 74' lang='lat' dir='ltr'><strong>(a)sicP“rstatnendoF</strong></span> <span class='ocrx_word' id='word_1_1091' title='bbox 884 5689 1097 5758; x_wconf 69' lang='lat' dir='ltr'><strong>(t)aicl&#39;&lt;¹¹,svpcr</strong></span> <span class='ocrx_word' id='word_1_1092' title='bbox 1146 5693 1172 5742; x_wconf 81' lang='lat' dir='ltr'>F</span> <span class='ocrx_word' id='word_1_1093' title='bbox 1259 5693 1302 5758; x_wconf 74' lang='lat' dir='ltr'><strong>(lt)</strong></span> <span class='ocrx_word' id='word_1_1094' title='bbox 1322 5693 1358 5746; x_wconf 84' lang='lat' dir='ltr'><strong>ric</strong></span> <span class='ocrx_word' id='word_1_1095' title='bbox 1373 5695 1485 5744; x_wconf 73' lang='lat' dir='ltr'><strong>distinxit</strong></span> <span class='ocrx_word' id='word_1_1096' title='bbox 1501 5693 1617 5744; x_wconf 80' lang='lat' dir='ltr'><strong>Cniacics</strong></span> <span class='ocrx_word' id='word_1_1097' title='bbox 1633 5693 1668 5742; x_wconf 86' lang='lat' dir='ltr'><strong>ad</strong></span> <span class='ocrx_word' id='word_1_1098' title='bbox 1681 5691 1787 5742; x_wconf 85' lang='lat' dir='ltr'><strong>Paulum</strong></span> <span class='ocrx_word' id='word_1_1099' title='bbox 1805 5695 1827 5744; x_wconf 86' lang='lat' dir='ltr'><strong>lr.</strong></span> <span class='ocrx_word' id='word_1_1100' title='bbox 1845 5695 1876 5758; x_wconf 88' lang='lat' dir='ltr'><strong>l.,·</strong></span> <span class='ocrx_word' id='word_1_1101' title='bbox 1893 5697 1954 5764; x_wconf 79' lang='lat' dir='ltr'><strong>vulpe</strong></span> 
     </span>
     <span class='ocr_line' id='line_1_78' title="bbox 272 5757 1902 5828; baseline 0.006 -22"><span class='ocrx_word' id='word_1_1102' title='bbox 272 5757 468 5824; x_wconf 58' lang='grc' dir='ltr'><strong>ιιιιιιιιιιίιιῗὁ</strong></span> <span class='ocrx_word' id='word_1_1103' title='bbox 560 5759 592 5822; x_wconf 85' lang='grc'>(1)</span> <span class='ocrx_word' id='word_1_1104' title='bbox 611 5759 1095 5812; x_wconf 80' lang='lat' dir='ltr'><strong>excausacelsimiliadicmalcorniasa</strong></span> <span class='ocrx_word' id='word_1_1105' title='bbox 1147 5761 1609 5828; x_wconf 78' lang='lat' dir='ltr'><strong>capalincipitavardisquiexaausa</strong></span> <span class='ocrx_word' id='word_1_1106' title='bbox 1679 5761 1722 5824; x_wconf 81' lang='lat'><strong>(13)</strong></span> <span class='ocrx_word' id='word_1_1107' title='bbox 1740 5761 1902 5816; x_wconf 82' lang='lat' dir='ltr'><strong>madaremF</strong></span> 
     </span>
     <span class='ocr_line' id='line_1_79' title="bbox 274 5827 1095 5892; baseline 0 -14"><span class='ocrx_word' id='word_1_1108' title='bbox 274 5837 330 5874; x_wconf 75' lang='lat' dir='ltr'><strong>runi</strong></span> <span class='ocrx_word' id='word_1_1109' title='bbox 416 5827 448 5890; x_wconf 82' lang='grc'><strong>(8]</strong></span> <span class='ocrx_word' id='word_1_1110' title='bbox 467 5827 642 5878; x_wconf 81' lang='lat' dir='ltr'><strong>ricsecnndnm</strong></span> <span class='ocrx_word' id='word_1_1111' title='bbox 652 5827 839 5892; x_wconf 84' lang='lat' dir='ltr'><strong>B,mu11ieipio</strong></span> <span class='ocrx_word' id='word_1_1112' title='bbox 848 5827 893 5878; x_wconf 71' lang='lat' dir='ltr'><strong>Fa</strong></span> <span class='ocrx_word' id='word_1_1113' title='bbox 984 5829 1017 5892; x_wconf 82' lang='grc' dir='ltr'><strong>(ι)</strong></span> <span class='ocrx_word' id='word_1_1114' title='bbox 1035 5841 1095 5892; x_wconf 85' lang='lat' dir='ltr'><strong>pre·</strong></span> 
     </span>
    </p>
   </div>
   <div class='ocr_carea' id='block_1_4' title="bbox 0 0 2189 6258">
    <p class='ocr_par' dir='ltr' id='par_1_4' title="bbox 0 0 2189 6258">
     <span class='ocr_line' id='line_1_80' title="bbox 0 0 2189 6258; baseline 0 0"><span class='ocrx_word' id='word_1_1115' title='bbox 0 0 2189 6258; x_wconf 95' lang='lat' dir='ltr'><strong> </strong></span> 
     </span>
    </p>
   </div>
  </div>
 </body>
</html>
