4366 6258
255 373 365 422 ansus
984 405 986 412 .
1060 349 1103 420 i‘l
1825 355 1914 420 1115

256 539 302 592 bus
318 535 450 588 fratribus.
463 551 517 588 uno
536 535 639 600 quidem
657 547 721 588 suae
739 533 843 598 aetatis,
860 535 912 588 alio
929 547 990 586 vero
1008 535 1056 586 mi·
1108 535 1235 588 stituendi
1250 551 1305 588 non
1321 535 1437 602 habebit,
1456 533 1517 614 qnia
1534 547 1584 586 nec
1597 529 1709 604 ipsafilii
1723 531 1827 584 nomine
1841 539 1914 586 recte

255 619 315 658 nore
333 601 416 664 annis,
435 617 496 654 cum
512 601 642 652 baberent
659 601 809 654 communie
824 601 1056 670 praedurantes,
1107 601 1163 670 agit
1180 605 1286 656 autres
1303 603 1433 658 bonorum
1450 611 1506 658 erus
1523 601 1622 654 manat
1637 595 1678 650 vel
1695 597 1841 652 debitorem
1864 599 1913 652 im-

254 673 334 726 maior
356 667 440 722 irater
462 667 491 720 in
513 667 583 720 salta
601 667 734 720 communi
749 667 861 722 babenti
876 665 1055 722 habitationes
1108 673 1122 718 1
1158 667 1265 736 puberis
1283 671 1436 738 accipiendo
1453 667 1594 738 pecuniam
1609 663 1712 718 liberat.
1746 663 1806 718 Uno
1822 665 1913 718 deien-

272 745 375 792 atemas
393 735 482 802 ampla
500 731 619 786 aedificia
635 733 835 790 aedificaverat:
862 745 922 788 cum
939 749 975 800 ue
992 749 1056 788 eun·
1108 733 1188 788 dente
1205 749 1313 788 causam
1331 739 1476 792 communis
1493 751 1579 808 aquae
1595 731 1726 788 sententia
1742 731 1850 800 praedio
1866 733 1914 786 da-

254 757 310 862 dam
326 805 422 856 saltum
434 817 496 854 cum
509 797 609 874 iratre¹
627 799 762 868 divideret,
780 807 902 872 sumptus
915 817 938 856 st
956 801 966 856 i
980 801 1056 874 quasi
1107 805 1166 856 tur:
1191 799 1239 856 sed
1260 801 1305 868 qui
1329 807 1449 870 sumptus
1467 801 1637 860 necessarios
1649 799 1701 854 ao6
1718 799 1869 868 probabiles
1886 799 1914 854 iu

255 871 412 928 remotiore
437 869 471 922 ab
496 883 526 930 eo
551 867 625 922 facta
650 867 939 922 desideratarum:
956 869 1057 922 minore
1108 865 1821 940 communibtefecit,negotiorumgestorumactionem
1829 865 1911 920 habet.

254 943 304 996 iam
320 937 450 1006 legitimae
467 935 563 990 aetabs
581 937 735 990 consituto.
768 937 918 990 Herennius
926 935 1056 990 Modesti·
1142 931 1179 994 31
1200 931 1260 1000 (32)
1277 935 1438 990 Icanlibro
1453 939 1531 992 tertio
1544 951 1734 1010 responsorum
1760 933 1915 990 Fideiussor

254 1025 301 1064 nus
318 1003 453 1072 respondit
470 1003 644 1072 ob'sumptus
661 1003 735 1058 nulla
751 1017 780 1056 re
794 1009 930 1072 urguente,
947 1003 996 1056 sed
1009 1009 1056 1056 vo·
1106 1003 1239 1072 imperitia
1255 1003 1346 1072 lapsus
1364 1003 1472 1056 alterins
1487 1021 1594 1074 quoque
1611 1009 1773 1072 contractus,
1792 1003 1836 1072 qui
1851 1015 1913 1072 per-

254 1073 357 1146 luptatis
377 1087 459 1126 causa
474 1069 561 1126 iactos
581 1075 641 1126 eum
659 1069 691 1124 de
708 1087 759 1138 quo
776 1071 911 1140 queantur
926 1071 1057 1124 actionem
1107 1077 1200 1126 sonam
1218 1069 1275 1126 eius
1292 1085 1347 1124 non
1364 1069 1545 1138 confingebat,
1563 1075 1674 1142 pignora
1691 1073 1731 1126 rel
1748 1071 1765 1126 h
1803 1071 1913 1126 othecas

256 1149 266 1198 1
301 1157 354 1194 non
371 1141 479 1194 babere.
514 1139 627 1204 Titium,
653 1139 675 1192 si
692 1139 799 1208 pietatis
816 1143 940 1206 respectu
957 1137 1057 1192 sororis
1107 1137 1226 1208 suscepit
1243 1141 1269 1192 et
1285 1141 1425 1204 utramque
1441 1139 1581 1204 pecuniam
1599 1141 1723 1196 creditori
1739 1141 1824 1204 savit,
1844 1137 1913 1192 exis«

254 1209 317 1264 aluit
338 1207 435 1270 filiam,
458 1205 589 1260 actionem
611 1207 664 1260 hoc
687 1207 792 1260 numne
815 1211 909 1258 contra
926 1219 985 1260 eam
1003 1221 1057 1260 non
1106 1207 1203 1260 mans
1217 1205 1382 1258 indemnitati
1390 1219 1455 1258 suae
1464 1203 1581 1258 confusis
1589 1209 1704 1274 praediis
1715 1207 1817 1264 consuli
1824 1219 1912 1276 posse.

820 1283 822 1286 ·
1107 1273 1142 1326 ob
1158 1287 1203 1328 eas
1217 1281 1259 1328 res
1272 1271 1371 1326 iudicio
1385 1271 1503 1324 mandati
1516 1271 1617 1326 frustra
1633 1277 1803 1330 convenietur
1817 1273 1914 1342 etipse

1107 1339 1252 1396 debitorem
1268 1339 1369 1396 frustm
1386 1339 1537 1402 conueniet,
1561 1341 1726 1408 negotiorum
1749 1349 1838 1398 autem
1855 1357 1913 1412 ges·

1106 1413 1194 1464 torum
1211 1409 1281 1462 actio
1299 1407 1404 1474 utrique
1420 1405 1574 1462 neomsaria'
1587 1407 1648 1460 erit:
1665 1409 1695 1462 in
1709 1419 1761 1480 qua
1776 1411 1842 1466 lite⁷
1857 1411 1913 1464 cul-

1125 1483 1169 1530 am
1176 1475 1309 1540 aestimari
1317 1477 1382 1528 satis
1397 1479 1446 1540 est,
1460 1489 1514 1528 non
1531 1473 1722 1540 edendarum,
1738 1479 1800 1546 quiin
1813 1477 1914 1546 praedo

1106 1493 1247 1596 fideiussor
1262 1561 1317 1598 non
1334 1543 1444 1596 ridetur.
1472 1541 1587 1596 creditor
1603 1541 1637 1594 ob
1656 1543 1683 1594 id
1699 1543 1801 1598 factum
1819 1547 1854 1600 ad
1870 1561 1912 1600 re·

253 1279 347 1332 babere
364 1273 497 1342 respondi.

285 1341 323 1400 27
342 1339 401 1408 (28)
420 1339 455 1396 11
461 1355 588 1396 ronanus
599 1341 669 1396 libro
681 1345 776 1414 ¹octcnto
786 1357 824 1396 eu·
835 1339 924 1398 Cassio
959 1339 1056 1408 Siquis

253 1409 447 1466 mandatuTitii
464 1409 569 1478 negotia
583 1407 636 1462 Seii
652 1409 741 1476 gessit,
759 1407 829 1462 Titio
848 1407 966 1462 mandati
982 1413 1056 1462 tene·

254 1485 294 1532 tur
309 1479 340 1532 lis
359 1491 392 1530 ue
411 1477 544 1530 aestimari
560 1477 646 1540 debet,
661 1481 763 1546 quanto
783 1475 836 1530 Seii
854 1481 879 1528 et
896 1475 958 1530 Titii
974 1477 1056 1530 intar-

254 1551 304 1600 est:
351 1543 391 1598 1tii
414 1549 504 1598 autem
525 1543 636 1598 interest
653 1549 783 1612 quantum
799 1543 822 1598 is
840 1543 900 1598 Seio
917 1549 1056 1612 praestare

254 1615 341 1678 debet,
365 1611 409 1666 cui
425 1611 466 1666 vel
481 1611 601 1674 mandati
617 1611 660 1664 rel
676 1611 840 1680 negotiorum
856 1617 990 1678 gestomm
1007 1627 1056 1666 no·

253 1681 318 1736 mine
335 1681 466 1748 obligatus
485 1683 532 1732 est.
568 1679 638 1732 Titio
656 1684 745 1734 autem
762 1681 832 1734 actio
852 1679 978 1750 competit
995 1687 1056 1734 cum

254 1765 290 1812 eo,
309 1747 351 1802 cui
367 1747 502 1802 mandarit
515 1747 602 1802 abana
614 1747 719 1816 negotia
733 1747 856 1816 gerenda,
872 1753 897 1802 et
914 1753 1056 1816 antequam

253 1813 306 1936 {pate
321 1815 462 1918 quicquan}
477 1815 581 1936 dpqqtiup
599 1819 723 1934 praqstet,
742 1815 849 1886 quiam
866 1815 889 1870 ei
906 1815 1006 1870 abesse
1016 1817 1055 1870 ri-

270 1899 369 1936 earm
405 1899 492 1938 uoo
548 1899 675 1938 auses.

284 1947 321 2008 28
341 1901 405 2014 (29‘)l
422 1901 632 2006 emersissem
647 1951 714 2006 libro
730 1951 808 2004 tertio
823 1951 906 2006 edicti
918 1951 1058 2004 monetarii

254 2017 315 2070 lium
331 2023 407 2086 pater
424 2023 583 2098 testamento
607 2023 730 2098 postumo
754 2023 870 2098 tutorem
893 2017 995 2072 dederit
1018 2017 1053 2072 is·

253 2087 1054 2222 ittdisimilis..tittttiitttsttdtitz

253 2227 335 2272 torum
353 2221 402 2274 erit
420 2221 561 2290 agendum:
587 2221 657 2290 quod
675 2221 793 2276 einaim
809 2221 891 2274 fuerit
907 2225 1055 2290 postumus,

253 2287 345 2340 tutelae
363 2287 411 2342 erit
429 2289 498 2344 actio
516 2293 543 2344 et
559 2289 587 2342 in
605 2303 663 2344 eam
680 2293 821 2360 utrumque
837 2293 942 2356 tempus
959 2289 1053 2354 veniet,

254 2359 277 2410 et
293 2371 357 2424 quo,
383 2361 525 2426 antequam
542 2361 697 2410 nasceretur
713 2357 815 2422 inians,
838 2359 920 2426 gessit
944 2361 970 2410 et
992 2373 1054 2426 qua,

252 2429 340 2492 postea
358 2439 421 2478 uam
438 2431 518 2478 natus
536 2425 578 2478 sit.
837 2437 839 2440 ·

284 2485 349 2552 29(
373 2489 400 2552 0)
419 2491 896 2560 Ietrnnesle’brotertiodipestorum
929 2491 1053 2566 Exiacto

254 2557 437 2626 quaerebatur:
456 2559 586 2630 quendam
604 2559 639 2612 ad
652 2557 779 2626 siliginem
793 2559 930 2614 emendam
947 2563 1054 2614 curato-

252 2631 303 2678 rem
320 2625 425 2680 decreto
443 2627 543 2680 ordinis
567 2627 753 2682 constitutum:
779 2627 863 2680 eidem
886 2627 967 2680 adum
990 2627 1053 2682 sub·

254 2697 394 2746 curatorem
413 2695 585 2748 coustitutum
602 2695 731 2762 siliginem
747 2695 888 2748 miscendo
905 2697 1055 2764 corrupisse

253 2765 326 2828 atque
342 2759 379 2812 ita
395 2761 512 2828 pretium
530 2761 651 2830 siliginis,
677 2777 745 2830 quae
767 2761 795 2814 in
812 2761 948 2830 publicum
966 2767 1055 2830 empta

251 2833 318 2892 erat,
341 2829 458 2882 curatori
482 2827 618 2882 adflictum
635 2845 706 2884 esse:
731 2845 836 2896 quaque
854 2831 959 2884 actione
977 2845 1054 2884 cura-

249 2901 290 2962 tor
312 2911 371 2950 cum
393 2895 568 2950 subauratore
592 2895 705 2964 experiri
727 2897 813 2966 possit
830 2901 857 2950 et
874 2899 1001 2966 consequi
1017 2897 1053 2962 id,

253 2967 279 3016 ut
296 2963 318 3016 ei
335 2963 435 3016 salvum
454 2969 537 3028 esset,
562 2965 633 3032 quod
651 2979 733 3018 causa
751 2965 807 3016 eius
825 2965 950 3018 damnum
969 2965 1053 3034 cepis-

253 3035 295 3084 set.
329 3029 450 3084 Valerius
460 3031 572 3086 Severus
589 3031 726 3100 respondit
743 3031 870 3086 adsersus
888 3037 1055 3086 contutorem

252 3097 409 3166 negotiorum
426 3103 561 3166 gestorum
578 3099 710 3154 actionem
726 3099 810 3154 tutori
833 3099 960 3154 dandam:
985 3099 1055 3154 idem

252 3165 393 3234 respondit:
410 3171 441 3218 ut
454 3165 621 3234 magistratui
635 3167 760 3220 adversus
769 3167 953 3236 magistratum
962 3167 1055 3220 eadem

253 3233 315 3286 actio
341 3233 431 3298 detur,
452 3235 492 3288 ita
515 3239 617 3298 tamen,
640 3233 663 3286 si
680 3249 734 3288 non
751 3235 785 3286 sit
803 3235 925 3288 conscius
941 3233 1053 3288 fraudu.

252 3301 845 3370 secundumquaeetiaminsubcnratoreidem
855 3301 1053 3356 dicendumest.

282 3363 319 3424 30
343 3363 402 3432 (31)
428 3367 612 3422 Papinianus
632 3367 702 3422 libro
723 3367 840 3422 secundo
863 3375 1055 3436 responsorum

252 3433 353 3490 liberto
376 3434 418 3490 rel
441 3435 526 3488 amico
545 3433 681 3489 mandavit
697 3433 838 3502 pecuniam
856 3437 978 3502 accipere
995 3451 1053 3488 mu-

251 3507 332 3556 tuam:
359 3503 435 3556 citius
460 3503 564 3556 litteras
590 3501 706 3556 creditor
731 3507 840 3556 secutus
867 3501 1000 3556 conuexit
1028 3507 1055 3556 et

252 3569 383 3624 fideiussor
399 3569 555 3624 intervenit:
580 3569 684 3622 etiamsi
701 3569 814 3638 pecunia
831 3585 886 3624 nou
903 3569 938 3622 sit
953 3569 983 3622 in
998 3583 1054 3622 rem

253 3637 302 3692 eius
318 3653 405 3704 rusa,
431 3643 521 3692 tamen
539 3637 647 3692 dabitur
662 3637 691 3690 in
708 3653 768 3692 eum
785 3637 953 3716 negotiomm
965 3641 1053 3704 gesto·

253 3721 304 3760 rum
320 3707 388 3760 actio
407 3705 533 3760 creditori
549 3707 591 3760 rel
606 3703 771 3768 fideiussori,
796 3703 897 3760 scmcet
914 3703 950 3758 ad
966 3719 1053 3758 exem

256 3779 263 3832 1
296 3775 367 3844 plum
383 3775 533 3828 institorias
551 3773 672 3826 actionis.
707 3775 782 3826 inter
805 3771 912 3840 negotia
929 3771 1053 3840 Sempro-

252 3841 292 3906 nii,
308 3857 375 3910 quae
392 3841 515 3912 gerebat,
532 3841 656 3910 ignorans
675 3841 738 3892 Titii
755 3839 890 3908 negotium
906 3839 1000 3908 gessit:
1019 3841 1053 3894 ob

253 3925 304 3964 eam
320 3925 424 3978 quoque
441 3909 557 3978 speciem
566 3907 720 3976 Sempronio
739 3907 879 3970 tenebitur,
898 3907 947 3962 sed
956 3907 980 3960 ei
989 3921 1052 3960 cau·

251 3979 342 4030 tionem
363 3975 544 4030 indemnitatis
568 3973 655 4030 officio
679 3973 773 4030 iudicis
790 3973 912 4044 praeberi
928 3975 1054 4030 necessei

253 4051 287 4098 est
303 4045 426 4098 adversus
444 4043 552 4108 Titium,
573 4043 617 4096 cui
635 4043 714 4096 dattrr
731 4043 809 4096 actio.
833 4041 904 4096 idem
920 4041 948 4096 iu
965 4045 1055 4096 tutem

252 4117 265 4164 1
296 4111 357 4166 iuris
377 4117 424 4164 est.
459 4111 547 4164 Litem
569 4111 597 4162 iu
620 4111 748 4164 iudicium
771 4111 914 4164 deductam
931 4113 957 4162 et
974 4123 991 4162 a
1007 4123 1053 4164 reo

252 4177 374 4234 desertam
390 4177 556 4232 frustratorie
575 4177 677 4234 amicus
700 4177 770 4232 ultro
795 4177 861 4246 egit,
886 4191 982 4232 causas
1007 4177 1053 4230 ab·

252 4247 344 4300 sentiae
361 4249 416 4302 eius
434 4247 550 4314 allegans
567 4245 662 4300 indici:
688 4245 794 4316 culpam
819 4243 984 4300 contraxisse
1001 4261 1055 4300 non

251 4315 386 4380 ridebitur,
404 4315 477 4384 quod
494 4315 625 4368 sententia
643 4317 738 4370 canna
755 4315 891 4368 absentem
909 4313 981 4366 dicta
998 4313 1055 4382 ipse

252 4397 299 4436 uon
341 4381 484 4436 revocarit.
526 4381 672 4436 Uareniana
695 4387 786 4434 notat:
811 4383 864 4436 hoc
889 4397 980 4434 verum
1006 4383 1054 4446 est,

252 4449 307 4516 quia
323 4399 467 4504 frustratur
485 4447 677 4518 condemnatus
695 4453 750 4502 est:
769 4453 886 4504 ceterum
903 4447 927 4502 si
943 4447 1053 4514 amicus,

253 4531 307 4570 cun
323 4519 459 4570 absentem
482 4515 636 4570 defenderet
660 4515 867 4582 condemnatus,
889 4515 1054 4584 negotiorum

251 4591 375 4650 gestorum
392 4591 459 4654 aget,
477 4585 575 4654 poterit
593 4585 617 4638 ei
630 4585 764 4654 imputari,
783 4585 806 4640 si
821 4601 882 4638 cnm
894 4589 987 4654 posset
1000 4601 1054 4638 non

252 4655 264 4702 3
296 4653 461 4720 appellasset.
490 4651 540 4720 Qui
556 4651 642 4706 aliena
655 4651 761 4720 negotia
775 4653 851 4720 gerit,
866 4669 963 4708 usuras
976 4667 1053 4722 prae-

251 4723 315 4772 sare
333 4721 434 4788 cogitur
452 4721 508 4774 eius
526 4721 627 4774 scilicet
643 4721 782 4790 pectmiae,
800 4735 870 4790 qnae
878 4723 998 4790 purgatis
1007 4737 1053 4776 ue-

251 4789 265 4838 1
296 4789 414 4842 cessariis
432 4789 581 4858 sumptibus
599 4793 729 4856 superest.
764 4789 888 4858 Libertas
899 4795 1053 4856 certampe-

252 4855 349 4908 cuniam
367 4857 489 4926 accipere
506 4861 618 4910 testator
631 4855 667 4908 ad
681 4861 817 4926 sumptum
830 4859 995 4912 monumenti
1007 4873 1053 4912 vo-

250 4917 307 4996 luit:
330 4923 352 4976 si
369 4925 433 4992 quid
450 4925 562 4996 amplius
576 4921 661 4976 'inerit
678 4929 828 4992 erogatum,
851 4923 949 4996 iudicio
974 4939 1053 4992 nego-

250 4991 339 5064 borum
362 4999 496 5060 gestorum
519 4993 553 5044 ab
575 4989 675 5044 herede
696 4999 751 5044 non
773 4997 846 5048 recte
864 4999 970 5062 petetur
986 4997 1054 5046 nec⁵

250 5069 302 5110 mre
323 5059 531 5126 fideicommissi,
559 5075 619 5114 cum
641 5059 765 5112 uoluntas
788 5059 870 5114 finem
896 5063 1053 5130 erogationis

251 5125 264 5172 5
295 5123 393 5180 iecerit.
429 5127 537 5182 Tutoris
554 5129 630 5182 heres
647 5125 768 5194 impubes
785 5125 856 5180 tilius
875 5129 909 5182 ob
928 5143 967 5194 ea,
986 5143 1054 5198 quae

1106 1609 1269 1666 stimendum
1290 1609 1404 1676 iudicio,
1428 1609 1499 1680 quod
1521 1609 1554 1664 de
1574 1609 1683 1688 pignore
1706 1609 1769 1666 dato
1786 1613 1913 1678 redditur,

1106 1689 1179 1732 cum
1194 1677 1316 1734 rideatur
1339 1679 1381 1732 ius
1406 1687 1484 1732 suum
1505 1675 1668 1742 vendidisse,
1694 1693 1749 1732 non
1772 1681 1913 1736 tenebitur.

1108 1751 1120 1800 1
1157 1747 1299 1816 Ignoraute
1315 1747 1413 1816 virgine
1430 1751 1516 1800 mater
1533 1763 1550 1800 a
1567 1759 1664 1816 sponso
1682 1745 1752 1798 filiae
1769 1761 1812 1800 res
1830 1747 1913 1802 dona-

1106 1819 1150 1868 tas
1168 1817 1299 1884 suscepit:
1325 1817 1387 1884 quia
1403 1813 1523 1868 mandati
1538 1813 1581 1868 rel
1598 1813 1711 1882 depositi
1730 1819 1817 1868 cessat
1834 1817 1914 1882 actio,

1105 1899 1124 1938 n
1157 1883 1271 1936 otiorum
1305 1887 1420 1936 ustorum
1437 1881 1530 1950 egitir.
1606 1889 1608 1894 ’

1125 1897 1182 2008 Θ32
1202 1945 1261 2014 (33)
1286 1899 1368 2004 inam
1388 1949 1456 2004 libro
1481 1949 1583 2006 decimo
1607 1963 1797 2028 responsorum
1830 1947 1934 2026 Heres

1105 2017 1155 2072 riri
1173 2017 1293 2072 defuncti
1314 2033 1437 2082 uxorem,
1460 2031 1588 2086 quaeres
1604 2017 1654 2070 viu
1670 2021 1790 2084 tempore
1806 2021 1914 2084 nuptia-

1105 2093 1165 2140 rum
1181 2085 1210 2140 in
1227 2091 1276 2140 sua
1292 2089 1425 2156 potestate
1448 2085 1555 2150 habuit,
1580 2083 1738 2154 compilatae
1760 2083 1915 2138 hereditatis

1725 2149 1916 2288 1111111

1106 2305 1158 2358 que
1175 2287 1224 2342 riri
1259 2287 1329 2354 assit,
1348 2305 1407 2342 cum
1425 2303 1457 2342 ea
1472 2287 1554 2342 fuerit
1571 2259 1704 2356 expert’us.

1139 2351 1179 2414 33
1200 2305 1260 2422 (aad)
1278 2355 1398 2410 Parrus
1412 2355 1481 2410 libre
1493 2359 1586 2426 primo
1601 2355 1787 2424 quaestionum
1812 2353 1914 2410 Nesea·

1105 2425 1166 2478 nius
1183 2423 1346 2492 Apollinaris
1368 2423 1435 2478 iulio
1451 2423 1537 2478 Paulo
1562 2423 1681 2478 salutem.
1716 2423 1786 2476 Aria
1808 2423 1914 2490 nepotis

1105 2491 1148 2546 sui
1171 2491 1278 2560 negotia
1300 2491 1394 2560 gessit:
1419 2491 1551 2546 defunctis
1575 2491 1695 2560 nmisque
1712 2489 1787 2544 aviae
1802 2489 1914 2544 heredes

1106 2557 1332 2614 conveniebantur
1357 2575 1373 2614 a
1389 2561 1494 2628 nepotis
1510 2559 1653 2622 heredibus
1671 2557 1838 2626 negotiorum
1854 2573 1914 2626 ges·

1104 2633 1194 2680 torum
1220 2627 1337 2680 actone:
1370 2629 1531 2696 reputabant
1556 2627 1666 2682 heredes
1692 2627 1766 2680 ariae
1791 2625 1916 2680 admenta

1105 2695 1235 2816 praestita
1258 2695 1356 2764 nepoti.
1386 2695 1596 2764 respondebatur
1619 2695 1704 2748 aviam
1729 2695 1786 2748 inre
1808 2695 1916 2764 pietatis

1124 2777 1140 2816 e
1156 2779 1205 2816 suo
1223 2763 1401 2830 praestitisse:
1420 2779 1470 2818 nec
1487 2763 1557 2816 enim
1574 2767 1621 2816 aut
1635 2761 1807 2826 desiderasse,
1825 2767 1856 2814 ut
1869 2761 1915 2814 de·

1106 2833 1277 2884 cernerentur
1302 2829 1440 2896 alimenta,
1465 2835 1513 2884 aut
1529 2829 1636 2884 decreta
1655 2835 1750 2884 essent.
1777 2833 1917 2898 praeterea

1106 2897 1204 2950 constit
1223 2901 1281 2950 tum
1298 2911 1356 2950 esse
1373 2897 1518 2962 dicebatur,
1536 2905 1575 2962 ut,
1593 2899 1616 2950 si
1627 2901 1713 2950 mater
1727 2897 1844 2962 aluisset,
1862 2911 1917 2950 uon

1105 2969 1198 3032 posset
1220 2965 1358 3028 alimenta,
1383 2981 1452 3034 quae
1475 2965 1574 3034 pietate
1592 2981 1623 3020 co
1642 2971 1702 3020 ente
1721 2965 1754 3018 de
1771 2981 1820 3020 suo
1838 2979 1916 3034 prae-

1106 3031 1232 3096 stitisset,
1250 3037 1378 3100 repetere.
1406 3049 1439 3086 es
1463 3033 1596 3088 contrario
1640 3033 1759 3086 'uebatur
1781 3037 1846 3086 tunc
1864 3031 1916 3086 hoc

1105 3105 1179 3154 recte
1197 3097 1257 3164 dici,
1275 3103 1307 3152 ut
1324 3097 1357 3154 de
1373 3115 1421 3154 suo
1440 3099 1536 3154 aluisse
1553 3103 1638 3154 mater
1653 3099 1827 3168 probaretur:
1847 3103 1875 3154 at
1888 3099 1917 3154 in

1105 3165 1455 3288 laetititiae
1478 3169 1586 3288 iiiiii
1603 3167 1917 3288 idmiiiibiaiii'

1105 3305 1164 3354 tum
1187 3251 1241 3366 ests,
1266 3251 1412 3369 numquidp⁸
1428 3251 1542 3370 utsroqti'e
1565 3251 1855 3380 patfflomdlseiogaa
1877 3301 1916 3356 ri·

1106 3367 1229 3420 deantur.
1257 3381 1355 3436 quaero
1370 3367 1434 3436 quid
1448 3367 1497 3422 tibi
1510 3369 1605 3422 iustms
1620 3367 1749 3422 rideatur.
1775 3367 1915 3436 respondi:

1105 3433 1173 3488 haec
1192 3433 1347 3502 disceptatio
1365 3433 1394 3488 in
1415 3433 1518 3488 iactum
1543 3435 1677 3490 constitit:
1703 3451 1765 3490 nam
1792 3441 1818 3490 et
1839 3435 1915 3500 illud,

1106 3501 1178 3570 quod
1194 3501 1223 3554 in
1239 3505 1325 3556 matre
1343 3501 1516 3556 consitutum
1533 3509 1587 3568 est,
1611 3519 1667 3556 non
1683 3505 1748 3570 puto
1765 3503 1804 3556 ita
1820 3517 1916 3572 perpe-

1104 3573 1152 3622 tuo
1176 3568 1379 3624 obseruandum.
1406 3571 1471 3638 quid
1488 3571 1557 3622 enim
1573 3571 1597 3630 si
1615 3571 1695 3624 etiam
1711 3575 1860 3638 protestata
1877 3575 1917 3624 est

1106 3651 1135 3690 se
1158 3637 1242 3690 filium
1265 3637 1325 3692 ideo
1349 3637 1434 3702 alere,
1457 3643 1488 3690 ut
1507 3643 1554 3692 aut
1570 3639 1657 3706 ipsum
1675 3645 1722 3690 aut
1739 3643 1840 3694 tutores
1859 3639 1917 3694 eius

1106 3705 1277 3760 conveniret?
1302 3721 1374 3774 pone
1391 3711 1500 3772 peregre
1515 3711 1619 3776 patrem
1636 3707 1692 3760 eius
1711 3707 1799 3762 obisse
1817 3711 1843 3762 et
1860 3721 1916 3760 ma·

1104 3777 1187 3838 mem,
1212 3773 1275 3826 dum
1296 3773 1325 3826 in
1342 3773 1456 3840 patriam
1472 3775 1626 3840 revertitur,
1649 3779 1706 3826 tam
1729 3775 1812 3826 filium
1837 3789 1917 3844 quam

1104 3839 1232 3892 familiam
1250 3841 1306 3894 eius
1325 3839 1488 3894 exhibuisse:
1514 3841 1542 3892 in
1559 3847 1612 3910 q'ua
1629 3841 1718 3910 specie
1736 3841 1814 3894 etiam
1829 3841 1859 3894 in
1875 3841 1916 3910 ip-

1105 3923 1165 3960 sum
1181 3925 1218 3976 pu
1238 3907 1311 3960 illum
1328 3907 1494 3974 negotiorum
1507 3913 1641 3976 gestorum
1656 3909 1770 3964 dandam
1785 3909 1917 3964 actionem

1106 3973 1182 4030 dirus
1230 3975 1272 4030 ius
1289 3975 1441 4028 Antoninus
1466 3975 1563 4030 cousdt
1583 3975 1610 4028 ’t
1643 3977 1724 4042 igitur
1748 3977 1776 4030 in
1799 3991 1829 4030 re
1852 3975 1917 4030 iacti

1105 4041 1213 4096 iacilius
1230 4043 1332 4116 putabo
1351 4041 1437 4096 ariam
1453 4041 1495 4096 rel
1511 4043 1622 4096 heredes
1640 4045 1696 4096 eius
1714 4043 1875 4108 audiendos,
1887 4043 1918 4096 ,si

1105 4113 1230 4176 reputare
1246 4111 1328 4162 velint
1345 4109 1483 4174 alimenta,
1501 4111 1616 4162 mamma
1632 4111 1656 4164 si
1673 4111 1753 4164 etiam
1769 4111 1797 4162 in
1814 4111 1917 4162 ratione

1104 4175 1286 4244 impensarum
1304 4193 1337 4232 ea
1353 4177 1488 4232 rettulisse
1506 4177 1593 4230 ariam
1611 4177 1758 4246 apparebit.
1785 4175 1852 4228 illud
1869 4189 1916 4228 ne·

1106 4259 1240 4312 quaquam
1257 4245 1450 4300 admittendum
1465 4249 1539 4314 puto,
1559 4249 1590 4298 ut
1607 4243 1770 4314 de'utroque
1786 4243 1916 4312 patrimo·

1105 4311 1150 4366 nio
1169 4327 1213 4364 ero
1232 4315 1278 4366 ata
1293 4313 1442 4366 videanmr.
1849 4367 1850 4370 ,

1141 4375 1182 4436 34
1202 4327 1261 4444 (35)
1280 4379 1432 4436 8111117011
1455 4381 1523 4434 libre
1535 4381 1629 4450 primo
1646 4377 1833 4446 quaestionum
1868 4375 1916 4428 Di-

1099 4445 1191 4500 ‘vortio
1208 4445 1281 4500 iacto
1299 4447 1406 4516 negotia
1423 4447 1513 4502 uxoris
1535 4445 1617 4514 gessit
1638 4445 1764 4496 maritus:
1789 4441 1837 4496 dos
1862 4459 1917 4498 non

1106 4513 1193 4568 solum
1211 4513 1280 4568 dotis
1298 4517 1410 4580 actione,
1428 4531 1520 4570 rerum
1534 4511 1700 4582 negotiorum
1712 4513 1847 4578 gestorum
1861 4525 1917 4564 ser-

1104 4583 1163 4638 uari
1184 4585 1280 4650 potest.
1307 4583 1375 4638 haec
1391 4585 1443 4648 ita,
1469 4581 1492 4636 si
1514 4581 1542 4634 in
1559 4577 1671 4656 negotiis
1688 4577 1787 4644 gestire
1804 4579 1918 4632 maritus

1105 4649 1170 4722 dum
1184 4649 1250 4718 gerit
1264 4647 1354 4704 iacere
1367 4651 1469 4720 potnit:
1488 4647 1554 4720 allas
1569 4653 1638 4700 emm
1652 4645 1777 4714 imputari
1791 4663 1846 4702 non
1855 4653 1916 4716 pot-

1106 4721 1147 4772 est
1156 4719 1185 4782 ¹⁰,
1210 4717 1281 4786 quod
1304 4731 1321 4770 a
1345 4733 1374 4772 se
1392 4733 1450 4770 non
1472 4713 1596 4782 exegerit.
1622 4711 1670 4768 sed
1694 4717 1720 4766 et
1742 4717 1917 4786 posteaquam

1104 4785 1295 4858 patrimonium
1321 4785 1452 4848 amsans,
1492 4781 1558 4860 'lena
1576 4781 1625 4860 erit
1640 4781 1808 4850 negotiorum
1825 4789 1914 4852 gesto-

1104 4869 1164 4908 rum
1181 4855 1267 4916 aotio,
1291 4851 1410 4972 quamuis
1432 4851 1456 4904 si
1478 4799 1549 4902 dous
1568 4853 1671 4904 arbone
1688 4849 1800 4906 maritus
1818 4867 1914 4906 conve·

1105 4921 1209 4984 matur,
1227 4919 1293 4972 abso
1304 4917 1404 4972 vendus
1422 4921 1470 4972 est.
1498 4915 1606 4972 sedhic
1624 4917 1731 4986 quidam
1748 4921 1841 4974 modus
1859 4937 1921 4976 ser·-

1104 4989 1207 5044 randus
1226 4991 1275 5050 est,
1292 4989 1324 5038 ut
1339 4987 1377 5038 ita
1395 4985 1527 5066 querellae
1544 4987 1619 5040 locus
1637 4987 1672 5042 sit
1689 4991 1857 5058 ‘quantum1¹
1874 4989 1887 5042 l
1904 5019 1915 5030 -

1106 5063 1176 5112 ‘cere
1192 5055 1287 5126 potuit,
1306 5069 1424 5122 quamvis
1442 5059 1536 5122 postea
1550 5055 1682 5122 amiserit',
1700 5059 1723 5112 si
1736 5057 1781 5112 illo
1796 5063 1851 5110 tem
1871 5073 1916 5112 ore

1105 5125 1130 5180 ei
1147 5125 1248 5180 solvere
1264 5121 1365 5192 potuit:
1382 5139 1437 5180 uon
1454 5123 1523 5176 enim
1541 5125 1680 5194 evestigio
1697 5125 1726 5178 in
1742 5125 1831 5180 officio
1850 5073 1916 5178 dali-

250 5191 317 5244 tutor
334 5193 389 5248 eius
406 5195 436 5248 in
452 5195 531 5250 rebus
549 5193 666 5264 pupiilae
683 5197 812 5262 paternae
828 5195 924 5262 gessit,
942 5211 997 5250 non
1013 5201 1053 5250 te·
1105 5193 1170 5262 quit,
1190 5193 1213 5248 si
1229 5207 1284 5246 non
1300 5189 1422 5258 protinus
1440 5191 1483 5246 res
1501 5207 1564 5248 suas
1583 5191 1705 5248 distraxit
1721 5191 1757 5248 ad
1773 5193 1916 5262 pecuniam

250 5263 334 5326 nebu,
359 5263 405 5314 sed
427 5269 501 5318 tutor
522 5263 630 5332 proprio
648 5261 755 5316 nomine
770 5261 870 5314 iudicio
887 5263 1053 5332 negotiomm
1104 5259 1287 5328 redigendam:
1311 5257 1457 5326 praeterire
1480 5259 1593 5332 denique
1610 5261 1710 5332 aliquid
1726 5261 1851 5332 temporis
1870 5261 1915 5314 de·

251 5327 264 5376 6
294 5333 426 5392 gestomm
443 5331 621 5386 convenietin.
658 5329 824 5398 Quamquam
840 5335 926 5384 mater
941 5329 990 5382 filii
1007 5347 1053 5386 ne·
1103 5327 1186 5392 babit,
1205 5343 1257 5398 quo
1276 5341 1395 5382 cessasse
1410 5329 1539 5384 rideatur.
1567 5331 1639 5398 quod
1661 5331 1684 5386 si
1700 5329 1809 5396 interea,
1826 5329 1914 5398 prius-

251 5393 315 5458 solia
331 5397 477 5452 secundum
492 5399 576 5468 patris
593 5397 756 5460 voluntatem
773 5397 882 5466 pietatis
896 5397 996 5452 fiducia
1007 5413 1053 5464 ge·
1105 5411 1185 5476 quam
1202 5395 1320 5450 officium
1336 5395 1452 5466 impleat,
1469 5413 1512 5452 res
1529 5399 1628 5458 amissa
1645 5403 1693 5464 est,
1711 5399 1820 5468 perinde
1833 5413 1914 5464 nego,-

250 5463 399 5522 subtemen
416 5465 458 5518 ius
476 5467 574 5520 actoms
590 5464 774 5536 periculosae
791 5465 877 5518 litium
892 5479 975 5518 cama
989 5479 1053 5518 con·
1103 5467 1203 5516 trorum
1218 5467 1353 5530 gestorum
1370 5481 1424 5526 non
1441 5469 1555 5532 tenetur,
1574 5483 1605 5522 ac
1623 5467 1647 5520 si
1663 5479 1807 5534 numquam
1823 5465 1916 5518 iacere

251 5567 1914 5592 mffl

251 5627 276 5692 (1)
293 5629 500 5686 masmana
510 5635 673 5702 B‚patrs³F¹
743 5637 775 5702 (1)
793 5633 1053 5686 melioreisctaabeo
1088 5605 1291 5692 'comitant’
1354 5637 1386 5702 (i)
1405 5635 1509 5702 qualite
1518 5635 1587 5698 ma,
1597 5635 1718 5698 qualitate
1727 5631 1767 5686 1(η
1831 5635 1865 5696 (8)
1883 5629 1914 5680 de

250 5701 619 5764 computaridesiderahatscrs
674 5707 705 5768 (3)
724 5705 883 5768 inquodscr.
958 5701 991 5766 (1)
1008 5715 1053 5752 ne·
1105 5701 1218 5752 ins-dett.
1272 5701 1304 5766 (a)
1323 5703 1698 5770 itainnegotiisgesiis,siaer.
1751 5701 1795 5764 (1ο)
1813 5697 1919 5764 poles?

249 5767 372 5818 recesseF
448 5771 480 5834 (t)
498 5773 749 5836 necSsortassecum
758 5773 870 5834 Emer
941 5771 975 5834 (t)
994 5771 1055 5822 acS
1107 5767 1149 5830 (11)
1168 5771 1407 5832 quantum'tumscr·
1920 5797 1922 5800 ·
