<?xml version="1.0" encoding="UTF-8"?>
<!DOCTYPE html PUBLIC "-//W3C//DTD XHTML 1.0 Transitional//EN"
    "http://www.w3.org/TR/xhtml1/DTD/xhtml1-transitional.dtd">
<html xmlns="http://www.w3.org/1999/xhtml" xml:lang="en" lang="en">
 <head>
  <title>
</title>
<meta http-equiv="Content-Type" content="text/html;charset=utf-8" />
  <meta name='ocr-system' content='tesseract 3.04.00' />
  <meta name='ocr-capabilities' content='ocr_page ocr_carea ocr_par ocr_line ocrx_word'/>
</head>
<body>
  <div class='ocr_page' id='page_1' title='image "./corpusiuriscivi00schogoog/corpusiuriscivi00schogoog_0435.png"; bbox 0 0 4366 6258; ppageno 0'>
   <div class='ocr_carea' id='block_1_1' title="bbox 266 347 1944 424">
    <p class='ocr_par' dir='ltr' id='par_1_1' title="bbox 266 347 1944 424">
     <span class='ocr_line' id='line_1_1' title="bbox 266 347 1944 424; baseline -0.005 1"><span class='ocrx_word' id='word_1_1' title='bbox 266 361 396 424; x_wconf 84' lang='lat' dir='ltr'><strong>XXlHi</strong></span> <span class='ocrx_word' id='word_1_2' title='bbox 418 367 436 424; x_wconf 88' lang='lat'><strong>3</strong></span> <span class='ocrx_word' id='word_1_3' title='bbox 1006 397 1007 400; x_wconf 57' lang='lat'><em>=</em></span> <span class='ocrx_word' id='word_1_4' title='bbox 1067 347 1135 420; x_wconf 79' lang='lat' dir='ltr'><strong>stt</strong></span> <span class='ocrx_word' id='word_1_5' title='bbox 1481 367 1613 416; x_wconf 84' lang='lat' dir='ltr'><strong>sonoro</strong></span> <span class='ocrx_word' id='word_1_6' title='bbox 1636 363 1854 414; x_wconf 78' lang='grc' dir='ltr'>ιιιιιιιοιιιο</span> <span class='ocrx_word' id='word_1_7' title='bbox 1877 365 1944 416; x_wconf 84' lang='grc' dir='ltr'><strong>ιιι</strong></span> 
     </span>
    </p>
   </div>
   <div class='ocr_carea' id='block_1_2' title="bbox 233 531 1946 4456">
    <p class='ocr_par' dir='ltr' id='par_1_2' title="bbox 266 531 1946 1328">
     <span class='ocr_line' id='line_1_2' title="bbox 266 531 1944 604; baseline -0.004 -11"><span class='ocrx_word' id='word_1_8' title='bbox 266 553 376 594; x_wconf 87' lang='lat' dir='ltr'><strong>uxorem</strong></span> <span class='ocrx_word' id='word_1_9' title='bbox 392 535 524 590; x_wconf 76' lang='lat' dir='ltr'><strong>Maeuiam</strong></span> <span class='ocrx_word' id='word_1_10' title='bbox 541 533 617 590; x_wconf 85' lang='lat' dir='ltr'><strong>duxit</strong></span> <span class='ocrx_word' id='word_1_11' title='bbox 634 541 661 588; x_wconf 91' lang='lat' dir='ltr'><strong>et</strong></span> <span class='ocrx_word' id='word_1_12' title='bbox 673 535 761 588; x_wconf 89' lang='lat' dir='ltr'><strong>dotem</strong></span> <span class='ocrx_word' id='word_1_13' title='bbox 774 541 853 604; x_wconf 86' lang='lat' dir='ltr'><strong>pater</strong></span> <span class='ocrx_word' id='word_1_14' title='bbox 866 535 983 604; x_wconf 83' lang='lat' dir='ltr'><strong>accepit:</strong></span> <span class='ocrx_word' id='word_1_15' title='bbox 1001 535 1076 590; x_wconf 86' lang='lat' dir='ltr'><strong>Mae-</strong></span> <span class='ocrx_word' id='word_1_16' title='bbox 1127 533 1271 588; x_wconf 90' lang='lat' dir='ltr'><strong>heredibus</strong></span> <span class='ocrx_word' id='word_1_17' title='bbox 1288 535 1417 588; x_wconf 87' lang='lat' dir='ltr'><strong>institutis</strong></span> <span class='ocrx_word' id='word_1_18' title='bbox 1436 535 1568 586; x_wconf 78' lang='lat' dir='ltr'><strong>actionem</strong></span> <span class='ocrx_word' id='word_1_19' title='bbox 1585 533 1618 586; x_wconf 91' lang='lat' dir='ltr'><strong>de</strong></span> <span class='ocrx_word' id='word_1_20' title='bbox 1628 531 1692 586; x_wconf 89' lang='lat' dir='ltr'><strong>dote</strong></span> <span class='ocrx_word' id='word_1_21' title='bbox 1706 547 1756 586; x_wconf 89' lang='lat' dir='ltr'><strong>sua</strong></span> <span class='ocrx_word' id='word_1_22' title='bbox 1770 531 1944 600; x_wconf 83' lang='lat' dir='ltr'><strong>reciperando</strong></span> 
     </span>
     <span class='ocr_line' id='line_1_3' title="bbox 266 599 1945 680; baseline -0.004 -22"><span class='ocrx_word' id='word_1_23' title='bbox 266 607 309 658; x_wconf 86' lang='lat' dir='ltr'><strong>via</strong></span> <span class='ocrx_word' id='word_1_24' title='bbox 326 603 396 656; x_wconf 87' lang='lat' dir='ltr'><strong>Titio</strong></span> <span class='ocrx_word' id='word_1_25' title='bbox 414 601 554 670; x_wconf 79' lang='lat' dir='ltr'>repudium</span> <span class='ocrx_word' id='word_1_26' title='bbox 569 601 654 656; x_wconf 84' lang='lat' dir='ltr'><strong>misit:</strong></span> <span class='ocrx_word' id='word_1_27' title='bbox 670 607 773 670; x_wconf 50' lang='lat' dir='ltr'><strong>¹postea</strong></span> <span class='ocrx_word' id='word_1_28' title='bbox 789 607 867 670; x_wconf 89' lang='lat' dir='ltr'><strong>pater</strong></span> <span class='ocrx_word' id='word_1_29' title='bbox 879 601 1012 680; x_wconf 87' lang='lat' dir='ltr'><strong>repudiati</strong></span> <span class='ocrx_word' id='word_1_30' title='bbox 1028 601 1076 654; x_wconf 89' lang='lat' dir='ltr'><strong>ab·</strong></span> <span class='ocrx_word' id='word_1_31' title='bbox 1127 601 1228 654; x_wconf 89' lang='lat' dir='ltr'><strong>habere</strong></span> <span class='ocrx_word' id='word_1_32' title='bbox 1245 601 1372 670; x_wconf 89' lang='lat' dir='ltr'><strong>coeperit,</strong></span> <span class='ocrx_word' id='word_1_33' title='bbox 1390 615 1500 654; x_wconf 86' lang='lat' dir='ltr'><strong>neeesse</strong></span> <span class='ocrx_word' id='word_1_34' title='bbox 1514 601 1624 654; x_wconf 87' lang='lat' dir='ltr'><strong>babebit</strong></span> <span class='ocrx_word' id='word_1_35' title='bbox 1638 599 1750 654; x_wconf 89' lang='lat' dir='ltr'><strong>maritus</strong></span> <span class='ocrx_word' id='word_1_36' title='bbox 1766 605 1945 654; x_wconf 87' lang='lat' dir='ltr'><strong>autexactam</strong></span> 
     </span>
     <span class='ocr_line' id='line_1_4' title="bbox 267 667 1944 746; baseline -0.002 -22"><span class='ocrx_word' id='word_1_37' title='bbox 267 673 342 724; x_wconf 81' lang='lat' dir='ltr'><strong>rente</strong></span> <span class='ocrx_word' id='word_1_38' title='bbox 367 667 421 724; x_wconf 86' lang='lat' dir='ltr'><strong>filio</strong></span> <span class='ocrx_word' id='word_1_39' title='bbox 448 669 599 736; x_wconf 86' lang='lat' dir='ltr'><strong>sponsalia¹</strong></span> <span class='ocrx_word' id='word_1_40' title='bbox 625 685 687 724; x_wconf 89' lang='lat' dir='ltr'><strong>cum</strong></span> <span class='ocrx_word' id='word_1_41' title='bbox 710 683 742 724; x_wconf 91' lang='lat' dir='ltr'><strong>ea</strong></span> <span class='ocrx_word' id='word_1_42' title='bbox 765 669 816 724; x_wconf 69' lang='lat' dir='ltr'><strong>dea</strong></span> <span class='ocrx_word' id='word_1_43' title='bbox 839 683 946 724; x_wconf 90' lang='lat' dir='ltr'><strong>nomme</strong></span> <span class='ocrx_word' id='word_1_44' title='bbox 968 669 1016 722; x_wconf 89' lang='lat' dir='ltr'><strong>filii</strong></span> <span class='ocrx_word' id='word_1_45' title='bbox 1036 669 1077 724; x_wconf 92' lang='lat' dir='ltr'><strong>sui</strong></span> <span class='ocrx_word' id='word_1_46' title='bbox 1129 667 1218 722; x_wconf 90' lang='lat' dir='ltr'><strong>dotem</strong></span> <span class='ocrx_word' id='word_1_47' title='bbox 1235 673 1284 722; x_wconf 87' lang='lat' dir='ltr'><strong>aut</strong></span> <span class='ocrx_word' id='word_1_48' title='bbox 1306 667 1426 722; x_wconf 89' lang='lat' dir='ltr'><strong>actiones</strong></span> <span class='ocrx_word' id='word_1_49' title='bbox 1445 667 1469 720; x_wconf 90' lang='lat' dir='ltr'><strong>ei</strong></span> <span class='ocrx_word' id='word_1_50' title='bbox 1490 673 1642 746; x_wconf 81' lang='lat' dir='ltr'><strong>praestare:</strong></span> <span class='ocrx_word' id='word_1_51' title='bbox 1670 683 1721 722; x_wconf 89' lang='grc' dir='ltr'><strong>ιιι</strong></span> <span class='ocrx_word' id='word_1_52' title='bbox 1743 667 1824 722; x_wconf 91' lang='lat' dir='ltr'><strong>ullam</strong></span> <span class='ocrx_word' id='word_1_53' title='bbox 1848 681 1944 736; x_wconf 86' lang='lat' dir='ltr'><strong>excep·</strong></span> 
     </span>
     <span class='ocr_line' id='line_1_5' title="bbox 266 733 1945 802; baseline -0.001 -12"><span class='ocrx_word' id='word_1_54' title='bbox 266 735 343 790; x_wconf 85' lang='lat' dir='ltr'><strong>fecit:</strong></span> <span class='ocrx_word' id='word_1_55' title='bbox 376 735 481 790; x_wconf 87' lang='lat' dir='ltr'><strong>Maevia</strong></span> <span class='ocrx_word' id='word_1_56' title='bbox 511 733 606 790; x_wconf 90' lang='lat' dir='ltr'><strong>deinde</strong></span> <span class='ocrx_word' id='word_1_57' title='bbox 635 735 776 802; x_wconf 85' lang='lat' dir='ltr'>repudium</span> <span class='ocrx_word' id='word_1_58' title='bbox 806 735 976 792; x_wconf 85' lang='lat' dir='ltr'><strong>sonsalibus</strong></span> <span class='ocrx_word' id='word_1_59' title='bbox 1007 735 1079 790; x_wconf 91' lang='lat' dir='ltr'><strong>misit</strong></span> <span class='ocrx_word' id='word_1_60' title='bbox 1127 735 1227 790; x_wconf 78' lang='lat' dir='ltr'><strong>donem</strong></span> <span class='ocrx_word' id='word_1_61' title='bbox 1250 735 1390 790; x_wconf 87' lang='lat' dir='ltr'><strong>habebunt</strong></span> <span class='ocrx_word' id='word_1_62' title='bbox 1412 751 1499 790; x_wconf 88' lang='lat' dir='ltr'><strong>socen</strong></span> <span class='ocrx_word' id='word_1_63' title='bbox 1515 735 1626 790; x_wconf 90' lang='lat' dir='ltr'><strong>heredes</strong></span> <span class='ocrx_word' id='word_1_64' title='bbox 1644 733 1773 790; x_wconf 87' lang='lat' dir='ltr'><strong>adversus</strong></span> <span class='ocrx_word' id='word_1_65' title='bbox 1791 749 1865 800; x_wconf 92' lang='lat' dir='ltr'><strong>eum,</strong></span> <span class='ocrx_word' id='word_1_66' title='bbox 1884 751 1945 788; x_wconf 91' lang='lat' dir='ltr'><strong>cum</strong></span> 
     </span>
     <span class='ocr_line' id='line_1_6' title="bbox 266 753 1946 872; baseline 0 -16"><span class='ocrx_word' id='word_1_67' title='bbox 266 807 347 870; x_wconf 88' lang='lat' dir='ltr'><strong>atque</strong></span> <span class='ocrx_word' id='word_1_68' title='bbox 369 803 408 856; x_wconf 89' lang='lat' dir='ltr'><strong>ita</strong></span> <span class='ocrx_word' id='word_1_69' title='bbox 431 803 477 856; x_wconf 91' lang='lat' dir='ltr'><strong>alii</strong></span> <span class='ocrx_word' id='word_1_70' title='bbox 497 803 596 870; x_wconf 79' lang='lat' dir='ltr'><strong>nupsit.</strong></span> <span class='ocrx_word' id='word_1_71' title='bbox 627 805 782 870; x_wconf 87' lang='lat' dir='ltr'><strong>quaero,si</strong></span> <span class='ocrx_word' id='word_1_72' title='bbox 804 753 909 858; x_wconf 72' lang='lat' dir='ltr'><strong>bdaevia</strong></span> <span class='ocrx_word' id='word_1_73' title='bbox 932 807 994 872; x_wconf 82' lang='lat' dir='ltr'><strong>aget</strong></span> <span class='ocrx_word' id='word_1_74' title='bbox 1016 819 1076 856; x_wconf 88' lang='lat' dir='ltr'><strong>cum</strong></span> <span class='ocrx_word' id='word_1_75' title='bbox 1128 801 1245 856; x_wconf 90' lang='lat' dir='ltr'><strong>absurde</strong></span> <span class='ocrx_word' id='word_1_76' title='bbox 1261 803 1359 858; x_wconf 90' lang='lat' dir='ltr'><strong>dicitnr</strong></span> <span class='ocrx_word' id='word_1_77' title='bbox 1376 803 1437 858; x_wconf 93' lang='lat' dir='ltr'><strong>dolo</strong></span> <span class='ocrx_word' id='word_1_78' title='bbox 1454 803 1538 856; x_wconf 86' lang='lat' dir='ltr'><strong>videri</strong></span> <span class='ocrx_word' id='word_1_79' title='bbox 1556 817 1616 856; x_wconf 92' lang='lat' dir='ltr'><strong>eum</strong></span> <span class='ocrx_word' id='word_1_80' title='bbox 1638 801 1741 868; x_wconf 86' lang='lat' dir='ltr'><strong>facere,</strong></span> <span class='ocrx_word' id='word_1_81' title='bbox 1760 801 1805 872; x_wconf 89' lang='lat' dir='ltr'><strong>qui</strong></span> <span class='ocrx_word' id='word_1_82' title='bbox 1822 817 1876 856; x_wconf 89' lang='lat' dir='ltr'><strong>non</strong></span> <span class='ocrx_word' id='word_1_83' title='bbox 1893 803 1946 872; x_wconf 89' lang='lat' dir='ltr'><strong>ipsi</strong></span> 
     </span>
     <span class='ocr_line' id='line_1_7' title="bbox 266 869 1945 950; baseline 0.001 -28"><span class='ocrx_word' id='word_1_84' title='bbox 266 869 351 924; x_wconf 88' lang='lat' dir='ltr'><strong>Lucio</strong></span> <span class='ocrx_word' id='word_1_85' title='bbox 368 871 437 922; x_wconf 89' lang='lat' dir='ltr'><strong>Titio</strong></span> <span class='ocrx_word' id='word_1_86' title='bbox 452 871 586 938; x_wconf 88' lang='lat' dir='ltr'><strong>qnondam</strong></span> <span class='ocrx_word' id='word_1_87' title='bbox 601 871 733 924; x_wconf 88' lang='lat' dir='ltr'><strong>maritoet</strong></span> <span class='ocrx_word' id='word_1_88' title='bbox 749 887 767 924; x_wconf 88' lang='lat' dir='ltr'><strong>e</strong></span> <span class='ocrx_word' id='word_1_89' title='bbox 799 877 856 924; x_wconf 88' lang='lat' dir='ltr'><strong>atre</strong></span> <span class='ocrx_word' id='word_1_90' title='bbox 869 869 968 924; x_wconf 91' lang='lat' dir='ltr'><strong>herede</strong></span> <span class='ocrx_word' id='word_1_91' title='bbox 983 871 1077 926; x_wconf 90' lang='lat' dir='ltr'><strong>relicto</strong></span> <span class='ocrx_word' id='word_1_92' title='bbox 1129 883 1207 950; x_wconf 84' lang='lat' dir='ltr'><strong>quem</strong></span> <span class='ocrx_word' id='word_1_93' title='bbox 1225 871 1350 924; x_wconf 86' lang='lat' dir='ltr'><strong>convenit</strong></span> <span class='ocrx_word' id='word_1_94' title='bbox 1365 871 1413 924; x_wconf 88' lang='lat' dir='ltr'><strong>sed</strong></span> <span class='ocrx_word' id='word_1_95' title='bbox 1430 871 1476 924; x_wconf 88' lang='lat' dir='ltr'><strong>alii</strong></span> <span class='ocrx_word' id='word_1_96' title='bbox 1492 869 1665 924; x_wconf 80' lang='lat' dir='ltr'><strong>restituturus</strong></span> <span class='ocrx_word' id='word_1_97' title='bbox 1682 871 1764 940; x_wconf 88' lang='lat' dir='ltr'><strong>petit:</strong></span> <span class='ocrx_word' id='word_1_98' title='bbox 1781 871 1900 940; x_wconf 89' lang='lat' dir='ltr'><strong>alioquin</strong></span> <span class='ocrx_word' id='word_1_99' title='bbox 1919 877 1945 924; x_wconf 92' lang='lat' dir='ltr'><strong>et</strong></span> 
     </span>
     <span class='ocr_line' id='line_1_8' title="bbox 268 935 1944 1056; baseline 0.002 -69"><span class='ocrx_word' id='word_1_100' title='bbox 268 935 300 1012; x_wconf 80' lang='lat' dir='ltr'><strong>de</strong></span> <span class='ocrx_word' id='word_1_101' title='bbox 325 935 387 988; x_wconf 90' lang='lat' dir='ltr'><strong>dote</strong></span> <span class='ocrx_word' id='word_1_102' title='bbox 413 943 440 988; x_wconf 91' lang='lat' dir='ltr'><strong>et</strong></span> <span class='ocrx_word' id='word_1_103' title='bbox 465 937 594 1006; x_wconf 82' lang='lat' dir='ltr'><strong>probetur</strong></span> <span class='ocrx_word' id='word_1_104' title='bbox 624 937 705 1006; x_wconf 88' lang='lat' dir='ltr'><strong>eulpa</strong></span> <span class='ocrx_word' id='word_1_105' title='bbox 734 955 761 990; x_wconf 90' lang='lat' dir='ltr'><strong>m</strong></span> <span class='ocrx_word' id='word_1_106' title='bbox 791 937 850 992; x_wconf 79' lang='lat' dir='ltr'><strong>‘eris</strong></span> <span class='ocrx_word' id='word_1_107' title='bbox 881 937 1077 992; x_wconf 66' lang='lat' dir='ltr'><strong>matrimonium</strong></span> <span class='ocrx_word' id='word_1_108' title='bbox 1129 953 1152 990; x_wconf 88' lang='grc' dir='ltr'><strong>ιι</strong></span> <span class='ocrx_word' id='word_1_109' title='bbox 1166 943 1229 1056; x_wconf 47' lang='lat' dir='ltr'><strong>gost</strong></span> <span class='ocrx_word' id='word_1_110' title='bbox 1243 943 1356 992; x_wconf 88' lang='lat' dir='ltr'><strong>mortem</strong></span> <span class='ocrx_word' id='word_1_111' title='bbox 1369 937 1455 1006; x_wconf 87' lang='lat' dir='ltr'><strong>patris</strong></span> <span class='ocrx_word' id='word_1_112' title='bbox 1467 937 1619 992; x_wconf 87' lang='lat' dir='ltr'><strong>divertisset</strong></span> <span class='ocrx_word' id='word_1_113' title='bbox 1632 937 1752 992; x_wconf 90' lang='lat' dir='ltr'><strong>nondum</strong></span> <span class='ocrx_word' id='word_1_114' title='bbox 1761 943 1857 992; x_wconf 89' lang='lat' dir='ltr'><strong>exacta</strong></span> <span class='ocrx_word' id='word_1_115' title='bbox 1873 937 1944 1004; x_wconf 90' lang='lat' dir='ltr'><strong>dote,</strong></span> 
     </span>
     <span class='ocr_line' id='line_1_9' title="bbox 268 1003 1945 1074; baseline 0.003 -20"><span class='ocrx_word' id='word_1_116' title='bbox 268 1003 432 1066; x_wconf 79' lang='lat' dir='ltr'><strong>dissolutum,</strong></span> <span class='ocrx_word' id='word_1_117' title='bbox 446 1019 481 1056; x_wconf 90' lang='lat' dir='ltr'><strong>an</strong></span> <span class='ocrx_word' id='word_1_118' title='bbox 494 1003 580 1072; x_wconf 78' lang='lat' dir='ltr'><strong>possit</strong></span> <span class='ocrx_word' id='word_1_119' title='bbox 593 1003 703 1060; x_wconf 78' lang='lat' dir='ltr'><strong>mar-ltus</strong></span> <span class='ocrx_word' id='word_1_120' title='bbox 717 1009 827 1074; x_wconf 89' lang='lat' dir='ltr'><strong>propter</strong></span> <span class='ocrx_word' id='word_1_121' title='bbox 842 1003 948 1072; x_wconf 89' lang='lat' dir='ltr'><strong>culpam</strong></span> <span class='ocrx_word' id='word_1_122' title='bbox 960 1005 1077 1060; x_wconf 89' lang='lat' dir='ltr'><strong>mulieris</strong></span> <span class='ocrx_word' id='word_1_123' title='bbox 1129 1003 1314 1058; x_wconf 81' lang='lat' dir='ltr'><strong>excuderetur</strong></span> <span class='ocrx_word' id='word_1_124' title='bbox 1331 1005 1472 1060; x_wconf 76' lang='grc' dir='ltr'>ιιιιιιοιι</span> <span class='ocrx_word' id='word_1_125' title='bbox 1496 1003 1566 1060; x_wconf 91' lang='lat' dir='ltr'><strong>dotis</strong></span> <span class='ocrx_word' id='word_1_126' title='bbox 1583 1007 1707 1070; x_wconf 88' lang='lat' dir='ltr'><strong>maritus,</strong></span> <span class='ocrx_word' id='word_1_127' title='bbox 1732 1005 1804 1074; x_wconf 88' lang='lat' dir='ltr'><strong>quod</strong></span> <span class='ocrx_word' id='word_1_128' title='bbox 1825 1021 1880 1060; x_wconf 91' lang='lat' dir='ltr'><strong>non</strong></span> <span class='ocrx_word' id='word_1_129' title='bbox 1902 1011 1945 1060; x_wconf 90' lang='grc' dir='ltr'><strong>ιιι</strong></span> 
     </span>
     <span class='ocr_line' id='line_1_10' title="bbox 268 1069 1942 1142; baseline 0.003 -21"><span class='ocrx_word' id='word_1_130' title='bbox 268 1069 356 1122; x_wconf 89' lang='lat' dir='ltr'><strong>dotem</strong></span> <span class='ocrx_word' id='word_1_131' title='bbox 369 1069 491 1124; x_wconf 89' lang='lat' dir='ltr'><strong>retinere.</strong></span> <span class='ocrx_word' id='word_1_132' title='bbox 518 1069 663 1126; x_wconf 78' lang='lat' dir='ltr'><strong>Marcellus</strong></span> <span class='ocrx_word' id='word_1_133' title='bbox 677 1073 822 1142; x_wconf 87' lang='lat' dir='ltr'><strong>respondit,</strong></span> <span class='ocrx_word' id='word_1_134' title='bbox 838 1071 941 1126; x_wconf 87' lang='grc' dir='ltr'>ιιιιιιιι</span> <span class='ocrx_word' id='word_1_135' title='bbox 956 1076 986 1124; x_wconf 88' lang='grc' dir='ltr'><strong>ιι</strong></span> <span class='ocrx_word' id='word_1_136' title='bbox 999 1073 1077 1126; x_wconf 89' lang='lat' dir='ltr'><strong>heras</strong></span> <span class='ocrx_word' id='word_1_137' title='bbox 1129 1069 1328 1126; x_wconf 87' lang='lat' dir='ltr'><strong>admittendum.</strong></span> <span class='ocrx_word' id='word_1_138' title='bbox 1346 1071 1395 1126; x_wconf 88' lang='lat' dir='ltr'><strong>sed</strong></span> <span class='ocrx_word' id='word_1_139' title='bbox 1413 1075 1440 1124; x_wconf 91' lang='lat' dir='ltr'><strong>et</strong></span> <span class='ocrx_word' id='word_1_140' title='bbox 1457 1071 1480 1126; x_wconf 91' lang='lat' dir='ltr'><strong>si</strong></span> <span class='ocrx_word' id='word_1_141' title='bbox 1498 1087 1531 1126; x_wconf 84' lang='lat' dir='ltr'><strong>ex</strong></span> <span class='ocrx_word' id='word_1_142' title='bbox 1544 1077 1622 1140; x_wconf 89' lang='lat' dir='ltr'><strong>parte</strong></span> <span class='ocrx_word' id='word_1_143' title='bbox 1637 1071 1694 1126; x_wconf 89' lang='lat' dir='ltr'><strong>lilia</strong></span> <span class='ocrx_word' id='word_1_144' title='bbox 1711 1073 1788 1126; x_wconf 88' lang='lat' dir='ltr'><strong>heres</strong></span> <span class='ocrx_word' id='word_1_145' title='bbox 1805 1073 1877 1142; x_wconf 88' lang='lat' dir='ltr'><strong>patri</strong></span> <span class='ocrx_word' id='word_1_146' title='bbox 1894 1087 1942 1126; x_wconf 90' lang='lat' dir='ltr'><strong>suo</strong></span> 
     </span>
     <span class='ocr_line' id='line_1_11' title="bbox 266 1135 1943 1260; baseline 0.002 -70"><span class='ocrx_word' id='word_1_147' title='bbox 266 1135 404 1214; x_wconf 81' lang='lat' dir='ltr'><strong>institutus</strong></span> <span class='ocrx_word' id='word_1_148' title='bbox 419 1153 435 1190; x_wconf 92' lang='lat' dir='ltr'><strong>a</strong></span> <span class='ocrx_word' id='word_1_149' title='bbox 449 1137 621 1204; x_wconf 87' lang='lat' dir='ltr'><strong>patreTitius</strong></span> <span class='ocrx_word' id='word_1_150' title='bbox 637 1141 829 1204; x_wconf 81' lang='lat' dir='ltr'><strong>conveniretur,</strong></span> <span class='ocrx_word' id='word_1_151' title='bbox 844 1145 942 1202; x_wconf 88' lang='lat' dir='ltr'><strong>tamen,</strong></span> <span class='ocrx_word' id='word_1_152' title='bbox 959 1139 981 1192; x_wconf 93' lang='lat' dir='ltr'><strong>si</strong></span> <span class='ocrx_word' id='word_1_153' title='bbox 989 1153 1077 1260; x_wconf 47' lang='grc' dir='ltr'>ἔξιθι·</span> <span class='ocrx_word' id='word_1_154' title='bbox 1129 1137 1267 1204; x_wconf 85' lang='lat' dir='ltr'><strong>exstiterit,</strong></span> <span class='ocrx_word' id='word_1_155' title='bbox 1285 1139 1392 1194; x_wconf 81' lang='lat' dir='ltr'><strong>debebit</strong></span> <span class='ocrx_word' id='word_1_156' title='bbox 1416 1139 1527 1192; x_wconf 85' lang='lat' dir='ltr'><strong>maritus</strong></span> <span class='ocrx_word' id='word_1_157' title='bbox 1546 1139 1690 1194; x_wconf 86' lang='lat' dir='ltr'><strong>coheredes</strong></span> <span class='ocrx_word' id='word_1_158' title='bbox 1715 1141 1771 1194; x_wconf 90' lang='lat' dir='ltr'><strong>eius</strong></span> <span class='ocrx_word' id='word_1_159' title='bbox 1793 1157 1842 1210; x_wconf 90' lang='lat' dir='ltr'><strong>pro</strong></span> <span class='ocrx_word' id='word_1_160' title='bbox 1866 1143 1943 1210; x_wconf 90' lang='lat' dir='ltr'><strong>parte</strong></span> 
     </span>
     <span class='ocr_line' id='line_1_12' title="bbox 267 1201 1944 1324; baseline 0.002 -67"><span class='ocrx_word' id='word_1_161' title='bbox 267 1201 368 1324; x_wconf 55' lang='lat' dir='ltr'><strong>{abhus</strong></span> <span class='ocrx_word' id='word_1_162' title='bbox 391 1219 445 1258; x_wconf 91' lang='lat' dir='ltr'><strong>non</strong></span> <span class='ocrx_word' id='word_1_163' title='bbox 471 1205 662 1272; x_wconf 85' lang='lat' dir='ltr'><strong>consensisset,</strong></span> <span class='ocrx_word' id='word_1_164' title='bbox 689 1207 794 1276; x_wconf 85' lang='lat' dir='ltr'><strong>culpem</strong></span> <span class='ocrx_word' id='word_1_165' title='bbox 820 1205 937 1258; x_wconf 88' lang='lat' dir='ltr'><strong>mulieris</strong></span> <span class='ocrx_word' id='word_1_166' title='bbox 962 1223 989 1258; x_wconf 94' lang='lat' dir='ltr'><strong>m</strong></span> <span class='ocrx_word' id='word_1_167' title='bbox 1017 1211 1077 1260; x_wconf 88' lang='lat' dir='ltr'><strong>tan-</strong></span> <span class='ocrx_word' id='word_1_168' title='bbox 1127 1205 1196 1258; x_wconf 84' lang='lat' dir='ltr'><strong>virili</strong></span> <span class='ocrx_word' id='word_1_169' title='bbox 1226 1207 1331 1274; x_wconf 84' lang='lat' dir='ltr'><strong>exigere</strong></span> <span class='ocrx_word' id='word_1_170' title='bbox 1362 1211 1389 1260; x_wconf 90' lang='lat' dir='ltr'><strong>et</strong></span> <span class='ocrx_word' id='word_1_171' title='bbox 1419 1207 1521 1260; x_wconf 87' lang='lat' dir='ltr'><strong>mulieri</strong></span> <span class='ocrx_word' id='word_1_172' title='bbox 1552 1207 1662 1262; x_wconf 90' lang='lat' dir='ltr'><strong>reddere</strong></span> <span class='ocrx_word' id='word_1_173' title='bbox 1694 1211 1742 1260; x_wconf 86' lang='lat' dir='ltr'><strong>aut</strong></span> <span class='ocrx_word' id='word_1_174' title='bbox 1773 1207 1893 1262; x_wconf 86' lang='grc' dir='ltr'>ιιιιιιιιι</span> <span class='ocrx_word' id='word_1_175' title='bbox 1920 1207 1944 1260; x_wconf 89' lang='grc' dir='ltr'><strong>ιι</strong></span> 
     </span>
     <span class='ocr_line' id='line_1_13' title="bbox 286 1279 1273 1328; baseline 0 -4"><span class='ocrx_word' id='word_1_176' title='bbox 286 1285 329 1324; x_wconf 89' lang='lat' dir='ltr'><strong>am</strong></span> <span class='ocrx_word' id='word_1_177' title='bbox 347 1285 413 1324; x_wconf 90' lang='lat' dir='ltr'><strong>esse.</strong></span> <span class='ocrx_word' id='word_1_178' title='bbox 495 1303 496 1306; x_wconf 60' lang='lat'><em>=</em></span> <span class='ocrx_word' id='word_1_179' title='bbox 1148 1279 1273 1328; x_wconf 81' lang='lat' dir='ltr'><strong>naastare.</strong></span> 
     </span>
    </p>

    <p class='ocr_par' dir='ltr' id='par_1_3' title="bbox 233 1291 1944 1546">
     <span class='ocr_line' id='line_1_14' title="bbox 302 1291 1944 1410; baseline 0.001 -16"><span class='ocrx_word' id='word_1_180' title='bbox 302 1333 341 1394; x_wconf 82' lang='lat'><strong>39</strong></span> <span class='ocrx_word' id='word_1_181' title='bbox 360 1339 543 1392; x_wconf 74' lang='lat' dir='ltr'><strong>Penrnmnos</strong></span> <span class='ocrx_word' id='word_1_182' title='bbox 557 1339 624 1392; x_wconf 85' lang='lat' dir='ltr'><strong>libro</strong></span> <span class='ocrx_word' id='word_1_183' title='bbox 644 1341 783 1396; x_wconf 73' lang='lat' dir='ltr'><strong>undecimo</strong></span> <span class='ocrx_word' id='word_1_184' title='bbox 801 1341 986 1408; x_wconf 77' lang='lat' dir='ltr'><strong>quaestionum</strong></span> <span class='ocrx_word' id='word_1_185' title='bbox 1011 1339 1076 1396; x_wconf 88' lang='lat' dir='ltr'><strong>Viro</strong></span> <span class='ocrx_word' id='word_1_186' title='bbox 1128 1291 1203 1396; x_wconf 42' lang='grc' dir='ltr'><strong>Ι345</strong></span> <span class='ocrx_word' id='word_1_187' title='bbox 1222 1339 1304 1396; x_wconf 74' lang='lat' dir='ltr'><strong>Iners</strong></span> <span class='ocrx_word' id='word_1_188' title='bbox 1325 1341 1394 1396; x_wconf 78' lang='lat' dir='ltr'><strong>libro</strong></span> <span class='ocrx_word' id='word_1_189' title='bbox 1421 1345 1499 1394; x_wconf 81' lang='lat' dir='ltr'><strong>sento</strong></span> <span class='ocrx_word' id='word_1_190' title='bbox 1526 1341 1712 1410; x_wconf 83' lang='lat' dir='ltr'><strong>quaestionum</strong></span> <span class='ocrx_word' id='word_1_191' title='bbox 1757 1339 1839 1396; x_wconf 77' lang='lat' dir='ltr'><strong>(taius</strong></span> <span class='ocrx_word' id='word_1_192' title='bbox 1867 1341 1944 1396; x_wconf 85' lang='lat' dir='ltr'><strong>Seius</strong></span> 
     </span>
     <span class='ocr_line' id='line_1_15' title="bbox 268 1405 1943 1478; baseline 0.002 -20"><span class='ocrx_word' id='word_1_193' title='bbox 268 1419 285 1458; x_wconf 90' lang='lat' dir='ltr'><strong>a</strong></span> <span class='ocrx_word' id='word_1_194' title='bbox 314 1421 348 1458; x_wconf 90' lang='grc' dir='ltr'><strong>ιι</strong></span> <span class='ocrx_word' id='word_1_195' title='bbox 365 1421 449 1460; x_wconf 89' lang='lat' dir='ltr'><strong>uxore</strong></span> <span class='ocrx_word' id='word_1_196' title='bbox 466 1421 553 1460; x_wconf 88' lang='lat' dir='ltr'><strong>mores</strong></span> <span class='ocrx_word' id='word_1_197' title='bbox 569 1405 681 1462; x_wconf 88' lang='lat' dir='ltr'><strong>invicem</strong></span> <span class='ocrx_word' id='word_1_198' title='bbox 698 1405 887 1462; x_wconf 78' lang='lat' dir='ltr'><strong>accusantibus</strong></span> <span class='ocrx_word' id='word_1_199' title='bbox 909 1422 1019 1462; x_wconf 89' lang='lat' dir='ltr'><strong>causam</strong></span> <span class='ocrx_word' id='word_1_200' title='bbox 1035 1423 1077 1462; x_wconf 89' lang='lat' dir='ltr'><strong>re·</strong></span> <span class='ocrx_word' id='word_1_201' title='bbox 1130 1423 1194 1462; x_wconf 90' lang='lat' dir='ltr'><strong>avus</strong></span> <span class='ocrx_word' id='word_1_202' title='bbox 1220 1413 1357 1462; x_wconf 74' lang='lat' dir='ltr'><strong>rhammus</strong></span> <span class='ocrx_word' id='word_1_203' title='bbox 1384 1407 1461 1464; x_wconf 85' lang='lat' dir='ltr'><strong>Seiae</strong></span> <span class='ocrx_word' id='word_1_204' title='bbox 1485 1409 1594 1476; x_wconf 81' lang='lat' dir='ltr'><strong>nepti³‚</strong></span> <span class='ocrx_word' id='word_1_205' title='bbox 1622 1423 1690 1476; x_wconf 87' lang='lat' dir='ltr'><strong>quae</strong></span> <span class='ocrx_word' id='word_1_206' title='bbox 1716 1411 1775 1462; x_wconf 87' lang='lat' dir='ltr'><strong>era-t</strong></span> <span class='ocrx_word' id='word_1_207' title='bbox 1803 1409 1833 1464; x_wconf 91' lang='grc' dir='ltr'><strong>ιι</strong></span> <span class='ocrx_word' id='word_1_208' title='bbox 1858 1409 1943 1478; x_wconf 84' lang='lat' dir='ltr'><strong>patris</strong></span> 
     </span>
     <span class='ocr_line' id='line_1_16' title="bbox 233 1471 1944 1546; baseline 0.001 -18"><span class='ocrx_word' id='word_1_209' title='bbox 233 1503 236 1510; x_wconf 48' lang='lat'><strong>⁴</strong></span> <span class='ocrx_word' id='word_1_210' title='bbox 268 1489 305 1542; x_wconf 90' lang='lat' dir='ltr'><strong>pu</strong></span> <span class='ocrx_word' id='word_1_211' title='bbox 324 1471 339 1486; x_wconf 77' lang='lat'><strong>&#39;⁸</strong></span> <span class='ocrx_word' id='word_1_212' title='bbox 367 1473 471 1528; x_wconf 87' lang='lat' dir='ltr'><strong>dedisse</strong></span> <span class='ocrx_word' id='word_1_213' title='bbox 502 1477 644 1546; x_wconf 89' lang='lat' dir='ltr'><strong>utrumque</strong></span> <span class='ocrx_word' id='word_1_214' title='bbox 676 1475 877 1546; x_wconf 87' lang='lat' dir='ltr'><strong>pronuntiatum</strong></span> <span class='ocrx_word' id='word_1_215' title='bbox 903 1479 952 1528; x_wconf 89' lang='grc' dir='ltr'>ιιι.</span> <span class='ocrx_word' id='word_1_216' title='bbox 986 1475 1015 1528; x_wconf 90' lang='lat' dir='ltr'><strong>id</strong></span> <span class='ocrx_word' id='word_1_217' title='bbox 1040 1477 1078 1530; x_wconf 91' lang='lat' dir='ltr'><strong>ita</strong></span> <span class='ocrx_word' id='word_1_218' title='bbox 1148 1481 1271 1540; x_wconf 88' lang='lat' dir='ltr'><strong>otestate,</strong></span> <span class='ocrx_word' id='word_1_219' title='bbox 1289 1481 1390 1530; x_wconf 89' lang='lat' dir='ltr'><strong>certam</strong></span> <span class='ocrx_word' id='word_1_220' title='bbox 1407 1477 1538 1546; x_wconf 90' lang='lat' dir='ltr'><strong>pecuniae</strong></span> <span class='ocrx_word' id='word_1_221' title='bbox 1555 1477 1731 1546; x_wconf 84' lang='lat' dir='ltr'><strong>quantitatem</strong></span> <span class='ocrx_word' id='word_1_222' title='bbox 1749 1475 1818 1532; x_wconf 86' lang='lat' dir='ltr'><strong>dotis</strong></span> <span class='ocrx_word' id='word_1_223' title='bbox 1837 1477 1944 1530; x_wconf 90' lang='lat' dir='ltr'><strong>nomine</strong></span> 
     </span>
    </p>

    <p class='ocr_par' dir='ltr' id='par_1_4' title="bbox 268 1493 1944 1734">
     <span class='ocr_line' id='line_1_17' title="bbox 269 1493 1942 1614; baseline 0.001 -18"><span class='ocrx_word' id='word_1_224' title='bbox 269 1541 355 1612; x_wconf 84' lang='lat' dir='ltr'><strong>accipi</strong></span> <span class='ocrx_word' id='word_1_225' title='bbox 372 1543 458 1606; x_wconf 91' lang='lat' dir='ltr'><strong>debet,</strong></span> <span class='ocrx_word' id='word_1_226' title='bbox 476 1547 508 1594; x_wconf 92' lang='grc' dir='ltr'><strong>ιιι</strong></span> <span class='ocrx_word' id='word_1_227' title='bbox 525 1557 558 1596; x_wconf 83' lang='grc' dir='ltr'><strong>ιι</strong></span> <span class='ocrx_word' id='word_1_228' title='bbox 574 1543 639 1614; x_wconf 78' lang='lat' dir='ltr'><strong>lege,</strong></span> <span class='ocrx_word' id='word_1_229' title='bbox 658 1559 738 1612; x_wconf 89' lang='lat' dir='ltr'><strong>quam</strong></span> <span class='ocrx_word' id='word_1_230' title='bbox 755 1541 833 1596; x_wconf 92' lang='lat' dir='ltr'><strong>ambo</strong></span> <span class='ocrx_word' id='word_1_231' title='bbox 852 1547 1077 1614; x_wconf 85' lang='lat' dir='ltr'><strong>contempserunt,</strong></span> <span class='ocrx_word' id='word_1_232' title='bbox 1128 1493 1214 1598; x_wconf 56' lang='lat' dir='ltr'><strong>Ennio</strong></span> <span class='ocrx_word' id='word_1_233' title='bbox 1223 1543 1294 1600; x_wconf 88' lang='lat' dir='ltr'><strong>Titio</strong></span> <span class='ocrx_word' id='word_1_234' title='bbox 1312 1543 1408 1598; x_wconf 90' lang='lat' dir='ltr'><strong>marito</strong></span> <span class='ocrx_word' id='word_1_235' title='bbox 1427 1543 1500 1600; x_wconf 89' lang='lat' dir='ltr'><strong>dedit</strong></span> <span class='ocrx_word' id='word_1_236' title='bbox 1517 1549 1544 1598; x_wconf 90' lang='grc' dir='ltr'><strong>ιι</strong></span> <span class='ocrx_word' id='word_1_237' title='bbox 1561 1545 1739 1600; x_wconf 89' lang='lat' dir='ltr'><strong>instrumento</strong></span> <span class='ocrx_word' id='word_1_238' title='bbox 1755 1545 1838 1600; x_wconf 87' lang='lat' dir='ltr'><strong>dotali</strong></span> <span class='ocrx_word' id='word_1_239' title='bbox 1850 1545 1942 1600; x_wconf 83' lang='lat' dir='ltr'><strong>huius-</strong></span> 
     </span>
     <span class='ocr_line' id='line_1_18' title="bbox 268 1609 1944 1684; baseline 0.001 -20"><span class='ocrx_word' id='word_1_240' title='bbox 268 1615 363 1664; x_wconf 89' lang='lat' dir='ltr'><strong>neuter</strong></span> <span class='ocrx_word' id='word_1_241' title='bbox 378 1609 539 1666; x_wconf 81' lang='lat' dir='ltr'><strong>vindicetur:</strong></span> <span class='ocrx_word' id='word_1_242' title='bbox 562 1613 639 1682; x_wconf 82' lang='lat' dir='ltr'><strong>paria</strong></span> <span class='ocrx_word' id='word_1_243' title='bbox 662 1611 732 1666; x_wconf 89' lang='lat' dir='ltr'><strong>enim</strong></span> <span class='ocrx_word' id='word_1_244' title='bbox 755 1609 855 1666; x_wconf 86' lang='lat' dir='ltr'><strong>delicta</strong></span> <span class='ocrx_word' id='word_1_245' title='bbox 870 1617 965 1666; x_wconf 89' lang='lat' dir='ltr'><strong>mutua</strong></span> <span class='ocrx_word' id='word_1_246' title='bbox 980 1627 1078 1680; x_wconf 91' lang='lat' dir='ltr'><strong>pensa-</strong></span> <span class='ocrx_word' id='word_1_247' title='bbox 1129 1611 1201 1666; x_wconf 92' lang='lat' dir='ltr'><strong>modi</strong></span> <span class='ocrx_word' id='word_1_248' title='bbox 1217 1615 1327 1680; x_wconf 90' lang='lat' dir='ltr'><strong>pactum</strong></span> <span class='ocrx_word' id='word_1_249' title='bbox 1340 1616 1368 1666; x_wconf 91' lang='grc' dir='ltr'><strong>ιι</strong></span> <span class='ocrx_word' id='word_1_250' title='bbox 1379 1611 1577 1682; x_wconf 87' lang='lat' dir='ltr'><strong>stipulationem</strong></span> <span class='ocrx_word' id='word_1_251' title='bbox 1590 1613 1743 1682; x_wconf 88' lang='lat' dir='ltr'><strong>complexus</strong></span> <span class='ocrx_word' id='word_1_252' title='bbox 1754 1617 1808 1666; x_wconf 89' lang='lat' dir='ltr'><strong>est:</strong></span> <span class='ocrx_word' id='word_1_253' title='bbox 1828 1613 1944 1684; x_wconf 84' lang='lat' dir='ltr'><strong>‘siinter</strong></span> 
     </span>
     <span class='ocr_line' id='line_1_19' title="bbox 269 1677 1944 1734; baseline 0.001 -2"><span class='ocrx_word' id='word_1_254' title='bbox 269 1679 342 1732; x_wconf 89' lang='lat' dir='ltr'><strong>tione</strong></span> <span class='ocrx_word' id='word_1_255' title='bbox 359 1677 546 1734; x_wconf 89' lang='lat' dir='ltr'><strong>dissolvuntur.</strong></span> <span class='ocrx_word' id='word_1_256' title='bbox 1130 1679 1253 1734; x_wconf 85' lang='lat' dir='ltr'><strong>‘Lucium</strong></span> <span class='ocrx_word' id='word_1_257' title='bbox 1278 1679 1377 1732; x_wconf 87' lang='lat' dir='ltr'><strong>Titium</strong></span> <span class='ocrx_word' id='word_1_258' title='bbox 1402 1681 1527 1732; x_wconf 89' lang='lat' dir='ltr'><strong>maritum</strong></span> <span class='ocrx_word' id='word_1_259' title='bbox 1554 1685 1581 1734; x_wconf 90' lang='lat' dir='ltr'><strong>et</strong></span> <span class='ocrx_word' id='word_1_260' title='bbox 1606 1679 1694 1734; x_wconf 85' lang='lat' dir='ltr'><strong>Seiam</strong></span> <span class='ocrx_word' id='word_1_261' title='bbox 1720 1679 1860 1734; x_wconf 90' lang='lat' dir='ltr'><strong>divortium</strong></span> <span class='ocrx_word' id='word_1_262' title='bbox 1886 1679 1944 1734; x_wconf 91' lang='lat' dir='ltr'><strong>sine</strong></span> 
     </span>
    </p>

    <p class='ocr_par' dir='ltr' id='par_1_5' title="bbox 268 1743 1945 2224">
     <span class='ocr_line' id='line_1_20' title="bbox 302 1743 1945 1816; baseline -0.001 -14"><span class='ocrx_word' id='word_1_263' title='bbox 302 1743 341 1804; x_wconf 86' lang='lat'><strong>40</strong></span> <span class='ocrx_word' id='word_1_264' title='bbox 359 1747 441 1800; x_wconf 81' lang='lat' dir='ltr'><strong>Inrrr</strong></span> <span class='ocrx_word' id='word_1_265' title='bbox 453 1747 520 1802; x_wconf 81' lang='lat' dir='ltr'><strong>libro</strong></span> <span class='ocrx_word' id='word_1_266' title='bbox 538 1749 661 1804; x_wconf 70' lang='lat' dir='ltr'><strong>uicesimo</strong></span> <span class='ocrx_word' id='word_1_267' title='bbox 679 1749 773 1802; x_wconf 84' lang='lat' dir='ltr'><strong>octono</strong></span> <span class='ocrx_word' id='word_1_268' title='bbox 791 1747 977 1814; x_wconf 85' lang='lat' dir='ltr'><strong>quaestionum</strong></span> <span class='ocrx_word' id='word_1_269' title='bbox 1011 1747 1078 1802; x_wconf 88' lang='lat' dir='ltr'><strong>Post</strong></span> <span class='ocrx_word' id='word_1_270' title='bbox 1130 1747 1218 1816; x_wconf 89' lang='lat' dir='ltr'><strong>‘culpa</strong></span> <span class='ocrx_word' id='word_1_271' title='bbox 1234 1747 1351 1802; x_wconf 89' lang='lat' dir='ltr'><strong>mulieris</strong></span> <span class='ocrx_word' id='word_1_272' title='bbox 1368 1747 1470 1800; x_wconf 84' lang='lat' dir='ltr'><strong>iactum</strong></span> <span class='ocrx_word' id='word_1_273' title='bbox 1489 1753 1566 1814; x_wconf 81' lang='lat' dir='ltr'><strong>esset,</strong></span> <span class='ocrx_word' id='word_1_274' title='bbox 1586 1747 1633 1802; x_wconf 88' lang='lat' dir='ltr'><strong>dos</strong></span> <span class='ocrx_word' id='word_1_275' title='bbox 1651 1747 1737 1802; x_wconf 87' lang='lat' dir='ltr'><strong>omnis</strong></span> <span class='ocrx_word' id='word_1_276' title='bbox 1755 1747 1831 1802; x_wconf 85' lang='lat' dir='ltr'><strong>Seiae</strong></span> <span class='ocrx_word' id='word_1_277' title='bbox 1848 1747 1945 1814; x_wconf 73' lang='lat' dir='ltr'><strong>uxori⁹</strong></span> 
     </span>
     <span class='ocr_line' id='line_1_21' title="bbox 269 1813 1942 1884; baseline 0.001 -16"><span class='ocrx_word' id='word_1_278' title='bbox 269 1813 356 1870; x_wconf 91' lang='lat' dir='ltr'><strong>dotem</strong></span> <span class='ocrx_word' id='word_1_279' title='bbox 382 1815 470 1870; x_wconf 90' lang='lat' dir='ltr'><strong>datam</strong></span> <span class='ocrx_word' id='word_1_280' title='bbox 498 1819 525 1870; x_wconf 91' lang='lat' dir='ltr'><strong>et</strong></span> <span class='ocrx_word' id='word_1_281' title='bbox 556 1815 663 1884; x_wconf 85' lang='lat' dir='ltr'><strong>nuptias</strong></span> <span class='ocrx_word' id='word_1_282' title='bbox 690 1817 843 1866; x_wconf 87' lang='lat' dir='ltr'><strong>contractas</strong></span> <span class='ocrx_word' id='word_1_283' title='bbox 869 1813 904 1866; x_wconf 90' lang='lat' dir='ltr'><strong>sti</strong></span> <span class='ocrx_word' id='word_1_284' title='bbox 923 1813 1012 1868; x_wconf 85' lang='grc' dir='ltr'>ιιιιιιιι</span> <span class='ocrx_word' id='word_1_285' title='bbox 1037 1819 1077 1868; x_wconf 90' lang='grc' dir='ltr'><strong>ιιι</strong></span> <span class='ocrx_word' id='word_1_286' title='bbox 1129 1815 1179 1870; x_wconf 88' lang='lat' dir='ltr'><strong>‘vel</strong></span> <span class='ocrx_word' id='word_1_287' title='bbox 1196 1813 1264 1870; x_wconf 81' lang='lat' dir='ltr'><strong>Gaio</strong></span> <span class='ocrx_word' id='word_1_288' title='bbox 1283 1813 1343 1870; x_wconf 87' lang='lat' dir='ltr'><strong>Seio</strong></span> <span class='ocrx_word' id='word_1_289' title='bbox 1362 1829 1411 1868; x_wconf 88' lang='lat' dir='ltr'><strong>avo</strong></span> <span class='ocrx_word' id='word_1_290' title='bbox 1430 1819 1549 1870; x_wconf 88' lang='lat' dir='ltr'><strong>materno</strong></span> <span class='ocrx_word' id='word_1_291' title='bbox 1571 1813 1728 1868; x_wconf 85' lang='lat' dir='ltr'><strong>redderetur</strong></span> <span class='ocrx_word' id='word_1_292' title='bbox 1745 1817 1942 1870; x_wconf 86' lang='lat' dir='ltr'><strong>restitueretur·</strong></span> 
     </span>
     <span class='ocr_line' id='line_1_22' title="bbox 268 1879 1943 1952; baseline 0 -16"><span class='ocrx_word' id='word_1_293' title='bbox 268 1885 345 1950; x_wconf 91' lang='lat' dir='ltr'><strong>pater</strong></span> <span class='ocrx_word' id='word_1_294' title='bbox 362 1897 416 1936; x_wconf 91' lang='lat' dir='ltr'><strong>non</strong></span> <span class='ocrx_word' id='word_1_295' title='bbox 434 1883 484 1936; x_wconf 84' lang='lat' dir='ltr'><strong>ex³</strong></span> <span class='ocrx_word' id='word_1_296' title='bbox 504 1881 576 1936; x_wconf 88' lang='lat' dir='ltr'><strong>tiliae</strong></span> <span class='ocrx_word' id='word_1_297' title='bbox 598 1881 735 1936; x_wconf 87' lang='lat' dir='ltr'><strong>voluntate</strong></span> <span class='ocrx_word' id='word_1_298' title='bbox 758 1879 870 1936; x_wconf 90' lang='lat' dir='ltr'><strong>divortio</strong></span> <span class='ocrx_word' id='word_1_299' title='bbox 905 1885 965 1936; x_wconf 88' lang='lat' dir='ltr'><strong>acto</strong></span> <span class='ocrx_word' id='word_1_300' title='bbox 989 1881 1078 1936; x_wconf 91' lang='lat' dir='ltr'><strong>dotem</strong></span> <span class='ocrx_word' id='word_1_301' title='bbox 1129 1883 1208 1950; x_wconf 56' lang='lat' dir='ltr'><strong>‘quei</strong></span> <span class='ocrx_word' id='word_1_302' title='bbox 1243 1897 1353 1952; x_wconf 88' lang='lat' dir='ltr'><strong>quaero,</strong></span> <span class='ocrx_word' id='word_1_303' title='bbox 1371 1897 1433 1936; x_wconf 91' lang='lat' dir='ltr'><strong>cum</strong></span> <span class='ocrx_word' id='word_1_304' title='bbox 1451 1881 1525 1936; x_wconf 83' lang='lat' dir='ltr'><strong>Seius</strong></span> <span class='ocrx_word' id='word_1_305' title='bbox 1544 1897 1609 1936; x_wconf 89' lang='lat' dir='ltr'><strong>avus</strong></span> <span class='ocrx_word' id='word_1_306' title='bbox 1626 1887 1762 1936; x_wconf 86' lang='lat' dir='ltr'><strong>maternus</strong></span> <span class='ocrx_word' id='word_1_307' title='bbox 1781 1885 1871 1936; x_wconf 91' lang='lat' dir='ltr'><strong>statim</strong></span> <span class='ocrx_word' id='word_1_308' title='bbox 1888 1881 1943 1936; x_wconf 89' lang='lat' dir='ltr'><strong>vita</strong></span> 
     </span>
     <span class='ocr_line' id='line_1_23' title="bbox 269 1949 1944 2028; baseline 0 -24"><span class='ocrx_word' id='word_1_309' title='bbox 269 1949 333 2004; x_wconf 85' lang='lat' dir='ltr'><strong>dari.</strong></span> <span class='ocrx_word' id='word_1_310' title='bbox 365 1951 389 2004; x_wconf 88' lang='grc' dir='ltr'><strong>ιι</strong></span> <span class='ocrx_word' id='word_1_311' title='bbox 414 1951 534 2006; x_wconf 88' lang='lat' dir='ltr'><strong>condicio</strong></span> <span class='ocrx_word' id='word_1_312' title='bbox 561 1949 741 2020; x_wconf 86' lang='lat' dir='ltr'><strong>stipulationis</strong></span> <span class='ocrx_word' id='word_1_313' title='bbox 766 1949 908 2028; x_wconf 85' lang='lat' dir='ltr'><strong>impleatur</strong></span> <span class='ocrx_word' id='word_1_314' title='bbox 933 1955 960 2002; x_wconf 92' lang='lat' dir='ltr'><strong>et</strong></span> <span class='ocrx_word' id='word_1_315' title='bbox 983 1955 1079 2020; x_wconf 86' lang='lat' dir='ltr'><strong>postea</strong></span> <span class='ocrx_word' id='word_1_316' title='bbox 1130 1951 1272 2004; x_wconf 81' lang='lat' dir='ltr'><strong>defunctus</strong></span> <span class='ocrx_word' id='word_1_317' title='bbox 1290 1951 1325 2004; x_wconf 89' lang='lat' dir='ltr'><strong>sit</strong></span> <span class='ocrx_word' id='word_1_318' title='bbox 1343 1955 1369 2004; x_wconf 89' lang='grc' dir='ltr'><strong>ιι</strong></span> <span class='ocrx_word' id='word_1_319' title='bbox 1378 1949 1440 2006; x_wconf 83' lang='lat' dir='ltr'><strong>Seia</strong></span> <span class='ocrx_word' id='word_1_320' title='bbox 1455 1957 1551 2020; x_wconf 86' lang='lat' dir='ltr'><strong>postea</strong></span> <span class='ocrx_word' id='word_1_321' title='bbox 1567 1951 1624 2004; x_wconf 90' lang='lat' dir='ltr'><strong>siue</strong></span> <span class='ocrx_word' id='word_1_322' title='bbox 1642 1951 1722 2020; x_wconf 91' lang='lat' dir='ltr'><strong>eulpa</strong></span> <span class='ocrx_word' id='word_1_323' title='bbox 1739 1965 1789 2004; x_wconf 90' lang='lat' dir='ltr'><strong>sna</strong></span> <span class='ocrx_word' id='word_1_324' title='bbox 1806 1951 1944 2006; x_wconf 66' lang='lat' dir='ltr'><strong>divor-terit</strong></span> 
     </span>
     <span class='ocr_line' id='line_1_24' title="bbox 268 2017 1943 2088; baseline 0.001 -16"><span class='ocrx_word' id='word_1_325' title='bbox 268 2017 323 2072; x_wconf 82' lang='lat' dir='ltr'><strong>filia</strong></span> <span class='ocrx_word' id='word_1_326' title='bbox 332 2017 388 2074; x_wconf 89' lang='lat' dir='ltr'><strong>sine</strong></span> <span class='ocrx_word' id='word_1_327' title='bbox 401 2019 490 2074; x_wconf 90' lang='lat' dir='ltr'><strong>liberis</strong></span> <span class='ocrx_word' id='word_1_328' title='bbox 505 2017 657 2082; x_wconf 89' lang='lat' dir='ltr'><strong>decesserit,</strong></span> <span class='ocrx_word' id='word_1_329' title='bbox 666 2035 721 2072; x_wconf 91' lang='lat' dir='ltr'><strong>non</strong></span> <span class='ocrx_word' id='word_1_330' title='bbox 737 2017 788 2072; x_wconf 88' lang='lat' dir='ltr'><strong>erit</strong></span> <span class='ocrx_word' id='word_1_331' title='bbox 800 2017 1077 2086; x_wconf 79' lang='lat' dir='ltr'><strong>impedienduspater,</strong></span> <span class='ocrx_word' id='word_1_332' title='bbox 1128 2017 1186 2072; x_wconf 87' lang='lat' dir='ltr'><strong>vivo</strong></span> <span class='ocrx_word' id='word_1_333' title='bbox 1210 2023 1288 2086; x_wconf 85' lang='lat' dir='ltr'><strong>patre</strong></span> <span class='ocrx_word' id='word_1_334' title='bbox 1311 2033 1376 2084; x_wconf 91' lang='lat' dir='ltr'><strong>suo,</strong></span> <span class='ocrx_word' id='word_1_335' title='bbox 1398 2019 1427 2072; x_wconf 92' lang='lat' dir='ltr'><strong>in</strong></span> <span class='ocrx_word' id='word_1_336' title='bbox 1450 2019 1526 2074; x_wconf 88' lang='lat' dir='ltr'><strong>ouius</strong></span> <span class='ocrx_word' id='word_1_337' title='bbox 1549 2023 1683 2088; x_wconf 87' lang='lat' dir='ltr'><strong>potestate</strong></span> <span class='ocrx_word' id='word_1_338' title='bbox 1706 2023 1755 2084; x_wconf 88' lang='lat' dir='ltr'><strong>est,</strong></span> <span class='ocrx_word' id='word_1_339' title='bbox 1772 2033 1807 2072; x_wconf 91' lang='lat' dir='ltr'><strong>an</strong></span> <span class='ocrx_word' id='word_1_340' title='bbox 1824 2025 1852 2074; x_wconf 92' lang='grc' dir='ltr'><strong>ιι</strong></span> <span class='ocrx_word' id='word_1_341' title='bbox 1870 2019 1914 2074; x_wconf 88' lang='lat' dir='ltr'><strong>cui</strong></span> <span class='ocrx_word' id='word_1_342' title='bbox 1921 2021 1943 2050; x_wconf 85' lang='lat'><strong>¹⁰</strong></span> 
     </span>
     <span class='ocr_line' id='line_1_25' title="bbox 269 2085 1944 2156; baseline -0.001 -16"><span class='ocrx_word' id='word_1_343' title='bbox 269 2101 321 2156; x_wconf 89' lang='lat' dir='ltr'><strong>qno</strong></span> <span class='ocrx_word' id='word_1_344' title='bbox 347 2087 432 2142; x_wconf 90' lang='lat' dir='ltr'><strong>minus</strong></span> <span class='ocrx_word' id='word_1_345' title='bbox 458 2101 492 2140; x_wconf 81' lang='lat' dir='ltr'><strong>ex</strong></span> <span class='ocrx_word' id='word_1_346' title='bbox 517 2087 647 2156; x_wconf 89' lang='lat' dir='ltr'><strong>stipulatu</strong></span> <span class='ocrx_word' id='word_1_347' title='bbox 672 2091 747 2156; x_wconf 83' lang='lat' dir='ltr'><strong>agat:</strong></span> <span class='ocrx_word' id='word_1_348' title='bbox 781 2085 840 2144; x_wconf 82' lang='lat' dir='ltr'><strong>viva</strong></span> <span class='ocrx_word' id='word_1_349' title='bbox 865 2091 954 2140; x_wconf 89' lang='lat' dir='ltr'><strong>autem</strong></span> <span class='ocrx_word' id='word_1_350' title='bbox 977 2085 1032 2140; x_wconf 86' lang='lat' dir='ltr'><strong>filia</strong></span> <span class='ocrx_word' id='word_1_351' title='bbox 1055 2087 1078 2142; x_wconf 92' lang='lat' dir='ltr'><strong>si</strong></span> <span class='ocrx_word' id='word_1_352' title='bbox 1129 2085 1200 2140; x_wconf 88' lang='lat' dir='ltr'><strong>actio</strong></span> <span class='ocrx_word' id='word_1_353' title='bbox 1226 2101 1260 2140; x_wconf 84' lang='lat' dir='ltr'><strong>ex</strong></span> <span class='ocrx_word' id='word_1_354' title='bbox 1283 2087 1337 2140; x_wconf 93' lang='lat' dir='ltr'><strong>hoc</strong></span> <span class='ocrx_word' id='word_1_355' title='bbox 1362 2091 1443 2156; x_wconf 87' lang='lat' dir='ltr'><strong>pacto</strong></span> <span class='ocrx_word' id='word_1_356' title='bbox 1469 2087 1527 2140; x_wconf 88' lang='lat' dir='ltr'><strong>et¹¹</strong></span> <span class='ocrx_word' id='word_1_357' title='bbox 1553 2085 1725 2154; x_wconf 87' lang='lat' dir='ltr'><strong>stipulatione</strong></span> <span class='ocrx_word' id='word_1_358' title='bbox 1751 2091 1885 2154; x_wconf 86' lang='lat' dir='ltr'><strong>competat</strong></span> <span class='ocrx_word' id='word_1_359' title='bbox 1917 2091 1944 2140; x_wconf 91' lang='lat' dir='ltr'><strong>et</strong></span> 
     </span>
     <span class='ocr_line' id='line_1_26' title="bbox 269 2153 1941 2224; baseline -0.001 -16"><span class='ocrx_word' id='word_1_360' title='bbox 269 2155 427 2224; x_wconf 70' lang='lat' dir='ltr'><strong>ageraton,</strong></span> <span class='ocrx_word' id='word_1_361' title='bbox 446 2155 602 2224; x_wconf 85' lang='lat' dir='ltr'><strong>exceptione</strong></span> <span class='ocrx_word' id='word_1_362' title='bbox 617 2155 822 2214; x_wconf 86' lang='lat' dir='ltr'><strong>summovendos</strong></span> <span class='ocrx_word' id='word_1_363' title='bbox 841 2155 899 2208; x_wconf 89' lang='lat' dir='ltr'><strong>erit.</strong></span> <span class='ocrx_word' id='word_1_364' title='bbox 1129 2161 1218 2208; x_wconf 88' lang='lat' dir='ltr'><strong>utrum</strong></span> <span class='ocrx_word' id='word_1_365' title='bbox 1234 2155 1326 2208; x_wconf 89' lang='lat' dir='ltr'><strong>heredi</strong></span> <span class='ocrx_word' id='word_1_366' title='bbox 1343 2155 1387 2208; x_wconf 89' lang='lat' dir='ltr'><strong>avi</strong></span> <span class='ocrx_word' id='word_1_367' title='bbox 1403 2153 1516 2208; x_wconf 87' lang='lat' dir='ltr'><strong>materni</strong></span> <span class='ocrx_word' id='word_1_368' title='bbox 1534 2169 1568 2208; x_wconf 86' lang='lat' dir='ltr'><strong>ex</strong></span> <span class='ocrx_word' id='word_1_369' title='bbox 1585 2153 1715 2222; x_wconf 89' lang='lat' dir='ltr'><strong>stipulatu</strong></span> <span class='ocrx_word' id='word_1_370' title='bbox 1733 2169 1767 2208; x_wconf 91' lang='lat' dir='ltr'><strong>an</strong></span> <span class='ocrx_word' id='word_1_371' title='bbox 1790 2155 1871 2224; x_wconf 86' lang='lat' dir='ltr'><strong>nepti.</strong></span> <span class='ocrx_word' id='word_1_372' title='bbox 1898 2169 1941 2208; x_wconf 90' lang='lat' dir='ltr'><strong>re-</strong></span> 
     </span>
    </p>

    <p class='ocr_par' dir='ltr' id='par_1_6' title="bbox 267 2221 1942 2496">
     <span class='ocr_line' id='line_1_27' title="bbox 301 2221 1942 2294; baseline -0.003 -14"><span class='ocrx_word' id='word_1_373' title='bbox 301 2221 339 2280; x_wconf 86' lang='lat'><strong>41</strong></span> <span class='ocrx_word' id='word_1_374' title='bbox 359 2223 440 2278; x_wconf 74' lang='lat' dir='ltr'><strong>Inna</strong></span> <span class='ocrx_word' id='word_1_375' title='bbox 453 2223 522 2278; x_wconf 85' lang='lat' dir='ltr'><strong>libro</strong></span> <span class='ocrx_word' id='word_1_376' title='bbox 540 2223 676 2294; x_wconf 74' lang='lat' dir='ltr'><strong>tripartiae</strong></span> <span class='ocrx_word' id='word_1_377' title='bbox 694 2223 806 2294; x_wconf 80' lang='lat' dir='ltr'><strong>septimo</strong></span> <span class='ocrx_word' id='word_1_378' title='bbox 830 2223 1015 2292; x_wconf 82' lang='lat' dir='ltr'><strong>quaestionum</strong></span> <span class='ocrx_word' id='word_1_379' title='bbox 1050 2221 1079 2276; x_wconf 85' lang='lat' dir='ltr'><strong>Si</strong></span> <span class='ocrx_word' id='word_1_380' title='bbox 1129 2221 1224 2290; x_wconf 92' lang='lat' dir='ltr'><strong>spondi</strong></span> <span class='ocrx_word' id='word_1_381' title='bbox 1249 2223 1278 2274; x_wconf 91' lang='lat' dir='ltr'><strong>in</strong></span> <span class='ocrx_word' id='word_1_382' title='bbox 1304 2237 1419 2292; x_wconf 87' lang='lat' dir='ltr'><strong>persona</strong></span> <span class='ocrx_word' id='word_1_383' title='bbox 1450 2221 1556 2290; x_wconf 89' lang='lat' dir='ltr'><strong>quidem</strong></span> <span class='ocrx_word' id='word_1_384' title='bbox 1586 2221 1674 2290; x_wconf 89' lang='lat' dir='ltr'><strong>neptis</strong></span> <span class='ocrx_word' id='word_1_385' title='bbox 1705 2221 1789 2274; x_wconf 88' lang='lat' dir='ltr'><strong>videri</strong></span> <span class='ocrx_word' id='word_1_386' title='bbox 1813 2221 1942 2276; x_wconf 90' lang='lat' dir='ltr'><strong>inutiliter</strong></span> 
     </span>
     <span class='ocr_line' id='line_1_28' title="bbox 267 2287 1941 2362; baseline -0.001 -18"><span class='ocrx_word' id='word_1_387' title='bbox 267 2297 345 2362; x_wconf 87' lang='lat' dir='ltr'><strong>pater</strong></span> <span class='ocrx_word' id='word_1_388' title='bbox 360 2291 487 2360; x_wconf 83' lang='lat' dir='ltr'><strong>ignorans</strong></span> <span class='ocrx_word' id='word_1_389' title='bbox 503 2289 584 2344; x_wconf 84' lang='lat' dir='ltr'><strong>filiam</strong></span> <span class='ocrx_word' id='word_1_390' title='bbox 602 2289 742 2344; x_wconf 85' lang='lat' dir='ltr'><strong>divertisse</strong></span> <span class='ocrx_word' id='word_1_391' title='bbox 760 2291 849 2344; x_wconf 90' lang='lat' dir='ltr'><strong>dotem</strong></span> <span class='ocrx_word' id='word_1_392' title='bbox 867 2305 900 2344; x_wconf 92' lang='lat' dir='ltr'><strong>ex</strong></span> <span class='ocrx_word' id='word_1_393' title='bbox 917 2305 999 2344; x_wconf 84' lang='lat' dir='ltr'><strong>causa</strong></span> <span class='ocrx_word' id='word_1_394' title='bbox 1016 2305 1077 2358; x_wconf 87' lang='lat' dir='ltr'><strong>pro·</strong></span> <span class='ocrx_word' id='word_1_395' title='bbox 1128 2289 1326 2358; x_wconf 84' lang='lat' dir='ltr'><strong>stipulationem</strong></span> <span class='ocrx_word' id='word_1_396' title='bbox 1344 2305 1402 2344; x_wconf 89' lang='lat' dir='ltr'><strong>esse</strong></span> <span class='ocrx_word' id='word_1_397' title='bbox 1421 2295 1591 2356; x_wconf 87' lang='lat' dir='ltr'><strong>conceptam,</strong></span> <span class='ocrx_word' id='word_1_398' title='bbox 1610 2287 1735 2356; x_wconf 87' lang='lat' dir='ltr'><strong>quoniam</strong></span> <span class='ocrx_word' id='word_1_399' title='bbox 1757 2303 1821 2342; x_wconf 85' lang='lat' dir='ltr'><strong>avus</strong></span> <span class='ocrx_word' id='word_1_400' title='bbox 1843 2293 1941 2344; x_wconf 85' lang='lat' dir='ltr'><strong>mater-</strong></span> 
     </span>
     <span class='ocr_line' id='line_1_29' title="bbox 268 2355 1942 2438; baseline -0.002 -24"><span class='ocrx_word' id='word_1_401' title='bbox 268 2359 399 2414; x_wconf 88' lang='lat' dir='ltr'><strong>missionis</strong></span> <span class='ocrx_word' id='word_1_402' title='bbox 423 2359 582 2424; x_wconf 81' lang='lat' dir='ltr'><strong>numeravit,</strong></span> <span class='ocrx_word' id='word_1_403' title='bbox 606 2373 660 2412; x_wconf 91' lang='lat' dir='ltr'><strong>non</strong></span> <span class='ocrx_word' id='word_1_404' title='bbox 683 2375 732 2428; x_wconf 91' lang='lat' dir='ltr'><strong>per</strong></span> <span class='ocrx_word' id='word_1_405' title='bbox 747 2357 859 2412; x_wconf 90' lang='lat' dir='ltr'><strong>indebiti</strong></span> <span class='ocrx_word' id='word_1_406' title='bbox 877 2357 1077 2422; x_wconf 89' lang='lat' dir='ltr'><strong>condictionem,</strong></span> <span class='ocrx_word' id='word_1_407' title='bbox 1128 2373 1179 2412; x_wconf 91' lang='lat' dir='ltr'><strong>nus</strong></span> <span class='ocrx_word' id='word_1_408' title='bbox 1195 2359 1219 2410; x_wconf 91' lang='lat' dir='ltr'><strong>ei</strong></span> <span class='ocrx_word' id='word_1_409' title='bbox 1233 2357 1377 2438; x_wconf 85' lang='lat' dir='ltr'><strong>stipulatus</strong></span> <span class='ocrx_word' id='word_1_410' title='bbox 1391 2359 1563 2426; x_wconf 87' lang='lat' dir='ltr'><strong>proponitur:</strong></span> <span class='ocrx_word' id='word_1_411' title='bbox 1583 2357 1729 2424; x_wconf 88' lang='lat' dir='ltr'><strong>quodcum</strong></span> <span class='ocrx_word' id='word_1_412' title='bbox 1744 2355 1942 2422; x_wconf 74' lang='lat' dir='ltr'><strong>itaestheredi</strong></span> 
     </span>
     <span class='ocr_line' id='line_1_30' title="bbox 269 2425 1941 2496; baseline -0.002 -14"><span class='ocrx_word' id='word_1_413' title='bbox 269 2427 315 2482; x_wconf 91' lang='lat' dir='ltr'><strong>sed</strong></span> <span class='ocrx_word' id='word_1_414' title='bbox 333 2427 366 2482; x_wconf 90' lang='lat' dir='ltr'><strong>de</strong></span> <span class='ocrx_word' id='word_1_415' title='bbox 383 2427 446 2482; x_wconf 89' lang='lat' dir='ltr'><strong>dote</strong></span> <span class='ocrx_word' id='word_1_416' title='bbox 462 2425 567 2480; x_wconf 90' lang='lat' dir='ltr'><strong>actione</strong></span> <span class='ocrx_word' id='word_1_417' title='bbox 583 2427 699 2494; x_wconf 89' lang='lat' dir='ltr'><strong>pecunia</strong></span> <span class='ocrx_word' id='word_1_418' title='bbox 715 2433 829 2494; x_wconf 88' lang='lat' dir='ltr'><strong>petetur.</strong></span> <span class='ocrx_word' id='word_1_419' title='bbox 1129 2425 1301 2494; x_wconf 71' lang='lat' dir='ltr'><strong>stipulatam,</strong></span> <span class='ocrx_word' id='word_1_420' title='bbox 1319 2425 1479 2496; x_wconf 85' lang='lat' dir='ltr'><strong>quandoque</strong></span> <span class='ocrx_word' id='word_1_421' title='bbox 1502 2425 1638 2480; x_wconf 88' lang='lat' dir='ltr'><strong>diverterit</strong></span> <span class='ocrx_word' id='word_1_422' title='bbox 1655 2425 1761 2490; x_wconf 89' lang='lat' dir='ltr'><strong>mulier,</strong></span> <span class='ocrx_word' id='word_1_423' title='bbox 1780 2425 1850 2480; x_wconf 88' lang='lat' dir='ltr'><strong>actio</strong></span> <span class='ocrx_word' id='word_1_424' title='bbox 1869 2439 1941 2480; x_wconf 86' lang='lat' dir='ltr'><strong>corn-</strong></span> 
     </span>
    </p>

    <p class='ocr_par' dir='ltr' id='par_1_7' title="bbox 268 2491 1942 4052">
     <span class='ocr_line' id='line_1_31' title="bbox 302 2491 1942 2564; baseline -0.003 -12"><span class='ocrx_word' id='word_1_425' title='bbox 302 2491 342 2552; x_wconf 79' lang='lat'><strong>42</strong></span> <span class='ocrx_word' id='word_1_426' title='bbox 359 2495 440 2548; x_wconf 79' lang='lat' dir='ltr'><strong>loru</strong></span> <span class='ocrx_word' id='word_1_427' title='bbox 458 2495 526 2548; x_wconf 80' lang='lat' dir='ltr'><strong>libro</strong></span> <span class='ocrx_word' id='word_1_428' title='bbox 553 2497 650 2562; x_wconf 84' lang='lat' dir='ltr'><strong>quarto</strong></span> <span class='ocrx_word' id='word_1_429' title='bbox 677 2509 866 2564; x_wconf 78' lang='lat' dir='ltr'><strong>responsorum</strong></span> <span class='ocrx_word' id='word_1_430' title='bbox 908 2495 939 2546; x_wconf 92' lang='lat' dir='ltr'><strong>In</strong></span> <span class='ocrx_word' id='word_1_431' title='bbox 965 2493 1079 2548; x_wconf 89' lang='lat' dir='ltr'><strong>insulam</strong></span> <span class='ocrx_word' id='word_1_432' title='bbox 1129 2499 1220 2562; x_wconf 88' lang='lat' dir='ltr'><strong>petere</strong></span> <span class='ocrx_word' id='word_1_433' title='bbox 1236 2493 1349 2548; x_wconf 88' lang='lat' dir='ltr'><strong>videtur.</strong></span> <span class='ocrx_word' id='word_1_434' title='bbox 1377 2493 1425 2548; x_wconf 90' lang='lat' dir='ltr'><strong>sed</strong></span> <span class='ocrx_word' id='word_1_435' title='bbox 1449 2493 1589 2548; x_wconf 89' lang='lat' dir='ltr'><strong>dicendum</strong></span> <span class='ocrx_word' id='word_1_436' title='bbox 1606 2497 1647 2546; x_wconf 89' lang='lat' dir='ltr'><strong>est</strong></span> <span class='ocrx_word' id='word_1_437' title='bbox 1664 2491 1740 2548; x_wconf 81' lang='lat' dir='ltr'><strong>Seiae</strong></span> <span class='ocrx_word' id='word_1_438' title='bbox 1756 2509 1836 2562; x_wconf 92' lang='lat' dir='ltr'><strong>posse</strong></span> <span class='ocrx_word' id='word_1_439' title='bbox 1853 2493 1942 2548; x_wconf 89' lang='lat' dir='ltr'><strong>dotem</strong></span> 
     </span>
     <span class='ocr_line' id='line_1_32' title="bbox 268 2559 1942 2630; baseline 0 -16"><span class='ocrx_word' id='word_1_440' title='bbox 268 2569 344 2630; x_wconf 89' lang='lat' dir='ltr'><strong>patre</strong></span> <span class='ocrx_word' id='word_1_441' title='bbox 362 2561 511 2630; x_wconf 87' lang='lat' dir='ltr'><strong>deportato,</strong></span> <span class='ocrx_word' id='word_1_442' title='bbox 529 2559 575 2628; x_wconf 87' lang='lat' dir='ltr'><strong>qui</strong></span> <span class='ocrx_word' id='word_1_443' title='bbox 592 2559 681 2614; x_wconf 88' lang='lat' dir='ltr'><strong>dotem</strong></span> <span class='ocrx_word' id='word_1_444' title='bbox 697 2575 746 2628; x_wconf 87' lang='lat' dir='ltr'><strong>pro</strong></span> <span class='ocrx_word' id='word_1_445' title='bbox 761 2561 817 2614; x_wconf 87' lang='lat' dir='ltr'><strong>filia</strong></span> <span class='ocrx_word' id='word_1_446' title='bbox 831 2561 911 2626; x_wconf 85' lang='lat' dir='ltr'><strong>dedit,</strong></span> <span class='ocrx_word' id='word_1_447' title='bbox 926 2561 995 2614; x_wconf 88' lang='lat' dir='ltr'><strong>actio</strong></span> <span class='ocrx_word' id='word_1_448' title='bbox 1008 2559 1078 2614; x_wconf 91' lang='lat' dir='ltr'><strong>dotis</strong></span> <span class='ocrx_word' id='word_1_449' title='bbox 1129 2561 1195 2614; x_wconf 89' lang='lat' dir='ltr'><strong>solvi</strong></span> <span class='ocrx_word' id='word_1_450' title='bbox 1213 2563 1429 2630; x_wconf 76' lang='lat' dir='ltr'><strong>tquamds&#39;aetio</strong></span> <span class='ocrx_word' id='word_1_451' title='bbox 1447 2563 1472 2616; x_wconf 90' lang='lat' dir='ltr'><strong>ei</strong></span> <span class='ocrx_word' id='word_1_452' title='bbox 1489 2561 1589 2614; x_wconf 90' lang='lat' dir='ltr'><strong>directo</strong></span> <span class='ocrx_word' id='word_1_453' title='bbox 1607 2575 1662 2614; x_wconf 90' lang='lat' dir='ltr'><strong>non</strong></span> <span class='ocrx_word' id='word_1_454' title='bbox 1679 2565 1839 2630; x_wconf 73' lang='lat' dir='ltr'><strong>competat),</strong></span> <span class='ocrx_word' id='word_1_455' title='bbox 1862 2575 1895 2614; x_wconf 88' lang='lat' dir='ltr'><strong>ac</strong></span> <span class='ocrx_word' id='word_1_456' title='bbox 1919 2563 1942 2614; x_wconf 91' lang='lat' dir='ltr'><strong>si</strong></span> 
     </span>
     <span class='ocr_line' id='line_1_33' title="bbox 268 2627 1941 2708; baseline 0.001 -28"><span class='ocrx_word' id='word_1_457' title='bbox 268 2629 303 2680; x_wconf 90' lang='lat' dir='ltr'><strong>ad</strong></span> <span class='ocrx_word' id='word_1_458' title='bbox 320 2629 401 2680; x_wconf 91' lang='lat' dir='ltr'><strong>filiam</strong></span> <span class='ocrx_word' id='word_1_459' title='bbox 417 2629 540 2696; x_wconf 87' lang='lat' dir='ltr'><strong>pertinet.</strong></span> <span class='ocrx_word' id='word_1_460' title='bbox 563 2633 624 2696; x_wconf 89' lang='lat' dir='ltr'><strong>post</strong></span> <span class='ocrx_word' id='word_1_461' title='bbox 638 2627 778 2682; x_wconf 75' lang='lat' dir='ltr'><strong>divordum</strong></span> <span class='ocrx_word' id='word_1_462' title='bbox 809 2641 898 2698; x_wconf 90' lang='lat' dir='ltr'><strong>noque</strong></span> <span class='ocrx_word' id='word_1_463' title='bbox 914 2633 990 2696; x_wconf 91' lang='lat' dir='ltr'><strong>patre</strong></span> <span class='ocrx_word' id='word_1_464' title='bbox 1004 2627 1078 2680; x_wconf 89' lang='lat' dir='ltr'><strong>dam-</strong></span> <span class='ocrx_word' id='word_1_465' title='bbox 1130 2629 1181 2682; x_wconf 91' lang='lat' dir='ltr'><strong>sibi</strong></span> <span class='ocrx_word' id='word_1_466' title='bbox 1198 2637 1245 2682; x_wconf 88' lang='lat' dir='ltr'><strong>aut</strong></span> <span class='ocrx_word' id='word_1_467' title='bbox 1262 2629 1300 2680; x_wconf 92' lang='lat' dir='ltr'><strong>illi</strong></span> <span class='ocrx_word' id='word_1_468' title='bbox 1316 2629 1377 2682; x_wconf 88' lang='lat' dir='ltr'><strong>dari</strong></span> <span class='ocrx_word' id='word_1_469' title='bbox 1392 2629 1614 2708; x_wconf 85' lang='lat' dir='ltr'><strong>avusstiprdatus</strong></span> <span class='ocrx_word' id='word_1_470' title='bbox 1628 2635 1706 2682; x_wconf 89' lang='lat' dir='ltr'><strong>esset.</strong></span> <span class='ocrx_word' id='word_1_471' title='bbox 1726 2629 1773 2682; x_wconf 90' lang='lat' dir='ltr'><strong>sed</strong></span> <span class='ocrx_word' id='word_1_472' title='bbox 1785 2629 1941 2698; x_wconf 88' lang='lat' dir='ltr'><strong>permitten-</strong></span> 
     </span>
     <span class='ocr_line' id='line_1_34' title="bbox 269 2645 1941 2764; baseline 0.001 -16"><span class='ocrx_word' id='word_1_473' title='bbox 269 2701 345 2760; x_wconf 89' lang='lat' dir='ltr'><strong>nato,</strong></span> <span class='ocrx_word' id='word_1_474' title='bbox 374 2697 433 2750; x_wconf 64' lang='lat' dir='ltr'><strong>enit</strong></span> <span class='ocrx_word' id='word_1_475' title='bbox 459 2695 564 2764; x_wconf 89' lang='lat' dir='ltr'><strong>quidem</strong></span> <span class='ocrx_word' id='word_1_476' title='bbox 589 2695 772 2752; x_wconf 86' lang='lat' dir='ltr'><strong>consentiente</strong></span> <span class='ocrx_word' id='word_1_477' title='bbox 792 2645 858 2750; x_wconf 59' lang='lat' dir='ltr'><strong>tilia</strong></span> <span class='ocrx_word' id='word_1_478' title='bbox 889 2695 1078 2764; x_wconf 81' lang='lat' dir='ltr'><strong>competierat⁵,</strong></span> <span class='ocrx_word' id='word_1_479' title='bbox 1130 2695 1192 2748; x_wconf 91' lang='lat' dir='ltr'><strong>dum</strong></span> <span class='ocrx_word' id='word_1_480' title='bbox 1210 2701 1251 2750; x_wconf 90' lang='lat' dir='ltr'><strong>est</strong></span> <span class='ocrx_word' id='word_1_481' title='bbox 1268 2697 1341 2764; x_wconf 89' lang='lat' dir='ltr'><strong>nepti</strong></span> <span class='ocrx_word' id='word_1_482' title='bbox 1359 2711 1392 2750; x_wconf 80' lang='lat' dir='ltr'><strong>ex</strong></span> <span class='ocrx_word' id='word_1_483' title='bbox 1407 2697 1463 2750; x_wconf 49' lang='lat' dir='ltr'><strong>hac¹</strong></span> <span class='ocrx_word' id='word_1_484' title='bbox 1477 2701 1548 2750; x_wconf 86' lang='lat' dir='ltr'><strong>anta</strong></span> <span class='ocrx_word' id='word_1_485' title='bbox 1562 2695 1745 2760; x_wconf 90' lang='lat' dir='ltr'><strong>conventione,</strong></span> <span class='ocrx_word' id='word_1_486' title='bbox 1757 2709 1791 2748; x_wconf 89' lang='lat' dir='ltr'><strong>ne</strong></span> <span class='ocrx_word' id='word_1_487' title='bbox 1802 2695 1941 2752; x_wconf 91' lang='lat' dir='ltr'><strong>commodo</strong></span> 
     </span>
     <span class='ocr_line' id='line_1_35' title="bbox 270 2761 1940 2832; baseline 0 -16"><span class='ocrx_word' id='word_1_488' title='bbox 270 2769 280 2816; x_wconf 88' lang='grc' dir='ltr'><strong>ι</strong></span> <span class='ocrx_word' id='word_1_489' title='bbox 319 2779 403 2832; x_wconf 89' lang='lat' dir='ltr'><strong>aeque</strong></span> <span class='ocrx_word' id='word_1_490' title='bbox 420 2763 489 2818; x_wconf 90' lang='lat' dir='ltr'><strong>dotis</strong></span> <span class='ocrx_word' id='word_1_491' title='bbox 507 2763 577 2818; x_wconf 89' lang='lat' dir='ltr'><strong>actio</strong></span> <span class='ocrx_word' id='word_1_492' title='bbox 595 2761 711 2818; x_wconf 90' lang='lat' dir='ltr'><strong>mulieris</strong></span> <span class='ocrx_word' id='word_1_493' title='bbox 729 2769 777 2818; x_wconf 89' lang='lat' dir='ltr'><strong>est.</strong></span> <span class='ocrx_word' id='word_1_494' title='bbox 812 2763 929 2818; x_wconf 85' lang='lat' dir='ltr'><strong>Fructus</strong></span> <span class='ocrx_word' id='word_1_495' title='bbox 951 2779 984 2818; x_wconf 86' lang='lat' dir='ltr'><strong>ex</strong></span> <span class='ocrx_word' id='word_1_496' title='bbox 1001 2779 1078 2832; x_wconf 90' lang='lat' dir='ltr'><strong>prae·</strong></span> <span class='ocrx_word' id='word_1_497' title='bbox 1130 2763 1199 2818; x_wconf 92' lang='lat' dir='ltr'><strong>dotis</strong></span> <span class='ocrx_word' id='word_1_498' title='bbox 1217 2761 1381 2828; x_wconf 84' lang='lat' dir='ltr'><strong>detrudetur,</strong></span> <span class='ocrx_word' id='word_1_499' title='bbox 1397 2763 1489 2818; x_wconf 88' lang='lat' dir='ltr'><strong>utilem</strong></span> <span class='ocrx_word' id='word_1_500' title='bbox 1506 2763 1651 2818; x_wconf 83' lang='lat' dir='ltr'><strong>actionem:</strong></span> <span class='ocrx_word' id='word_1_501' title='bbox 1676 2761 1768 2818; x_wconf 86' lang='lat' dir='ltr'><strong>favore</strong></span> <span class='ocrx_word' id='word_1_502' title='bbox 1786 2763 1854 2816; x_wconf 89' lang='lat' dir='ltr'><strong>enim</strong></span> <span class='ocrx_word' id='word_1_503' title='bbox 1871 2779 1940 2832; x_wconf 88' lang='lat' dir='ltr'><strong>nup-</strong></span> 
     </span>
     <span class='ocr_line' id='line_1_36' title="bbox 269 2829 1941 2910; baseline 0 -26"><span class='ocrx_word' id='word_1_504' title='bbox 269 2831 327 2896; x_wconf 89' lang='lat' dir='ltr'><strong>diis,</strong></span> <span class='ocrx_word' id='word_1_505' title='bbox 345 2845 413 2900; x_wconf 89' lang='lat' dir='ltr'><strong>quae</strong></span> <span class='ocrx_word' id='word_1_506' title='bbox 429 2831 457 2884; x_wconf 89' lang='lat' dir='ltr'><strong>in</strong></span> <span class='ocrx_word' id='word_1_507' title='bbox 475 2831 564 2910; x_wconf 78' lang='lat' dir='ltr'><strong>dotem</strong></span> <span class='ocrx_word' id='word_1_508' title='bbox 587 2831 650 2910; x_wconf 77' lang='lat' dir='ltr'><strong>data</strong></span> <span class='ocrx_word' id='word_1_509' title='bbox 671 2831 843 2896; x_wconf 88' lang='lat' dir='ltr'><strong>videbantur,</strong></span> <span class='ocrx_word' id='word_1_510' title='bbox 860 2833 933 2886; x_wconf 92' lang='lat' dir='ltr'><strong>bona</strong></span> <span class='ocrx_word' id='word_1_511' title='bbox 949 2831 1002 2910; x_wconf 74' lang='lat' dir='ltr'><strong>hdo</strong></span> <span class='ocrx_word' id='word_1_512' title='bbox 1038 2845 1077 2884; x_wconf 91' lang='lat' dir='ltr'><strong>er·</strong></span> <span class='ocrx_word' id='word_1_513' title='bbox 1129 2831 1227 2884; x_wconf 87' lang='lat' dir='ltr'><strong>tiarum</strong></span> <span class='ocrx_word' id='word_1_514' title='bbox 1244 2837 1272 2884; x_wconf 89' lang='lat' dir='ltr'><strong>et</strong></span> <span class='ocrx_word' id='word_1_515' title='bbox 1287 2831 1401 2884; x_wconf 71' lang='lat' dir='ltr'><strong>mammo</strong></span> <span class='ocrx_word' id='word_1_516' title='bbox 1418 2837 1527 2900; x_wconf 89' lang='lat' dir='ltr'><strong>propter</strong></span> <span class='ocrx_word' id='word_1_517' title='bbox 1541 2829 1708 2884; x_wconf 76' lang='lat' dir='ltr'><strong>affeehonem</strong></span> <span class='ocrx_word' id='word_1_518' title='bbox 1720 2845 1894 2900; x_wconf 89' lang='lat' dir='ltr'><strong>personarum</strong></span> <span class='ocrx_word' id='word_1_519' title='bbox 1905 2831 1941 2884; x_wconf 92' lang='lat' dir='ltr'><strong>ad</strong></span> 
     </span>
     <span class='ocr_line' id='line_1_37' title="bbox 269 2899 1940 3046; baseline 0.001 -26"><span class='ocrx_word' id='word_1_520' title='bbox 269 2899 792 3046; x_wconf 52' lang='lat' dir='ltr'><strong>ddddddpdds,ndqldlddddisosldrrdddrsfdilddee</strong></span> <span class='ocrx_word' id='word_1_521' title='bbox 808 2899 1079 3046; x_wconf 50' lang='lat' dir='ltr'><strong>{diddemcdddiudd}</strong></span> <span class='ocrx_word' id='word_1_522' title='bbox 1129 2899 1497 3046; x_wconf 53' lang='lat' dir='ltr'><strong>hodbdedddrdndddddaeddono</strong></span> <span class='ocrx_word' id='word_1_523' title='bbox 1522 2965 1625 3046; x_wconf 68' lang='lat' dir='ltr'><strong>damme</strong></span> <span class='ocrx_word' id='word_1_524' title='bbox 1651 2967 1837 3046; x_wconf 71' lang='lat' dir='ltr'><strong>quaestionum</strong></span> <span class='ocrx_word' id='word_1_525' title='bbox 1889 2965 1940 3034; x_wconf 80' lang='lat' dir='ltr'><strong>on</strong></span> 
     </span>
     <span class='ocr_line' id='line_1_38' title="bbox 269 3033 1940 3106; baseline 0 -18"><span class='ocrx_word' id='word_1_526' title='bbox 269 3039 324 3102; x_wconf 88' lang='lat' dir='ltr'><strong>petr</strong></span> <span class='ocrx_word' id='word_1_527' title='bbox 341 3049 395 3088; x_wconf 91' lang='lat' dir='ltr'><strong>non</strong></span> <span class='ocrx_word' id='word_1_528' title='bbox 410 3049 491 3104; x_wconf 90' lang='lat' dir='ltr'><strong>posse</strong></span> <span class='ocrx_word' id='word_1_529' title='bbox 507 3037 617 3104; x_wconf 88' lang='lat' dir='ltr'><strong>placmt.</strong></span> <span class='ocrx_word' id='word_1_530' title='bbox 643 3041 765 3104; x_wconf 91' lang='lat' dir='ltr'><strong>sumptus</strong></span> <span class='ocrx_word' id='word_1_531' title='bbox 787 3049 850 3090; x_wconf 88' lang='lat' dir='ltr'><strong>vero</strong></span> <span class='ocrx_word' id='word_1_532' title='bbox 868 3049 1034 3090; x_wconf 86' lang='lat' dir='ltr'><strong>neeessanos</strong></span> <span class='ocrx_word' id='word_1_533' title='bbox 1052 3039 1079 3088; x_wconf 90' lang='grc' dir='ltr'><strong>ιι</strong></span> <span class='ocrx_word' id='word_1_534' title='bbox 1130 3033 1218 3088; x_wconf 88' lang='lat' dir='ltr'><strong>dotem</strong></span> <span class='ocrx_word' id='word_1_535' title='bbox 1235 3039 1271 3088; x_wconf 87' lang='grc' dir='ltr'><strong>ιιι</strong></span> <span class='ocrx_word' id='word_1_536' title='bbox 1289 3035 1376 3088; x_wconf 77' lang='lat' dir='ltr'><strong>manta</strong></span> <span class='ocrx_word' id='word_1_537' title='bbox 1392 3049 1470 3088; x_wconf 89' lang='lat' dir='ltr'><strong>uxon</strong></span> <span class='ocrx_word' id='word_1_538' title='bbox 1487 3039 1653 3106; x_wconf 85' lang='lat' dir='ltr'><strong>promrseret,</strong></span> <span class='ocrx_word' id='word_1_539' title='bbox 1672 3035 1755 3090; x_wconf 88' lang='lat' dir='ltr'><strong>erdem</strong></span> <span class='ocrx_word' id='word_1_540' title='bbox 1778 3039 1940 3088; x_wconf 88' lang='lat' dir='ltr'><strong>testamento</strong></span> 
     </span>
     <span class='ocr_line' id='line_1_39' title="bbox 269 3051 1940 3172; baseline 0 -16"><span class='ocrx_word' id='word_1_541' title='bbox 269 3103 345 3156; x_wconf 89' lang='lat' dir='ltr'><strong>utiles</strong></span> <span class='ocrx_word' id='word_1_542' title='bbox 364 3103 391 3154; x_wconf 92' lang='lat' dir='ltr'><strong>in</strong></span> <span class='ocrx_word' id='word_1_543' title='bbox 427 3103 517 3156; x_wconf 85' lang='lat' dir='ltr'><strong>raedis</strong></span> <span class='ocrx_word' id='word_1_544' title='bbox 530 3117 598 3172; x_wconf 86' lang='lat' dir='ltr'><strong>quae</strong></span> <span class='ocrx_word' id='word_1_545' title='bbox 608 3101 708 3156; x_wconf 89' lang='lat' dir='ltr'><strong>dotalia</strong></span> <span class='ocrx_word' id='word_1_546' title='bbox 721 3103 880 3156; x_wconf 87' lang='lat' dir='ltr'><strong>videbantur</strong></span> <span class='ocrx_word' id='word_1_547' title='bbox 894 3103 990 3168; x_wconf 85' lang='lat' dir='ltr'><strong>iactos,</strong></span> <span class='ocrx_word' id='word_1_548' title='bbox 1006 3117 1077 3156; x_wconf 86' lang='lat' dir='ltr'><strong>com·</strong></span> <span class='ocrx_word' id='word_1_549' title='bbox 1129 3101 1260 3170; x_wconf 89' lang='lat' dir='ltr'><strong>quaedam</strong></span> <span class='ocrx_word' id='word_1_550' title='bbox 1271 3051 1418 3172; x_wconf 71' lang='lat' dir='ltr'><strong>degenerat,</strong></span> <span class='ocrx_word' id='word_1_551' title='bbox 1435 3101 1474 3156; x_wconf 88' lang='lat' dir='ltr'><strong>ita</strong></span> <span class='ocrx_word' id='word_1_552' title='bbox 1490 3109 1587 3168; x_wconf 88' lang='lat' dir='ltr'><strong>tamen,</strong></span> <span class='ocrx_word' id='word_1_553' title='bbox 1606 3117 1639 3156; x_wconf 89' lang='lat' dir='ltr'><strong>ue</strong></span> <span class='ocrx_word' id='word_1_554' title='bbox 1653 3103 1742 3160; x_wconf 87' lang='lat' dir='ltr'><strong>dotem</strong></span> <span class='ocrx_word' id='word_1_555' title='bbox 1753 3103 1786 3158; x_wconf 90' lang='lat' dir='ltr'><strong>ab</strong></span> <span class='ocrx_word' id='word_1_556' title='bbox 1797 3103 1940 3158; x_wconf 88' lang='lat' dir='ltr'><strong>heredibus</strong></span> 
     </span>
     <span class='ocr_line' id='line_1_40' title="bbox 268 3119 1937 3240; baseline 0.001 -16"><span class='ocrx_word' id='word_1_557' title='bbox 268 3169 387 3238; x_wconf 88' lang='lat' dir='ltr'><strong>pensatis</strong></span> <span class='ocrx_word' id='word_1_558' title='bbox 404 3119 537 3226; x_wconf 72' lang='lat' dir='ltr'><strong>ductibus</strong></span> <span class='ocrx_word' id='word_1_559' title='bbox 578 3171 705 3238; x_wconf 89' lang='lat' dir='ltr'><strong>erceptis,</strong></span> <span class='ocrx_word' id='word_1_560' title='bbox 724 3169 759 3224; x_wconf 90' lang='lat' dir='ltr'><strong>ad</strong></span> <span class='ocrx_word' id='word_1_561' title='bbox 781 3169 861 3224; x_wconf 89' lang='lat' dir='ltr'><strong>finem</strong></span> <span class='ocrx_word' id='word_1_562' title='bbox 878 3169 1005 3238; x_wconf 87' lang='lat' dir='ltr'><strong>superflui</strong></span> <span class='ocrx_word' id='word_1_563' title='bbox 1022 3185 1078 3224; x_wconf 86' lang='lat' dir='ltr'><strong>ser·</strong></span> <span class='ocrx_word' id='word_1_564' title='bbox 1128 3175 1243 3238; x_wconf 87' lang='lat' dir='ltr'><strong>peteret:</strong></span> <span class='ocrx_word' id='word_1_565' title='bbox 1263 3185 1303 3234; x_wconf 92' lang='lat' dir='ltr'><strong>ea,</strong></span> <span class='ocrx_word' id='word_1_566' title='bbox 1322 3185 1390 3238; x_wconf 86' lang='lat' dir='ltr'><strong>qnae</strong></span> <span class='ocrx_word' id='word_1_567' title='bbox 1406 3171 1495 3238; x_wconf 84' lang='lat' dir='ltr'><strong>legata</strong></span> <span class='ocrx_word' id='word_1_568' title='bbox 1512 3177 1602 3234; x_wconf 88' lang='lat' dir='ltr'><strong>erant,</strong></span> <span class='ocrx_word' id='word_1_569' title='bbox 1619 3187 1688 3226; x_wconf 85' lang='lat' dir='ltr'><strong>uxor</strong></span> <span class='ocrx_word' id='word_1_570' title='bbox 1705 3185 1800 3240; x_wconf 87' lang='lat' dir='ltr'><strong>capere</strong></span> <span class='ocrx_word' id='word_1_571' title='bbox 1816 3185 1871 3226; x_wconf 90' lang='lat' dir='ltr'><strong>non</strong></span> <span class='ocrx_word' id='word_1_572' title='bbox 1908 3187 1937 3224; x_wconf 94' lang='lat' dir='ltr'><strong>o-</strong></span> 
     </span>
     <span class='ocr_line' id='line_1_41' title="bbox 269 3187 1940 3316; baseline 0.001 -24"><span class='ocrx_word' id='word_1_573' title='bbox 269 3243 284 3292; x_wconf 83' lang='lat'><strong>2</strong></span> <span class='ocrx_word' id='word_1_574' title='bbox 319 3237 376 3292; x_wconf 87' lang='lat' dir='ltr'><strong>vari</strong></span> <span class='ocrx_word' id='word_1_575' title='bbox 393 3239 522 3316; x_wconf 83' lang='lat' dir='ltr'><strong>convenit.</strong></span> <span class='ocrx_word' id='word_1_576' title='bbox 557 3187 660 3292; x_wconf 70' lang='lat' dir='ltr'><strong>denras</strong></span> <span class='ocrx_word' id='word_1_577' title='bbox 677 3243 833 3292; x_wconf 89' lang='lat' dir='ltr'><strong>numeratae</strong></span> <span class='ocrx_word' id='word_1_578' title='bbox 856 3237 925 3316; x_wconf 82' lang='lat' dir='ltr'><strong>dotis</strong></span> <span class='ocrx_word' id='word_1_579' title='bbox 944 3253 977 3292; x_wconf 92' lang='lat' dir='ltr'><strong>ex</strong></span> <span class='ocrx_word' id='word_1_580' title='bbox 993 3237 1077 3306; x_wconf 88' lang='lat' dir='ltr'><strong>stipn-</strong></span> <span class='ocrx_word' id='word_1_581' title='bbox 1127 3243 1225 3298; x_wconf 89' lang='lat' dir='ltr'><strong>tuerat.</strong></span> <span class='ocrx_word' id='word_1_582' title='bbox 1233 3237 1361 3306; x_wconf 91' lang='lat' dir='ltr'><strong>respondi</strong></span> <span class='ocrx_word' id='word_1_583' title='bbox 1370 3239 1437 3312; x_wconf 86' lang='lat' dir='ltr'><strong>dotis</strong></span> <span class='ocrx_word' id='word_1_584' title='bbox 1445 3239 1686 3294; x_wconf 88' lang='lat' dir='ltr'><strong>actionemmulieri</strong></span> <span class='ocrx_word' id='word_1_585' title='bbox 1694 3187 1940 3294; x_wconf 79' lang='lat' dir='ltr'><strong>adversnsberedes</strong></span> 
     </span>
     <span class='ocr_line' id='line_1_42' title="bbox 269 3305 1465 3376; baseline 0.002 -18"><span class='ocrx_word' id='word_1_586' title='bbox 269 3305 326 3358; x_wconf 89' lang='lat' dir='ltr'><strong>latu</strong></span> <span class='ocrx_word' id='word_1_587' title='bbox 342 3311 419 3374; x_wconf 90' lang='lat' dir='ltr'><strong>pater</strong></span> <span class='ocrx_word' id='word_1_588' title='bbox 436 3323 463 3358; x_wconf 87' lang='grc' dir='ltr'><strong>ιιι</strong></span> <span class='ocrx_word' id='word_1_589' title='bbox 479 3305 643 3360; x_wconf 87' lang='lat' dir='ltr'><strong>matrimonio</strong></span> <span class='ocrx_word' id='word_1_590' title='bbox 654 3305 781 3360; x_wconf 87' lang='lat' dir='ltr'><strong>defuncta</strong></span> <span class='ocrx_word' id='word_1_591' title='bbox 792 3305 847 3358; x_wconf 89' lang='lat' dir='ltr'><strong>filia</strong></span> <span class='ocrx_word' id='word_1_592' title='bbox 862 3321 885 3360; x_wconf 91' lang='grc' dir='ltr'><strong>ιι</strong></span> <span class='ocrx_word' id='word_1_593' title='bbox 898 3311 1077 3376; x_wconf 76' lang='lat' dir='ltr'><strong>petatgener,</strong></span> <span class='ocrx_word' id='word_1_594' title='bbox 1128 3321 1182 3360; x_wconf 91' lang='lat' dir='ltr'><strong>non</strong></span> <span class='ocrx_word' id='word_1_595' title='bbox 1200 3319 1259 3360; x_wconf 89' lang='lat' dir='ltr'><strong>esse</strong></span> <span class='ocrx_word' id='word_1_596' title='bbox 1275 3305 1465 3376; x_wconf 83' lang='lat' dir='ltr'><strong>denegandam.</strong></span> 
     </span>
     <span class='ocr_line' id='line_1_43' title="bbox 270 3369 1938 3444; baseline 0.002 -20"><span class='ocrx_word' id='word_1_597' title='bbox 270 3373 316 3442; x_wconf 88' lang='lat' dir='ltr'><strong>qni</strong></span> <span class='ocrx_word' id='word_1_598' title='bbox 336 3373 459 3428; x_wconf 88' lang='lat' dir='ltr'><strong>residuae</strong></span> <span class='ocrx_word' id='word_1_599' title='bbox 485 3374 555 3429; x_wconf 86' lang='lat' dir='ltr'><strong>dotis</strong></span> <span class='ocrx_word' id='word_1_600' title='bbox 579 3375 726 3442; x_wconf 88' lang='lat' dir='ltr'><strong>promissae</strong></span> <span class='ocrx_word' id='word_1_601' title='bbox 750 3373 846 3428; x_wconf 80' lang='lat' dir='ltr'><strong>faenus</strong></span> <span class='ocrx_word' id='word_1_602' title='bbox 869 3373 1011 3442; x_wconf 88' lang='lat' dir='ltr'><strong>stipulatus</strong></span> <span class='ocrx_word' id='word_1_603' title='bbox 1030 3379 1077 3440; x_wconf 89' lang='lat' dir='ltr'><strong>est,</strong></span> <span class='ocrx_word' id='word_1_604' title='bbox 1162 3369 1202 3430; x_wconf 85' lang='lat'><strong>47</strong></span> <span class='ocrx_word' id='word_1_605' title='bbox 1221 3371 1374 3428; x_wconf 72' lang='lat' dir='ltr'><strong>Scaevoia</strong></span> <span class='ocrx_word' id='word_1_606' title='bbox 1389 3373 1456 3430; x_wconf 84' lang='lat' dir='ltr'><strong>libro</strong></span> <span class='ocrx_word' id='word_1_607' title='bbox 1470 3391 1542 3428; x_wconf 90' lang='lat' dir='ltr'><strong>nono</strong></span> <span class='ocrx_word' id='word_1_608' title='bbox 1556 3373 1853 3444; x_wconf 83' lang='lat' dir='ltr'><strong>decimoqueertionum</strong></span> <span class='ocrx_word' id='word_1_609' title='bbox 1872 3373 1938 3428; x_wconf 83' lang='lat' dir='ltr'><strong>(lum</strong></span> 
     </span>
     <span class='ocr_line' id='line_1_44' title="bbox 268 3439 1938 3510; baseline 0.001 -16"><span class='ocrx_word' id='word_1_610' title='bbox 268 3441 308 3494; x_wconf 89' lang='lat' dir='ltr'><strong>ita.</strong></span> <span class='ocrx_word' id='word_1_611' title='bbox 325 3439 429 3494; x_wconf 89' lang='lat' dir='ltr'><strong>demum</strong></span> <span class='ocrx_word' id='word_1_612' title='bbox 447 3441 481 3496; x_wconf 86' lang='lat' dir='ltr'><strong>ad</strong></span> <span class='ocrx_word' id='word_1_613' title='bbox 503 3441 582 3496; x_wconf 88' lang='lat' dir='ltr'><strong>finem</strong></span> <span class='ocrx_word' id='word_1_614' title='bbox 606 3443 663 3496; x_wconf 87' lang='lat' dir='ltr'><strong>vice</strong></span> <span class='ocrx_word' id='word_1_615' title='bbox 679 3445 773 3496; x_wconf 86' lang='lat' dir='ltr'><strong>mutua</strong></span> <span class='ocrx_word' id='word_1_616' title='bbox 796 3441 901 3496; x_wconf 89' lang='lat' dir='ltr'><strong>debitae</strong></span> <span class='ocrx_word' id='word_1_617' title='bbox 923 3441 1077 3510; x_wconf 89' lang='lat' dir='ltr'><strong>quantitatis</strong></span> <span class='ocrx_word' id='word_1_618' title='bbox 1127 3439 1221 3496; x_wconf 89' lang='lat' dir='ltr'><strong>mulier</strong></span> <span class='ocrx_word' id='word_1_619' title='bbox 1237 3441 1287 3496; x_wconf 88' lang='lat' dir='ltr'><strong>viri</strong></span> <span class='ocrx_word' id='word_1_620' title='bbox 1303 3441 1435 3496; x_wconf 88' lang='lat' dir='ltr'><strong>lenocinio</strong></span> <span class='ocrx_word' id='word_1_621' title='bbox 1459 3441 1608 3496; x_wconf 89' lang='lat' dir='ltr'><strong>adulterata</strong></span> <span class='ocrx_word' id='word_1_622' title='bbox 1630 3441 1726 3508; x_wconf 85' lang='lat' dir='ltr'><strong>fuerit,</strong></span> <span class='ocrx_word' id='word_1_623' title='bbox 1744 3443 1809 3496; x_wconf 92' lang='lat' dir='ltr'><strong>nihil</strong></span> <span class='ocrx_word' id='word_1_624' title='bbox 1825 3457 1859 3496; x_wconf 89' lang='lat' dir='ltr'><strong>ex</strong></span> <span class='ocrx_word' id='word_1_625' title='bbox 1876 3441 1938 3496; x_wconf 90' lang='lat' dir='ltr'><strong>dote</strong></span> 
     </span>
     <span class='ocr_line' id='line_1_45' title="bbox 272 3509 1938 3588; baseline 0.001 -26"><span class='ocrx_word' id='word_1_626' title='bbox 272 3511 512 3576; x_wconf 88' lang='lat' dir='ltr'><strong>compensationem</strong></span> <span class='ocrx_word' id='word_1_627' title='bbox 535 3525 669 3580; x_wconf 88' lang='lat' dir='ltr'><strong>opponere</strong></span> <span class='ocrx_word' id='word_1_628' title='bbox 690 3511 760 3564; x_wconf 90' lang='lat' dir='ltr'><strong>inste</strong></span> <span class='ocrx_word' id='word_1_629' title='bbox 782 3511 900 3574; x_wconf 87' lang='lat' dir='ltr'><strong>videtur,</strong></span> <span class='ocrx_word' id='word_1_630' title='bbox 924 3511 948 3562; x_wconf 93' lang='lat' dir='ltr'><strong>si</strong></span> <span class='ocrx_word' id='word_1_631' title='bbox 964 3511 1077 3588; x_wconf 85' lang='lat' dir='ltr'><strong>propriis</strong></span> <span class='ocrx_word' id='word_1_632' title='bbox 1127 3511 1269 3564; x_wconf 76' lang='lat' dir='ltr'><strong>renuetur:</strong></span> <span class='ocrx_word' id='word_1_633' title='bbox 1294 3525 1343 3564; x_wconf 85' lang='lat' dir='ltr'><strong>cur</strong></span> <span class='ocrx_word' id='word_1_634' title='bbox 1365 3511 1435 3564; x_wconf 90' lang='lat' dir='ltr'><strong>onim</strong></span> <span class='ocrx_word' id='word_1_635' title='bbox 1457 3509 1589 3580; x_wconf 85' lang='lat' dir='ltr'><strong>improbet</strong></span> <span class='ocrx_word' id='word_1_636' title='bbox 1611 3511 1722 3564; x_wconf 85' lang='lat' dir='ltr'><strong>maritus</strong></span> <span class='ocrx_word' id='word_1_637' title='bbox 1745 3525 1844 3574; x_wconf 90' lang='lat' dir='ltr'><strong>mores,</strong></span> <span class='ocrx_word' id='word_1_638' title='bbox 1870 3525 1938 3580; x_wconf 90' lang='lat' dir='ltr'><strong>quos</strong></span> 
     </span>
     <span class='ocr_line' id='line_1_46' title="bbox 270 3575 1938 3646; baseline 0.001 -16"><span class='ocrx_word' id='word_1_639' title='bbox 270 3575 420 3646; x_wconf 89' lang='lat' dir='ltr'><strong>sumptibus</strong></span> <span class='ocrx_word' id='word_1_640' title='bbox 437 3593 546 3630; x_wconf 87' lang='lat' dir='ltr'><strong>uxorem</strong></span> <span class='ocrx_word' id='word_1_641' title='bbox 564 3593 638 3632; x_wconf 89' lang='lat' dir='ltr'><strong>suam</strong></span> <span class='ocrx_word' id='word_1_642' title='bbox 657 3577 789 3632; x_wconf 83' lang='lat' dir='ltr'><strong>exhibuit:</strong></span> <span class='ocrx_word' id='word_1_643' title='bbox 813 3577 931 3646; x_wconf 87' lang='lat' dir='ltr'><strong>alioquin</strong></span> <span class='ocrx_word' id='word_1_644' title='bbox 954 3593 978 3630; x_wconf 90' lang='grc' dir='ltr'><strong>ιι</strong></span> <span class='ocrx_word' id='word_1_645' title='bbox 994 3579 1077 3646; x_wconf 88' lang='lat' dir='ltr'><strong>patris</strong></span> <span class='ocrx_word' id='word_1_646' title='bbox 1126 3577 1185 3646; x_wconf 90' lang='lat' dir='ltr'><strong>ipse</strong></span> <span class='ocrx_word' id='word_1_647' title='bbox 1202 3583 1250 3630; x_wconf 92' lang='lat' dir='ltr'><strong>aut</strong></span> <span class='ocrx_word' id='word_1_648' title='bbox 1267 3585 1329 3632; x_wconf 92' lang='lat' dir='ltr'><strong>ante</strong></span> <span class='ocrx_word' id='word_1_649' title='bbox 1347 3577 1465 3646; x_wconf 90' lang='lat' dir='ltr'><strong>corrupit</strong></span> <span class='ocrx_word' id='word_1_650' title='bbox 1481 3583 1529 3632; x_wconf 88' lang='lat' dir='ltr'><strong>aut</strong></span> <span class='ocrx_word' id='word_1_651' title='bbox 1546 3583 1638 3646; x_wconf 88' lang='lat' dir='ltr'><strong>postea</strong></span> <span class='ocrx_word' id='word_1_652' title='bbox 1655 3579 1797 3646; x_wconf 81' lang='lat' dir='ltr'><strong>probarit?</strong></span> <span class='ocrx_word' id='word_1_653' title='bbox 1814 3579 1838 3634; x_wconf 90' lang='lat' dir='ltr'><strong>si</strong></span> <span class='ocrx_word' id='word_1_654' title='bbox 1847 3585 1938 3632; x_wconf 87' lang='lat' dir='ltr'><strong>tamen</strong></span> 
     </span>
     <span class='ocr_line' id='line_1_47' title="bbox 272 3643 1937 3716; baseline 0.002 -20"><span class='ocrx_word' id='word_1_655' title='bbox 272 3643 420 3712; x_wconf 88' lang='lat' dir='ltr'><strong>sumptibus</strong></span> <span class='ocrx_word' id='word_1_656' title='bbox 446 3645 563 3698; x_wconf 88' lang='lat' dir='ltr'><strong>exhibita</strong></span> <span class='ocrx_word' id='word_1_657' title='bbox 587 3645 636 3710; x_wconf 91' lang='lat' dir='ltr'><strong>sit,</strong></span> <span class='ocrx_word' id='word_1_658' title='bbox 662 3645 750 3698; x_wconf 89' lang='lat' dir='ltr'><strong>inanis</strong></span> <span class='ocrx_word' id='word_1_659' title='bbox 776 3661 917 3698; x_wconf 81' lang='lat' dir='ltr'><strong>nemorum</strong></span> <span class='ocrx_word' id='word_1_660' title='bbox 941 3645 1077 3712; x_wconf 89' lang='lat' dir='ltr'><strong>stipulatio</strong></span> <span class='ocrx_word' id='word_1_661' title='bbox 1129 3661 1161 3698; x_wconf 85' lang='lat' dir='ltr'><strong>ex</strong></span> <span class='ocrx_word' id='word_1_662' title='bbox 1184 3649 1272 3700; x_wconf 90' lang='lat' dir='ltr'><strong>mente</strong></span> <span class='ocrx_word' id='word_1_663' title='bbox 1293 3647 1358 3714; x_wconf 80' lang='lat' dir='ltr'><strong>legis</strong></span> <span class='ocrx_word' id='word_1_664' title='bbox 1380 3649 1466 3700; x_wconf 89' lang='lat' dir='ltr'><strong>sumet</strong></span> <span class='ocrx_word' id='word_1_665' title='bbox 1488 3645 1561 3714; x_wconf 89' lang='lat' dir='ltr'><strong>quis,</strong></span> <span class='ocrx_word' id='word_1_666' title='bbox 1584 3651 1615 3698; x_wconf 92' lang='grc' dir='ltr'><strong>ιιι</strong></span> <span class='ocrx_word' id='word_1_667' title='bbox 1631 3661 1681 3700; x_wconf 87' lang='grc' dir='ltr'><strong>ιιι</strong></span> <span class='ocrx_word' id='word_1_668' title='bbox 1699 3661 1826 3700; x_wconf 77' lang='lat' dir='ltr'><strong>noemma</strong></span> <span class='ocrx_word' id='word_1_669' title='bbox 1843 3647 1937 3716; x_wconf 87' lang='lat' dir='ltr'><strong>possit,</strong></span> 
     </span>
     <span class='ocr_line' id='line_1_48' title="bbox 271 3711 1854 3780; baseline 0.003 -18"><span class='ocrx_word' id='word_1_670' title='bbox 271 3715 285 3762; x_wconf 87' lang='grc'>3</span> <span class='ocrx_word' id='word_1_671' title='bbox 329 3711 537 3778; x_wconf 89' lang='lat' dir='ltr'><strong>compensationi</strong></span> <span class='ocrx_word' id='word_1_672' title='bbox 562 3727 615 3766; x_wconf 89' lang='lat' dir='ltr'><strong>non</strong></span> <span class='ocrx_word' id='word_1_673' title='bbox 642 3711 771 3780; x_wconf 89' lang='lat' dir='ltr'><strong>proderit.</strong></span> <span class='ocrx_word' id='word_1_674' title='bbox 818 3711 862 3764; x_wconf 91' lang='lat' dir='ltr'><strong>Ad</strong></span> <span class='ocrx_word' id='word_1_675' title='bbox 886 3711 971 3764; x_wconf 82' lang='grc' dir='ltr'>ιιιιιιι</span> <span class='ocrx_word' id='word_1_676' title='bbox 995 3727 1078 3766; x_wconf 86' lang='lat' dir='ltr'><strong>uxore</strong></span> <span class='ocrx_word' id='word_1_677' title='bbox 1129 3711 1173 3780; x_wconf 92' lang='lat' dir='ltr'><strong>qui</strong></span> <span class='ocrx_word' id='word_1_678' title='bbox 1190 3711 1350 3768; x_wconf 89' lang='lat' dir='ltr'><strong>lenocinium</strong></span> <span class='ocrx_word' id='word_1_679' title='bbox 1367 3713 1444 3766; x_wconf 86' lang='lat' dir='ltr'><strong>uxori</strong></span> <span class='ocrx_word' id='word_1_680' title='bbox 1460 3713 1620 3780; x_wconf 84' lang='lat' dir='ltr'><strong>praebuerit,</strong></span> <span class='ocrx_word' id='word_1_681' title='bbox 1638 3713 1786 3768; x_wconf 86' lang='lat' dir='ltr'><strong>audiendus</strong></span> <span class='ocrx_word' id='word_1_682' title='bbox 1803 3719 1854 3766; x_wconf 87' lang='lat' dir='ltr'><strong>est·</strong></span> 
     </span>
     <span class='ocr_line' id='line_1_49' title="bbox 269 3773 1938 3850; baseline 0.002 -20"><span class='ocrx_word' id='word_1_683' title='bbox 269 3781 332 3844; x_wconf 91' lang='lat' dir='ltr'><strong>post</strong></span> <span class='ocrx_word' id='word_1_684' title='bbox 348 3777 487 3832; x_wconf 88' lang='lat' dir='ltr'><strong>divortium</strong></span> <span class='ocrx_word' id='word_1_685' title='bbox 504 3793 609 3832; x_wconf 86' lang='lat' dir='ltr'><strong>reversa</strong></span> <span class='ocrx_word' id='word_1_686' title='bbox 626 3777 753 3832; x_wconf 90' lang='lat' dir='ltr'><strong>iudicium</strong></span> <span class='ocrx_word' id='word_1_687' title='bbox 776 3781 916 3846; x_wconf 86' lang='lat' dir='ltr'><strong>acceptum</strong></span> <span class='ocrx_word' id='word_1_688' title='bbox 938 3793 972 3832; x_wconf 82' lang='lat' dir='ltr'><strong>ex</strong></span> <span class='ocrx_word' id='word_1_689' title='bbox 993 3779 1077 3846; x_wconf 87' lang='lat' dir='ltr'><strong>stipu-</strong></span> <span class='ocrx_word' id='word_1_690' title='bbox 1162 3773 1203 3834; x_wconf 88' lang='grc'><strong>48</strong></span> <span class='ocrx_word' id='word_1_691' title='bbox 1223 3777 1437 3832; x_wconf 76' lang='lat' dir='ltr'><strong>Cernrsrnnrrs</strong></span> <span class='ocrx_word' id='word_1_692' title='bbox 1456 3781 1523 3834; x_wconf 84' lang='lat' dir='ltr'><strong>libro</strong></span> <span class='ocrx_word' id='word_1_693' title='bbox 1547 3781 1664 3834; x_wconf 83' lang='lat' dir='ltr'><strong>secundo</strong></span> <span class='ocrx_word' id='word_1_694' title='bbox 1687 3781 1874 3850; x_wconf 87' lang='lat' dir='ltr'><strong>quaestionum</strong></span> <span class='ocrx_word' id='word_1_695' title='bbox 1909 3779 1938 3834; x_wconf 85' lang='lat' dir='ltr'><strong>Si</strong></span> 
     </span>
     <span class='ocr_line' id='line_1_50' title="bbox 270 3843 1937 3916; baseline 0.001 -18"><span class='ocrx_word' id='word_1_696' title='bbox 270 3843 377 3910; x_wconf 89' lang='lat' dir='ltr'><strong>latione,</strong></span> <span class='ocrx_word' id='word_1_697' title='bbox 395 3859 474 3914; x_wconf 87' lang='lat' dir='ltr'><strong>quam</strong></span> <span class='ocrx_word' id='word_1_698' title='bbox 492 3849 632 3898; x_wconf 79' lang='lat' dir='ltr'><strong>extraneus</strong></span> <span class='ocrx_word' id='word_1_699' title='bbox 649 3845 695 3914; x_wconf 92' lang='lat' dir='ltr'><strong>qui</strong></span> <span class='ocrx_word' id='word_1_700' title='bbox 712 3845 802 3898; x_wconf 87' lang='lat' dir='ltr'><strong>dotem</strong></span> <span class='ocrx_word' id='word_1_701' title='bbox 819 3845 919 3898; x_wconf 88' lang='lat' dir='ltr'><strong>dederit</strong></span> <span class='ocrx_word' id='word_1_702' title='bbox 935 3845 1077 3914; x_wconf 89' lang='lat' dir='ltr'><strong>stipulatus</strong></span> <span class='ocrx_word' id='word_1_703' title='bbox 1129 3845 1212 3900; x_wconf 90' lang='lat' dir='ltr'><strong>dotali</strong></span> <span class='ocrx_word' id='word_1_704' title='bbox 1237 3847 1413 3902; x_wconf 90' lang='lat' dir='ltr'><strong>instrumento</strong></span> <span class='ocrx_word' id='word_1_705' title='bbox 1439 3847 1478 3900; x_wconf 89' lang='lat' dir='ltr'><strong>ita</strong></span> <span class='ocrx_word' id='word_1_706' title='bbox 1502 3847 1637 3916; x_wconf 89' lang='lat' dir='ltr'><strong>stipulatio</strong></span> <span class='ocrx_word' id='word_1_707' title='bbox 1660 3847 1818 3916; x_wconf 88' lang='lat' dir='ltr'><strong>interposita</strong></span> <span class='ocrx_word' id='word_1_708' title='bbox 1840 3847 1888 3912; x_wconf 89' lang='grc' dir='ltr'>ιιι,</span> <span class='ocrx_word' id='word_1_709' title='bbox 1906 3853 1937 3900; x_wconf 93' lang='lat' dir='ltr'><strong>ut</strong></span> 
     </span>
     <span class='ocr_line' id='line_1_51' title="bbox 270 3909 1936 3992; baseline 0.002 -28"><span class='ocrx_word' id='word_1_710' title='bbox 270 3909 366 3992; x_wconf 74' lang='lat' dir='ltr'><strong>inerit,</strong></span> <span class='ocrx_word' id='word_1_711' title='bbox 383 3929 437 3966; x_wconf 91' lang='lat' dir='ltr'><strong>non</strong></span> <span class='ocrx_word' id='word_1_712' title='bbox 461 3913 612 3966; x_wconf 88' lang='lat' dir='ltr'><strong>dissolvitur</strong></span> <span class='ocrx_word' id='word_1_713' title='bbox 635 3929 687 3968; x_wconf 90' lang='lat' dir='ltr'><strong>nec</strong></span> <span class='ocrx_word' id='word_1_714' title='bbox 712 3911 801 3968; x_wconf 86' lang='lat' dir='ltr'><strong>officio</strong></span> <span class='ocrx_word' id='word_1_715' title='bbox 826 3913 920 3966; x_wconf 86' lang='lat' dir='ltr'><strong>iudicis</strong></span> <span class='ocrx_word' id='word_1_716' title='bbox 945 3913 1077 3968; x_wconf 89' lang='lat' dir='ltr'><strong>absolutio</strong></span> <span class='ocrx_word' id='word_1_717' title='bbox 1128 3913 1389 3968; x_wconf 80' lang='lat' dir='ltr'><strong>liberorum-nomine</strong></span> <span class='ocrx_word' id='word_1_718' title='bbox 1400 3913 1449 3970; x_wconf 93' lang='lat' dir='ltr'><strong>dos</strong></span> <span class='ocrx_word' id='word_1_719' title='bbox 1457 3915 1528 3984; x_wconf 89' lang='lat' dir='ltr'><strong>apud</strong></span> <span class='ocrx_word' id='word_1_720' title='bbox 1538 3913 1662 3968; x_wconf 79' lang='lat' dir='ltr'><strong>madium</strong></span> <span class='ocrx_word' id='word_1_721' title='bbox 1675 3915 1797 3980; x_wconf 88' lang='lat' dir='ltr'><strong>resideat,</strong></span> <span class='ocrx_word' id='word_1_722' title='bbox 1809 3919 1936 3982; x_wconf 88' lang='lat' dir='ltr'><strong>nepotum</strong></span> 
     </span>
     <span class='ocr_line' id='line_1_52' title="bbox 272 3983 1604 4052; baseline 0.002 -18"><span class='ocrx_word' id='word_1_723' title='bbox 272 3985 429 4036; x_wconf 80' lang='lat' dir='ltr'><strong>continetur.</strong></span> <span class='ocrx_word' id='word_1_724' title='bbox 1046 3995 1047 3998; x_wconf 69' lang='grc'>’</span> <span class='ocrx_word' id='word_1_725' title='bbox 1128 3997 1234 4052; x_wconf 90' lang='lat' dir='ltr'><strong>quoque</strong></span> <span class='ocrx_word' id='word_1_726' title='bbox 1251 3983 1357 4036; x_wconf 87' lang='lat' dir='ltr'><strong>nomine</strong></span> <span class='ocrx_word' id='word_1_727' title='bbox 1375 3983 1422 4038; x_wconf 90' lang='lat' dir='ltr'><strong>dos</strong></span> <span class='ocrx_word' id='word_1_728' title='bbox 1439 3983 1604 4038; x_wconf 89' lang='lat' dir='ltr'><strong>retinebitur.</strong></span> 
     </span>
    </p>

    <p class='ocr_par' dir='ltr' id='par_1_8' title="bbox 270 4045 1935 4322">
     <span class='ocr_line' id='line_1_53' title="bbox 305 4045 1935 4122; baseline 0 -20"><span class='ocrx_word' id='word_1_729' title='bbox 305 4045 345 4106; x_wconf 86' lang='lat'><strong>43</strong></span> <span class='ocrx_word' id='word_1_730' title='bbox 364 4047 515 4102; x_wconf 70' lang='lat' dir='ltr'><strong>Scaevoia</strong></span> <span class='ocrx_word' id='word_1_731' title='bbox 533 4049 600 4102; x_wconf 77' lang='lat' dir='ltr'><strong>lehre</strong></span> <span class='ocrx_word' id='word_1_732' title='bbox 617 4047 735 4102; x_wconf 85' lang='lat' dir='ltr'><strong>secundo</strong></span> <span class='ocrx_word' id='word_1_733' title='bbox 749 4049 935 4120; x_wconf 82' lang='lat' dir='ltr'><strong>quaestionum</strong></span> <span class='ocrx_word' id='word_1_734' title='bbox 962 4045 990 4102; x_wconf 84' lang='lat' dir='ltr'><strong>Si</strong></span> <span class='ocrx_word' id='word_1_735' title='bbox 997 4049 1076 4102; x_wconf 90' lang='lat' dir='ltr'><strong>mari·</strong></span> <span class='ocrx_word' id='word_1_736' title='bbox 1162 4047 1202 4108; x_wconf 81' lang='lat'><strong>49</strong></span> <span class='ocrx_word' id='word_1_737' title='bbox 1212 4051 1233 4082; x_wconf 78' lang='lat'><strong>¹²</strong></span> <span class='ocrx_word' id='word_1_738' title='bbox 1250 4049 1369 4104; x_wconf 77' lang='lat' dir='ltr'><strong>Paucos</strong></span> <span class='ocrx_word' id='word_1_739' title='bbox 1385 4051 1452 4104; x_wconf 82' lang='lat' dir='ltr'><strong>libro</strong></span> <span class='ocrx_word' id='word_1_740' title='bbox 1468 4051 1581 4122; x_wconf 84' lang='lat' dir='ltr'><strong>septimo</strong></span> <span class='ocrx_word' id='word_1_741' title='bbox 1598 4065 1790 4120; x_wconf 83' lang='lat' dir='ltr'><strong>responsorum</strong></span> <span class='ocrx_word' id='word_1_742' title='bbox 1830 4049 1935 4104; x_wconf 81' lang='lat' dir='ltr'><strong>Maeuia</strong></span> 
     </span>
     <span class='ocr_line' id='line_1_54' title="bbox 270 4115 1935 4184; baseline 0.001 -14"><span class='ocrx_word' id='word_1_743' title='bbox 270 4121 315 4170; x_wconf 91' lang='lat' dir='ltr'><strong>tus</strong></span> <span class='ocrx_word' id='word_1_744' title='bbox 331 4117 360 4170; x_wconf 92' lang='lat' dir='ltr'><strong>in</strong></span> <span class='ocrx_word' id='word_1_745' title='bbox 377 4117 404 4168; x_wconf 89' lang='lat' dir='ltr'><strong>id</strong></span> <span class='ocrx_word' id='word_1_746' title='bbox 421 4117 492 4184; x_wconf 88' lang='lat' dir='ltr'><strong>qnod</strong></span> <span class='ocrx_word' id='word_1_747' title='bbox 508 4117 596 4170; x_wconf 85' lang='lat' dir='ltr'><strong>facere</strong></span> <span class='ocrx_word' id='word_1_748' title='bbox 613 4119 702 4184; x_wconf 92' lang='lat' dir='ltr'><strong>potest</strong></span> <span class='ocrx_word' id='word_1_749' title='bbox 720 4117 910 4170; x_wconf 88' lang='lat' dir='ltr'><strong>condemnatus</strong></span> <span class='ocrx_word' id='word_1_750' title='bbox 933 4115 969 4168; x_wconf 89' lang='lat' dir='ltr'><strong>sit</strong></span> <span class='ocrx_word' id='word_1_751' title='bbox 985 4121 1012 4170; x_wconf 90' lang='grc' dir='ltr'><strong>ιι</strong></span> <span class='ocrx_word' id='word_1_752' title='bbox 1028 4131 1076 4170; x_wconf 87' lang='lat' dir='ltr'><strong>no·</strong></span> <span class='ocrx_word' id='word_1_753' title='bbox 1128 4117 1222 4172; x_wconf 88' lang='lat' dir='ltr'><strong>marito</strong></span> <span class='ocrx_word' id='word_1_754' title='bbox 1241 4133 1289 4172; x_wconf 91' lang='lat' dir='ltr'><strong>sno</strong></span> <span class='ocrx_word' id='word_1_755' title='bbox 1307 4119 1377 4172; x_wconf 91' lang='lat' dir='ltr'><strong>inter</strong></span> <span class='ocrx_word' id='word_1_756' title='bbox 1394 4117 1461 4172; x_wconf 86' lang='lat' dir='ltr'><strong>elias</strong></span> <span class='ocrx_word' id='word_1_757' title='bbox 1477 4135 1520 4172; x_wconf 90' lang='lat' dir='ltr'><strong>res</strong></span> <span class='ocrx_word' id='word_1_758' title='bbox 1538 4117 1607 4174; x_wconf 88' lang='lat' dir='ltr'><strong>dotis</strong></span> <span class='ocrx_word' id='word_1_759' title='bbox 1631 4117 1710 4170; x_wconf 89' lang='lat' dir='ltr'><strong>etiam</strong></span> <span class='ocrx_word' id='word_1_760' title='bbox 1732 4117 1935 4172; x_wconf 89' lang='lat' dir='ltr'><strong>instrumentum</strong></span> 
     </span>
     <span class='ocr_line' id='line_1_55' title="bbox 270 4183 1934 4254; baseline 0.001 -16"><span class='ocrx_word' id='word_1_761' title='bbox 270 4183 342 4238; x_wconf 89' lang='lat' dir='ltr'><strong>mina</strong></span> <span class='ocrx_word' id='word_1_762' title='bbox 355 4183 408 4238; x_wconf 92' lang='lat' dir='ltr'><strong>siut</strong></span> <span class='ocrx_word' id='word_1_763' title='bbox 417 4183 452 4238; x_wconf 92' lang='lat' dir='ltr'><strong>ad</strong></span> <span class='ocrx_word' id='word_1_764' title='bbox 461 4183 529 4240; x_wconf 90' lang='lat' dir='ltr'><strong>dotis</strong></span> <span class='ocrx_word' id='word_1_765' title='bbox 539 4183 713 4252; x_wconf 86' lang='lat' dir='ltr'><strong>quantitatem</strong></span> <span class='ocrx_word' id='word_1_766' title='bbox 722 4199 808 4252; x_wconf 88' lang='lat' dir='ltr'><strong>neque</strong></span> <span class='ocrx_word' id='word_1_767' title='bbox 821 4183 942 4252; x_wconf 87' lang='lat' dir='ltr'><strong>amplius,</strong></span> <span class='ocrx_word' id='word_1_768' title='bbox 952 4187 1077 4238; x_wconf 70' lang='grc' dir='ltr'><strong>ιιιιιιιι</strong></span> <span class='ocrx_word' id='word_1_769' title='bbox 1127 4185 1270 4240; x_wconf 78' lang='lat' dir='ltr'><strong>solidorum</strong></span> <span class='ocrx_word' id='word_1_770' title='bbox 1289 4185 1410 4240; x_wconf 87' lang='lat' dir='ltr'><strong>decem¹³</strong></span> <span class='ocrx_word' id='word_1_771' title='bbox 1427 4185 1542 4246; x_wconf 88' lang='lat' dir='ltr'><strong>tradidit,</strong></span> <span class='ocrx_word' id='word_1_772' title='bbox 1561 4201 1613 4254; x_wconf 89' lang='lat' dir='ltr'><strong>quo</strong></span> <span class='ocrx_word' id='word_1_773' title='bbox 1623 4183 1750 4240; x_wconf 90' lang='lat' dir='ltr'><strong>Otacilius</strong></span> <span class='ocrx_word' id='word_1_774' title='bbox 1768 4185 1851 4240; x_wconf 90' lang='lat' dir='ltr'><strong>eidem</strong></span> <span class='ocrx_word' id='word_1_775' title='bbox 1859 4187 1934 4240; x_wconf 83' lang='lat' dir='ltr'><strong>Mae·</strong></span> 
     </span>
     <span class='ocr_line' id='line_1_56' title="bbox 270 4251 1934 4322; baseline 0 -16"><span class='ocrx_word' id='word_1_776' title='bbox 270 4251 380 4306; x_wconf 90' lang='lat' dir='ltr'><strong>habebit</strong></span> <span class='ocrx_word' id='word_1_777' title='bbox 396 4251 522 4306; x_wconf 88' lang='lat' dir='ltr'><strong>mandare</strong></span> <span class='ocrx_word' id='word_1_778' title='bbox 540 4253 667 4306; x_wconf 72' lang='lat' dir='ltr'><strong>aciones.</strong></span> <span class='ocrx_word' id='word_1_779' title='bbox 1127 4255 1185 4308; x_wconf 85' lang='lat' dir='ltr'><strong>viae</strong></span> <span class='ocrx_word' id='word_1_780' title='bbox 1203 4261 1310 4308; x_wconf 85' lang='lat' dir='ltr'><strong>caverat</strong></span> <span class='ocrx_word' id='word_1_781' title='bbox 1327 4255 1451 4306; x_wconf 83' lang='lat' dir='ltr'><strong>datmum</strong></span> <span class='ocrx_word' id='word_1_782' title='bbox 1467 4267 1505 4318; x_wconf 88' lang='lat' dir='ltr'><strong>se,</strong></span> <span class='ocrx_word' id='word_1_783' title='bbox 1523 4269 1584 4306; x_wconf 90' lang='lat' dir='ltr'><strong>cnm</strong></span> <span class='ocrx_word' id='word_1_784' title='bbox 1600 4257 1713 4322; x_wconf 88' lang='lat' dir='ltr'><strong>nuptum</strong></span> <span class='ocrx_word' id='word_1_785' title='bbox 1736 4255 1773 4306; x_wconf 85' lang='lat' dir='ltr'><strong>ire</strong></span> <span class='ocrx_word' id='word_1_786' title='bbox 1796 4255 1934 4322; x_wconf 89' lang='lat' dir='ltr'><strong>coepisset,</strong></span> 
     </span>
    </p>

    <p class='ocr_par' dir='ltr' id='par_1_9' title="bbox 271 4317 1934 4456">
     <span class='ocr_line' id='line_1_57' title="bbox 305 4317 1934 4390; baseline -0.001 -12"><span class='ocrx_word' id='word_1_787' title='bbox 305 4317 346 4378; x_wconf 87' lang='grc'><strong>44</strong></span> <span class='ocrx_word' id='word_1_788' title='bbox 363 4319 481 4374; x_wconf 76' lang='lat' dir='ltr'><strong>Pronus</strong></span> <span class='ocrx_word' id='word_1_789' title='bbox 500 4321 568 4376; x_wconf 82' lang='lat' dir='ltr'><strong>libro</strong></span> <span class='ocrx_word' id='word_1_790' title='bbox 586 4321 680 4390; x_wconf 83' lang='lat' dir='ltr'><strong>quinto</strong></span> <span class='ocrx_word' id='word_1_791' title='bbox 698 4321 882 4390; x_wconf 80' lang='lat' dir='ltr'><strong>quaestionum</strong></span> <span class='ocrx_word' id='word_1_792' title='bbox 917 4319 945 4374; x_wconf 86' lang='lat' dir='ltr'><strong>Si</strong></span> <span class='ocrx_word' id='word_1_793' title='bbox 967 4333 1077 4374; x_wconf 87' lang='lat' dir='ltr'><strong>socera</strong></span> <span class='ocrx_word' id='word_1_794' title='bbox 1128 4321 1218 4376; x_wconf 90' lang='lat' dir='ltr'><strong>decem</strong></span> <span class='ocrx_word' id='word_1_795' title='bbox 1235 4321 1350 4374; x_wconf 76' lang='lat' dir='ltr'><strong>milia¹⁴c</strong></span> <span class='ocrx_word' id='word_1_796' title='bbox 1367 4337 1403 4374; x_wconf 89' lang='lat' dir='ltr'><strong>ex</strong></span> <span class='ocrx_word' id='word_1_797' title='bbox 1421 4337 1452 4376; x_wconf 92' lang='lat' dir='ltr'><strong>eo</strong></span> <span class='ocrx_word' id='word_1_798' title='bbox 1469 4321 1644 4376; x_wconf 88' lang='lat' dir='ltr'><strong>instrumento</strong></span> <span class='ocrx_word' id='word_1_799' title='bbox 1662 4321 1773 4376; x_wconf 88' lang='lat' dir='ltr'><strong>maritus</strong></span> <span class='ocrx_word' id='word_1_800' title='bbox 1790 4321 1856 4376; x_wconf 90' lang='lat' dir='ltr'><strong>nihil</strong></span> <span class='ocrx_word' id='word_1_801' title='bbox 1874 4337 1934 4376; x_wconf 89' lang='lat' dir='ltr'><strong>exe-</strong></span> 
     </span>
     <span class='ocr_line' id='line_1_58' title="bbox 271 4387 1077 4456; baseline 0 -14"><span class='ocrx_word' id='word_1_802' title='bbox 271 4403 368 4456; x_wconf 86' lang='lat' dir='ltr'><strong>genero</strong></span> <span class='ocrx_word' id='word_1_803' title='bbox 382 4387 457 4442; x_wconf 90' lang='lat' dir='ltr'><strong>heres</strong></span> <span class='ocrx_word' id='word_1_804' title='bbox 471 4389 608 4444; x_wconf 89' lang='lat' dir='ltr'><strong>institutus</strong></span> <span class='ocrx_word' id='word_1_805' title='bbox 617 4387 712 4442; x_wconf 90' lang='lat' dir='ltr'><strong>adierit</strong></span> <span class='ocrx_word' id='word_1_806' title='bbox 726 4387 908 4454; x_wconf 86' lang='lat' dir='ltr'><strong>hereditatem,</strong></span> <span class='ocrx_word' id='word_1_807' title='bbox 918 4387 1077 4456; x_wconf 87' lang='lat' dir='ltr'><strong>quandoque</strong></span> 
     </span>
    </p>
   </div>
   <div class='ocr_carea' id='block_1_3' title="bbox 272 4453 1078 5404">
    <p class='ocr_par' dir='ltr' id='par_1_10' title="bbox 272 4453 1078 5404">
     <span class='ocr_line' id='line_1_59' title="bbox 272 4453 1078 4524; baseline 0 -14"><span class='ocrx_word' id='word_1_808' title='bbox 272 4461 376 4510; x_wconf 76' lang='lat' dir='ltr'><strong>mortam</strong></span> <span class='ocrx_word' id='word_1_809' title='bbox 393 4461 469 4524; x_wconf 90' lang='lat' dir='ltr'><strong>patre</strong></span> <span class='ocrx_word' id='word_1_810' title='bbox 485 4473 546 4510; x_wconf 90' lang='lat' dir='ltr'><strong>cum</strong></span> <span class='ocrx_word' id='word_1_811' title='bbox 559 4455 655 4510; x_wconf 83' lang='lat' dir='ltr'><strong>herode</strong></span> <span class='ocrx_word' id='word_1_812' title='bbox 668 4455 725 4510; x_wconf 91' lang='lat' dir='ltr'><strong>eius</strong></span> <span class='ocrx_word' id='word_1_813' title='bbox 739 4453 820 4510; x_wconf 90' lang='lat' dir='ltr'><strong>tiliam</strong></span> <span class='ocrx_word' id='word_1_814' title='bbox 834 4455 867 4510; x_wconf 91' lang='lat' dir='ltr'><strong>de</strong></span> <span class='ocrx_word' id='word_1_815' title='bbox 881 4455 943 4514; x_wconf 87' lang='lat' dir='ltr'><strong>dote</strong></span> <span class='ocrx_word' id='word_1_816' title='bbox 959 4459 1078 4510; x_wconf 73' lang='lat' dir='ltr'><strong>amoram</strong></span> 
     </span>
     <span class='ocr_line' id='line_1_60' title="bbox 272 4523 1077 4602; baseline -0.002 -24"><span class='ocrx_word' id='word_1_817' title='bbox 272 4525 358 4578; x_wconf 88' lang='lat' dir='ltr'><strong>Nerva</strong></span> <span class='ocrx_word' id='word_1_818' title='bbox 384 4531 411 4576; x_wconf 90' lang='grc' dir='ltr'><strong>ιι</strong></span> <span class='ocrx_word' id='word_1_819' title='bbox 434 4523 498 4578; x_wconf 86' lang='lat' dir='ltr'><strong>Cato</strong></span> <span class='ocrx_word' id='word_1_820' title='bbox 524 4523 732 4592; x_wconf 89' lang='lat' dir='ltr'><strong>responderunt,</strong></span> <span class='ocrx_word' id='word_1_821' title='bbox 758 4527 790 4576; x_wconf 90' lang='lat' dir='ltr'><strong>ut</strong></span> <span class='ocrx_word' id='word_1_822' title='bbox 815 4527 855 4576; x_wconf 89' lang='lat' dir='ltr'><strong>est</strong></span> <span class='ocrx_word' id='word_1_823' title='bbox 876 4523 988 4578; x_wconf 87' lang='lat' dir='ltr'><strong>relatum</strong></span> <span class='ocrx_word' id='word_1_824' title='bbox 1004 4523 1077 4602; x_wconf 86' lang='lat' dir='ltr'><strong>apud</strong></span> 
     </span>
     <span class='ocr_line' id='line_1_61' title="bbox 272 4591 1076 4660; baseline -0.004 -14"><span class='ocrx_word' id='word_1_825' title='bbox 272 4591 380 4646; x_wconf 84' lang='lat' dir='ltr'><strong>Sextum</strong></span> <span class='ocrx_word' id='word_1_826' title='bbox 404 4591 578 4660; x_wconf 88' lang='lat' dir='ltr'><strong>Pomponium</strong></span> <span class='ocrx_word' id='word_1_827' title='bbox 605 4591 765 4660; x_wconf 82' lang='lat' dir='ltr'><strong>digestorum</strong></span> <span class='ocrx_word' id='word_1_828' title='bbox 796 4591 829 4644; x_wconf 92' lang='lat' dir='ltr'><strong>ab</strong></span> <span class='ocrx_word' id='word_1_829' title='bbox 856 4591 981 4644; x_wconf 86' lang='lat' dir='ltr'><strong>Aristone</strong></span> <span class='ocrx_word' id='word_1_830' title='bbox 1009 4591 1076 4644; x_wconf 91' lang='lat' dir='ltr'><strong>hbro</strong></span> 
     </span>
     <span class='ocr_line' id='line_1_62' title="bbox 273 4657 1077 4728; baseline -0.005 -14"><span class='ocrx_word' id='word_1_831' title='bbox 273 4659 378 4728; x_wconf 85' lang='lat' dir='ltr'><strong>quinto:</strong></span> <span class='ocrx_word' id='word_1_832' title='bbox 401 4659 499 4712; x_wconf 90' lang='lat' dir='ltr'><strong>ibidem</strong></span> <span class='ocrx_word' id='word_1_833' title='bbox 520 4661 639 4714; x_wconf 85' lang='lat' dir='ltr'><strong>Aristoni</strong></span> <span class='ocrx_word' id='word_1_834' title='bbox 663 4657 804 4714; x_wconf 89' lang='lat' dir='ltr'><strong>consensit.</strong></span> <span class='ocrx_word' id='word_1_835' title='bbox 827 4673 888 4726; x_wconf 88' lang='lat' dir='ltr'><strong>ergo</strong></span> <span class='ocrx_word' id='word_1_836' title='bbox 913 4657 1025 4712; x_wconf 91' lang='lat' dir='ltr'><strong>dicerem</strong></span> <span class='ocrx_word' id='word_1_837' title='bbox 1051 4663 1077 4712; x_wconf 88' lang='grc' dir='ltr'><strong>ιι</strong></span> 
     </span>
     <span class='ocr_line' id='line_1_63' title="bbox 272 4725 1077 4796; baseline -0.002 -16"><span class='ocrx_word' id='word_1_838' title='bbox 272 4729 295 4780; x_wconf 89' lang='grc' dir='ltr'><strong>ιι</strong></span> <span class='ocrx_word' id='word_1_839' title='bbox 313 4727 505 4794; x_wconf 90' lang='lat' dir='ltr'><strong>emancipasset</strong></span> <span class='ocrx_word' id='word_1_840' title='bbox 521 4733 597 4796; x_wconf 87' lang='lat' dir='ltr'><strong>pater</strong></span> <span class='ocrx_word' id='word_1_841' title='bbox 613 4727 703 4790; x_wconf 84' lang='lat' dir='ltr'><strong>fiham,</strong></span> <span class='ocrx_word' id='word_1_842' title='bbox 720 4727 807 4796; x_wconf 90' lang='lat' dir='ltr'><strong>ipsum</strong></span> <span class='ocrx_word' id='word_1_843' title='bbox 822 4741 927 4794; x_wconf 89' lang='lat' dir='ltr'><strong>quoqne</strong></span> <span class='ocrx_word' id='word_1_844' title='bbox 944 4725 1077 4780; x_wconf 85' lang='lat' dir='ltr'><strong>conveniri</strong></span> 
     </span>
     <span class='ocr_line' id='line_1_64' title="bbox 274 4793 1077 4874; baseline -0.002 -26"><span class='ocrx_word' id='word_1_845' title='bbox 274 4801 285 4848; x_wconf 89' lang='lat'>1</span> <span class='ocrx_word' id='word_1_846' title='bbox 320 4809 408 4874; x_wconf 84' lang='lat' dir='ltr'><strong>posse.</strong></span> <span class='ocrx_word' id='word_1_847' title='bbox 443 4795 543 4848; x_wconf 87' lang='lat' dir='ltr'><strong>Lucius</strong></span> <span class='ocrx_word' id='word_1_848' title='bbox 562 4795 646 4848; x_wconf 88' lang='lat' dir='ltr'><strong>Titius</strong></span> <span class='ocrx_word' id='word_1_849' title='bbox 664 4795 735 4848; x_wconf 88' lang='lat' dir='ltr'><strong>filiae</strong></span> <span class='ocrx_word' id='word_1_850' title='bbox 756 4807 822 4846; x_wconf 90' lang='lat' dir='ltr'><strong>suae</strong></span> <span class='ocrx_word' id='word_1_851' title='bbox 843 4793 948 4846; x_wconf 87' lang='lat' dir='ltr'><strong>nomine</strong></span> <span class='ocrx_word' id='word_1_852' title='bbox 971 4799 1077 4846; x_wconf 90' lang='lat' dir='ltr'><strong>centum</strong></span> 
     </span>
     <span class='ocr_line' id='line_1_65' title="bbox 273 4861 1076 4930; baseline -0.002 -14"><span class='ocrx_word' id='word_1_853' title='bbox 273 4863 328 4918; x_wconf 89' lang='lat' dir='ltr'><strong>dotr</strong></span> <span class='ocrx_word' id='word_1_854' title='bbox 344 4861 465 4930; x_wconf 89' lang='lat' dir='ltr'><strong>promisit</strong></span> <span class='ocrx_word' id='word_1_855' title='bbox 482 4861 548 4916; x_wconf 83' lang='lat' dir='ltr'><strong>Gaio</strong></span> <span class='ocrx_word' id='word_1_856' title='bbox 567 4863 638 4918; x_wconf 71' lang='lat' dir='ltr'><strong>Seios</strong></span> <span class='ocrx_word' id='word_1_857' title='bbox 657 4863 743 4916; x_wconf 64' lang='grc' dir='ltr'><strong>Ιιιιιιι</strong></span> <span class='ocrx_word' id='word_1_858' title='bbox 759 4861 856 4916; x_wconf 81' lang='lat' dir='ltr'><strong>Gaium</strong></span> <span class='ocrx_word' id='word_1_859' title='bbox 873 4861 961 4914; x_wconf 86' lang='lat' dir='ltr'><strong>Seium</strong></span> <span class='ocrx_word' id='word_1_860' title='bbox 979 4867 1005 4916; x_wconf 92' lang='grc' dir='ltr'><strong>ιι</strong></span> <span class='ocrx_word' id='word_1_861' title='bbox 1021 4861 1076 4914; x_wconf 87' lang='lat' dir='ltr'><strong>Lu-</strong></span> 
     </span>
     <span class='ocr_line' id='line_1_66' title="bbox 273 4927 1075 4996; baseline -0.002 -12"><span class='ocrx_word' id='word_1_862' title='bbox 273 4933 342 4984; x_wconf 91' lang='lat' dir='ltr'><strong>cium</strong></span> <span class='ocrx_word' id='word_1_863' title='bbox 359 4929 457 4984; x_wconf 89' lang='lat' dir='ltr'><strong>Titium</strong></span> <span class='ocrx_word' id='word_1_864' title='bbox 473 4937 575 4996; x_wconf 88' lang='lat' dir='ltr'><strong>patrem</strong></span> <span class='ocrx_word' id='word_1_865' title='bbox 591 4931 708 4984; x_wconf 89' lang='lat' dir='ltr'><strong>mulieris</strong></span> <span class='ocrx_word' id='word_1_866' title='bbox 725 4927 855 4994; x_wconf 85' lang='lat' dir='ltr'><strong>convenit,</strong></span> <span class='ocrx_word' id='word_1_867' title='bbox 869 4945 904 4982; x_wconf 90' lang='lat' dir='ltr'><strong>ne</strong></span> <span class='ocrx_word' id='word_1_868' title='bbox 921 4929 969 4984; x_wconf 85' lang='lat' dir='ltr'><strong>dos</strong></span> <span class='ocrx_word' id='word_1_869' title='bbox 986 4945 1003 4982; x_wconf 88' lang='lat' dir='ltr'><strong>a</strong></span> <span class='ocrx_word' id='word_1_870' title='bbox 1019 4927 1075 4982; x_wconf 88' lang='lat' dir='ltr'><strong>viro</strong></span> 
     </span>
     <span class='ocr_line' id='line_1_67' title="bbox 272 4995 1074 5066; baseline -0.002 -14"><span class='ocrx_word' id='word_1_871' title='bbox 272 4999 330 5052; x_wconf 91' lang='lat' dir='ltr'><strong>vivo</strong></span> <span class='ocrx_word' id='word_1_872' title='bbox 354 4997 438 5052; x_wconf 88' lang='lat' dir='ltr'><strong>Lucio</strong></span> <span class='ocrx_word' id='word_1_873' title='bbox 464 4999 534 5052; x_wconf 85' lang='lat' dir='ltr'><strong>Titio</strong></span> <span class='ocrx_word' id='word_1_874' title='bbox 560 4999 586 5050; x_wconf 84' lang='lat' dir='ltr'><strong>ivl</strong></span> <span class='ocrx_word' id='word_1_875' title='bbox 612 5005 652 5052; x_wconf 89' lang='grc' dir='ltr'><strong>ιιι</strong></span> <span class='ocrx_word' id='word_1_876' title='bbox 678 5001 755 5066; x_wconf 86' lang='lat' dir='ltr'><strong>patra</strong></span> <span class='ocrx_word' id='word_1_877' title='bbox 779 4995 904 5060; x_wconf 83' lang='lat' dir='ltr'><strong>mulieris,</strong></span> <span class='ocrx_word' id='word_1_878' title='bbox 927 5001 1074 5066; x_wconf 83' lang='lat' dir='ltr'><strong>peteretur:</strong></span> 
     </span>
     <span class='ocr_line' id='line_1_68' title="bbox 273 5065 1076 5134; baseline -0.002 -14"><span class='ocrx_word' id='word_1_879' title='bbox 273 5071 365 5134; x_wconf 89' lang='lat' dir='ltr'><strong>postea</strong></span> <span class='ocrx_word' id='word_1_880' title='bbox 382 5065 460 5134; x_wconf 88' lang='lat' dir='ltr'><strong>culpa</strong></span> <span class='ocrx_word' id='word_1_881' title='bbox 476 5065 563 5118; x_wconf 89' lang='lat' dir='ltr'><strong>mariti</strong></span> <span class='ocrx_word' id='word_1_882' title='bbox 580 5065 691 5122; x_wconf 89' lang='lat' dir='ltr'><strong>divortio</strong></span> <span class='ocrx_word' id='word_1_883' title='bbox 708 5065 780 5120; x_wconf 88' lang='lat' dir='ltr'><strong>facto</strong></span> <span class='ocrx_word' id='word_1_884' title='bbox 798 5065 913 5118; x_wconf 90' lang='lat' dir='ltr'><strong>solutum</strong></span> <span class='ocrx_word' id='word_1_885' title='bbox 930 5069 972 5118; x_wconf 90' lang='lat' dir='ltr'><strong>est</strong></span> <span class='ocrx_word' id='word_1_886' title='bbox 983 5065 1076 5118; x_wconf 85' lang='lat' dir='ltr'><strong>matri·</strong></span> 
     </span>
     <span class='ocr_line' id='line_1_69' title="bbox 274 5131 1075 5202; baseline -0.002 -14"><span class='ocrx_word' id='word_1_887' title='bbox 274 5133 387 5188; x_wconf 89' lang='lat' dir='ltr'><strong>monium</strong></span> <span class='ocrx_word' id='word_1_888' title='bbox 405 5139 431 5186; x_wconf 90' lang='lat' dir='ltr'><strong>et</strong></span> <span class='ocrx_word' id='word_1_889' title='bbox 447 5139 523 5202; x_wconf 88' lang='lat' dir='ltr'><strong>pater</strong></span> <span class='ocrx_word' id='word_1_890' title='bbox 540 5133 654 5188; x_wconf 90' lang='lat' dir='ltr'><strong>mulieris</strong></span> <span class='ocrx_word' id='word_1_891' title='bbox 673 5131 802 5188; x_wconf 90' lang='lat' dir='ltr'><strong>decedens</strong></span> <span class='ocrx_word' id='word_1_892' title='bbox 825 5131 891 5186; x_wconf 89' lang='lat' dir='ltr'><strong>alios</strong></span> <span class='ocrx_word' id='word_1_893' title='bbox 908 5131 1017 5188; x_wconf 88' lang='lat' dir='ltr'><strong>heredes</strong></span> <span class='ocrx_word' id='word_1_894' title='bbox 1034 5133 1075 5186; x_wconf 91' lang='lat' dir='ltr'><strong>in-</strong></span> 
     </span>
     <span class='ocr_line' id='line_1_70' title="bbox 273 5199 1074 5268; baseline 0.002 -16"><span class='ocrx_word' id='word_1_895' title='bbox 273 5201 358 5254; x_wconf 88' lang='lat' dir='ltr'><strong>stituit</strong></span> <span class='ocrx_word' id='word_1_896' title='bbox 374 5201 429 5254; x_wconf 89' lang='lat' dir='ltr'><strong>filia</strong></span> <span class='ocrx_word' id='word_1_897' title='bbox 447 5199 619 5254; x_wconf 82' lang='lat' dir='ltr'><strong>exheredata:</strong></span> <span class='ocrx_word' id='word_1_898' title='bbox 643 5215 750 5268; x_wconf 88' lang='lat' dir='ltr'><strong>quaero,</strong></span> <span class='ocrx_word' id='word_1_899' title='bbox 768 5215 804 5252; x_wconf 89' lang='lat' dir='ltr'><strong>an</strong></span> <span class='ocrx_word' id='word_1_900' title='bbox 821 5199 855 5254; x_wconf 89' lang='lat' dir='ltr'><strong>ab</strong></span> <span class='ocrx_word' id='word_1_901' title='bbox 872 5199 1013 5254; x_wconf 88' lang='lat' dir='ltr'><strong>heredibus</strong></span> <span class='ocrx_word' id='word_1_902' title='bbox 1031 5215 1074 5254; x_wconf 87' lang='lat' dir='ltr'><strong>so·</strong></span> 
     </span>
     <span class='ocr_line' id='line_1_71' title="bbox 275 5267 1075 5336; baseline 0.003 -18"><span class='ocrx_word' id='word_1_903' title='bbox 275 5269 329 5320; x_wconf 87' lang='lat' dir='ltr'><strong>ceri</strong></span> <span class='ocrx_word' id='word_1_904' title='bbox 344 5269 454 5322; x_wconf 87' lang='lat' dir='ltr'><strong>maritus</strong></span> <span class='ocrx_word' id='word_1_905' title='bbox 472 5269 573 5336; x_wconf 82' lang='lat' dir='ltr'><strong>exigere</strong></span> <span class='ocrx_word' id='word_1_906' title='bbox 590 5267 678 5322; x_wconf 90' lang='lat' dir='ltr'><strong>dotem</strong></span> <span class='ocrx_word' id='word_1_907' title='bbox 695 5271 796 5336; x_wconf 87' lang='lat' dir='ltr'><strong>potest,</strong></span> <span class='ocrx_word' id='word_1_908' title='bbox 821 5281 881 5320; x_wconf 87' lang='lat' dir='ltr'><strong>curn</strong></span> <span class='ocrx_word' id='word_1_909' title='bbox 899 5281 957 5320; x_wconf 85' lang='lat' dir='ltr'><strong>eam</strong></span> <span class='ocrx_word' id='word_1_910' title='bbox 973 5267 1075 5320; x_wconf 89' lang='lat' dir='ltr'><strong>mulieri</strong></span> 
     </span>
     <span class='ocr_line' id='line_1_72' title="bbox 274 5333 1075 5404; baseline 0.007 -20"><span class='ocrx_word' id='word_1_911' title='bbox 274 5333 423 5392; x_wconf 85' lang='lat' dir='ltr'><strong>redditurus</strong></span> <span class='ocrx_word' id='word_1_912' title='bbox 449 5341 497 5388; x_wconf 90' lang='lat' dir='ltr'><strong>est.</strong></span> <span class='ocrx_word' id='word_1_913' title='bbox 532 5335 669 5404; x_wconf 74' lang='lat' dir='ltr'><strong>respondis</strong></span> <span class='ocrx_word' id='word_1_914' title='bbox 702 5351 762 5388; x_wconf 88' lang='lat' dir='ltr'><strong>cum</strong></span> <span class='ocrx_word' id='word_1_915' title='bbox 781 5335 843 5388; x_wconf 51' lang='lat' dir='ltr'><strong>¹iilia</strong></span> <span class='ocrx_word' id='word_1_916' title='bbox 874 5335 931 5388; x_wconf 87' lang='lat' dir='ltr'><strong>allis</strong></span> <span class='ocrx_word' id='word_1_917' title='bbox 956 5349 973 5388; x_wconf 87' lang='lat' dir='ltr'><strong>a</strong></span> <span class='ocrx_word' id='word_1_918' title='bbox 998 5341 1075 5404; x_wconf 87' lang='lat' dir='ltr'><strong>patre</strong></span> 
     </span>
    </p>
   </div>
   <div class='ocr_carea' id='block_1_4' title="bbox 275 5503 1074 5572">
    <p class='ocr_par' dir='ltr' id='par_1_11' title="bbox 275 5503 1074 5572">
     <span class='ocr_line' id='line_1_73' title="bbox 275 5503 1074 5572; baseline 0.003 -18"><span class='ocrx_word' id='word_1_919' title='bbox 275 5507 303 5568; x_wconf 77' lang='grc' dir='ltr'><strong>ιι)</strong></span> <span class='ocrx_word' id='word_1_920' title='bbox 322 5503 372 5554; x_wconf 88' lang='lat' dir='ltr'><strong>alia</strong></span> <span class='ocrx_word' id='word_1_921' title='bbox 382 5509 426 5554; x_wconf 81' lang='lat' dir='ltr'><strong>ina.</strong></span> <span class='ocrx_word' id='word_1_922' title='bbox 434 5507 569 5572; x_wconf 85' lang='lat' dir='ltr'><strong>Hoffmann</strong></span> <span class='ocrx_word' id='word_1_923' title='bbox 621 5505 652 5570; x_wconf 75' lang='lat' dir='ltr'><strong>tt)</strong></span> <span class='ocrx_word' id='word_1_924' title='bbox 670 5521 699 5556; x_wconf 90' lang='grc' dir='ltr'><strong>ιι</strong></span> <span class='ocrx_word' id='word_1_925' title='bbox 707 5505 747 5572; x_wconf 88' lang='lat' dir='ltr'><strong>de]</strong></span> <span class='ocrx_word' id='word_1_926' title='bbox 758 5507 875 5558; x_wconf 64' lang='lat' dir='ltr'><strong>eademst*</strong></span> <span class='ocrx_word' id='word_1_927' title='bbox 926 5509 957 5572; x_wconf 84' lang='lat'><strong>(3)</strong></span> <span class='ocrx_word' id='word_1_928' title='bbox 976 5509 1074 5568; x_wconf 86' lang='lat' dir='ltr'><strong>nonex]</strong></span> 
     </span>
    </p>
   </div>
   <div class='ocr_carea' id='block_1_5' title="bbox 1126 4389 1934 5268">
    <p class='ocr_par' dir='ltr' id='par_1_12' title="bbox 1126 4389 1934 5268">
     <span class='ocr_line' id='line_1_74' title="bbox 1127 4389 1934 4460; baseline 0.002 -18"><span class='ocrx_word' id='word_1_929' title='bbox 1127 4391 1173 4460; x_wconf 83' lang='lat' dir='ltr'><strong>git,</strong></span> <span class='ocrx_word' id='word_1_930' title='bbox 1191 4389 1254 4460; x_wconf 90' lang='lat' dir='ltr'><strong>quia</strong></span> <span class='ocrx_word' id='word_1_931' title='bbox 1271 4405 1320 4444; x_wconf 89' lang='lat' dir='ltr'><strong>nec</strong></span> <span class='ocrx_word' id='word_1_932' title='bbox 1337 4389 1437 4458; x_wconf 88' lang='lat' dir='ltr'><strong>potuit:</strong></span> <span class='ocrx_word' id='word_1_933' title='bbox 1456 4389 1604 4458; x_wconf 86' lang='lat' dir='ltr'><strong>quaesitum</strong></span> <span class='ocrx_word' id='word_1_934' title='bbox 1622 4393 1675 4454; x_wconf 90' lang='lat' dir='ltr'><strong>est,</strong></span> <span class='ocrx_word' id='word_1_935' title='bbox 1694 4391 1716 4444; x_wconf 91' lang='lat' dir='ltr'><strong>si</strong></span> <span class='ocrx_word' id='word_1_936' title='bbox 1734 4389 1781 4444; x_wconf 93' lang='lat' dir='ltr'><strong>dos</strong></span> <span class='ocrx_word' id='word_1_937' title='bbox 1805 4389 1934 4444; x_wconf 89' lang='lat' dir='ltr'><strong>amarito</strong></span> 
     </span>
     <span class='ocr_line' id='line_1_75' title="bbox 1127 4457 1934 4526; baseline 0 -16"><span class='ocrx_word' id='word_1_938' title='bbox 1127 4463 1248 4526; x_wconf 87' lang='lat' dir='ltr'><strong>petatur,</strong></span> <span class='ocrx_word' id='word_1_939' title='bbox 1273 4471 1308 4510; x_wconf 89' lang='lat' dir='ltr'><strong>an</strong></span> <span class='ocrx_word' id='word_1_940' title='bbox 1331 4457 1528 4526; x_wconf 88' lang='lat' dir='ltr'><strong>compellendus</strong></span> <span class='ocrx_word' id='word_1_941' title='bbox 1550 4459 1584 4512; x_wconf 91' lang='lat' dir='ltr'><strong>sit</strong></span> <span class='ocrx_word' id='word_1_942' title='bbox 1606 4457 1685 4510; x_wconf 86' lang='lat' dir='ltr'><strong>etiam</strong></span> <span class='ocrx_word' id='word_1_943' title='bbox 1708 4457 1779 4510; x_wconf 90' lang='lat' dir='ltr'><strong>illam</strong></span> <span class='ocrx_word' id='word_1_944' title='bbox 1796 4473 1934 4520; x_wconf 87' lang='lat' dir='ltr'><strong>summam,</strong></span> 
     </span>
     <span class='ocr_line' id='line_1_76' title="bbox 1128 4525 1933 4594; baseline -0.004 -16"><span class='ocrx_word' id='word_1_945' title='bbox 1128 4541 1196 4592; x_wconf 90' lang='lat' dir='ltr'><strong>quae</strong></span> <span class='ocrx_word' id='word_1_946' title='bbox 1220 4525 1395 4578; x_wconf 87' lang='lat' dir='ltr'><strong>instrumento</strong></span> <span class='ocrx_word' id='word_1_947' title='bbox 1429 4525 1593 4590; x_wconf 89' lang='lat' dir='ltr'><strong>continetur,</strong></span> <span class='ocrx_word' id='word_1_948' title='bbox 1619 4525 1778 4578; x_wconf 84' lang='lat' dir='ltr'><strong>refundere?</strong></span> <span class='ocrx_word' id='word_1_949' title='bbox 1807 4525 1933 4594; x_wconf 87' lang='lat' dir='ltr'><strong>respondi</strong></span> 
     </span>
     <span class='ocr_line' id='line_1_77' title="bbox 1127 4591 1933 4714; baseline -0.002 -68"><span class='ocrx_word' id='word_1_950' title='bbox 1127 4591 1246 4714; x_wconf 56' lang='lat' dir='ltr'><strong>gotidsse</strong></span> <span class='ocrx_word' id='word_1_951' title='bbox 1270 4591 1375 4660; x_wconf 89' lang='lat' dir='ltr'><strong>quidem</strong></span> <span class='ocrx_word' id='word_1_952' title='bbox 1398 4609 1470 4658; x_wconf 89' lang='lat' dir='ltr'><strong>eum,</strong></span> <span class='ocrx_word' id='word_1_953' title='bbox 1495 4593 1539 4648; x_wconf 90' lang='lat' dir='ltr'><strong>cui</strong></span> <span class='ocrx_word' id='word_1_954' title='bbox 1562 4593 1680 4646; x_wconf 90' lang='lat' dir='ltr'><strong>actiones</strong></span> <span class='ocrx_word' id='word_1_955' title='bbox 1702 4591 1845 4646; x_wconf 88' lang='lat' dir='ltr'><strong>mandatae</strong></span> <span class='ocrx_word' id='word_1_956' title='bbox 1862 4597 1933 4654; x_wconf 90' lang='lat' dir='ltr'><strong>sunt,</strong></span> 
     </span>
     <span class='ocr_line' id='line_1_78' title="bbox 1146 4657 1933 4726; baseline -0.003 -12"><span class='ocrx_word' id='word_1_957' title='bbox 1146 4661 1273 4714; x_wconf 90' lang='lat' dir='ltr'><strong>ebitorem</strong></span> <span class='ocrx_word' id='word_1_958' title='bbox 1290 4659 1443 4716; x_wconf 86' lang='lat' dir='ltr'><strong>convenire:</strong></span> <span class='ocrx_word' id='word_1_959' title='bbox 1467 4659 1514 4714; x_wconf 90' lang='lat' dir='ltr'><strong>sed</strong></span> <span class='ocrx_word' id='word_1_960' title='bbox 1531 4661 1554 4714; x_wconf 90' lang='lat' dir='ltr'><strong>si</strong></span> <span class='ocrx_word' id='word_1_961' title='bbox 1571 4661 1627 4714; x_wconf 86' lang='lat' dir='ltr'><strong>aine</strong></span> <span class='ocrx_word' id='word_1_962' title='bbox 1641 4657 1702 4714; x_wconf 91' lang='lat' dir='ltr'><strong>dolo</strong></span> <span class='ocrx_word' id='word_1_963' title='bbox 1717 4659 1786 4712; x_wconf 89' lang='lat' dir='ltr'><strong>malo</strong></span> <span class='ocrx_word' id='word_1_964' title='bbox 1798 4659 1839 4714; x_wconf 86' lang='lat' dir='ltr'><strong>vel</strong></span> <span class='ocrx_word' id='word_1_965' title='bbox 1854 4659 1933 4726; x_wconf 86' lang='lat' dir='ltr'><strong>culpa</strong></span> 
     </span>
     <span class='ocr_line' id='line_1_79' title="bbox 1127 4727 1934 4798; baseline -0.002 -16"><span class='ocrx_word' id='word_1_966' title='bbox 1127 4729 1230 4798; x_wconf 82' lang='lat' dir='ltr'><strong>exigere</strong></span> <span class='ocrx_word' id='word_1_967' title='bbox 1256 4729 1396 4796; x_wconf 86' lang='lat' dir='ltr'><strong>pecuniam</strong></span> <span class='ocrx_word' id='word_1_968' title='bbox 1421 4743 1476 4780; x_wconf 90' lang='lat' dir='ltr'><strong>non</strong></span> <span class='ocrx_word' id='word_1_969' title='bbox 1500 4727 1596 4796; x_wconf 89' lang='lat' dir='ltr'><strong>potuit,</strong></span> <span class='ocrx_word' id='word_1_970' title='bbox 1622 4743 1707 4796; x_wconf 91' lang='lat' dir='ltr'><strong>neque</strong></span> <span class='ocrx_word' id='word_1_971' title='bbox 1733 4727 1802 4780; x_wconf 89' lang='lat' dir='ltr'><strong>dotis</strong></span> <span class='ocrx_word' id='word_1_972' title='bbox 1827 4727 1934 4780; x_wconf 90' lang='lat' dir='ltr'><strong>nomine</strong></span> 
     </span>
     <span class='ocr_line' id='line_1_80' title="bbox 1129 4793 1931 4864; baseline 0 -18"><span class='ocrx_word' id='word_1_973' title='bbox 1129 4801 1138 4846; x_wconf 88' lang='grc'>1</span> <span class='ocrx_word' id='word_1_974' title='bbox 1178 4811 1238 4850; x_wconf 91' lang='lat' dir='ltr'><strong>eum</strong></span> <span class='ocrx_word' id='word_1_975' title='bbox 1256 4795 1389 4850; x_wconf 83' lang='lat' dir='ltr'><strong>conveniri</strong></span> <span class='ocrx_word' id='word_1_976' title='bbox 1406 4811 1485 4864; x_wconf 90' lang='lat' dir='ltr'><strong>posse</strong></span> <span class='ocrx_word' id='word_1_977' title='bbox 1502 4811 1535 4848; x_wconf 91' lang='lat' dir='ltr'><strong>ne</strong></span> <span class='ocrx_word' id='word_1_978' title='bbox 1553 4811 1587 4850; x_wconf 90' lang='lat' dir='ltr'><strong>ue</strong></span> <span class='ocrx_word' id='word_1_979' title='bbox 1602 4795 1720 4848; x_wconf 81' lang='lat' dir='ltr'><strong>mandeui</strong></span> <span class='ocrx_word' id='word_1_980' title='bbox 1733 4793 1839 4848; x_wconf 90' lang='lat' dir='ltr'><strong>iudicio.</strong></span> <span class='ocrx_word' id='word_1_981' title='bbox 1858 4793 1931 4846; x_wconf 84' lang='lat' dir='ltr'><strong>Fun-</strong></span> 
     </span>
     <span class='ocr_line' id='line_1_81' title="bbox 1127 4811 1930 4930; baseline -0.002 -14"><span class='ocrx_word' id='word_1_982' title='bbox 1127 4863 1177 4916; x_wconf 89' lang='lat' dir='ltr'><strong>dus</strong></span> <span class='ocrx_word' id='word_1_983' title='bbox 1200 4863 1353 4916; x_wconf 90' lang='lat' dir='ltr'><strong>aestimatus</strong></span> <span class='ocrx_word' id='word_1_984' title='bbox 1376 4863 1404 4916; x_wconf 91' lang='lat' dir='ltr'><strong>in</strong></span> <span class='ocrx_word' id='word_1_985' title='bbox 1427 4861 1515 4916; x_wconf 89' lang='lat' dir='ltr'><strong>dotem</strong></span> <span class='ocrx_word' id='word_1_986' title='bbox 1536 4811 1616 4916; x_wconf 80' lang='lat' dir='ltr'><strong>datus</strong></span> <span class='ocrx_word' id='word_1_987' title='bbox 1639 4877 1666 4930; x_wconf 25' lang='lat' dir='ltr'><strong>a,</strong></span> <span class='ocrx_word' id='word_1_988' title='bbox 1679 4861 1809 4916; x_wconf 88' lang='lat' dir='ltr'><strong>creditore</strong></span> <span class='ocrx_word' id='word_1_989' title='bbox 1826 4867 1930 4916; x_wconf 90' lang='lat' dir='ltr'><strong>antece-</strong></span> 
     </span>
     <span class='ocr_line' id='line_1_82' title="bbox 1127 4929 1931 5000; baseline -0.005 -16"><span class='ocrx_word' id='word_1_990' title='bbox 1127 4931 1206 4984; x_wconf 90' lang='lat' dir='ltr'><strong>dente</strong></span> <span class='ocrx_word' id='word_1_991' title='bbox 1229 4945 1262 4984; x_wconf 78' lang='grc' dir='ltr'><strong>ιι</strong></span> <span class='ocrx_word' id='word_1_992' title='bbox 1286 4945 1369 4990; x_wconf 84' lang='lat' dir='ltr'><strong>causa</strong></span> <span class='ocrx_word' id='word_1_993' title='bbox 1394 4931 1509 5000; x_wconf 82' lang='lat' dir='ltr'><strong>pignoris</strong></span> <span class='ocrx_word' id='word_1_994' title='bbox 1518 4933 1539 4962; x_wconf 78' lang='lat'><strong>¹⁵</strong></span> <span class='ocrx_word' id='word_1_995' title='bbox 1565 4931 1670 4984; x_wconf 89' lang='lat' dir='ltr'><strong>ablatus</strong></span> <span class='ocrx_word' id='word_1_996' title='bbox 1697 4933 1749 4982; x_wconf 86' lang='lat' dir='ltr'><strong>est:</strong></span> <span class='ocrx_word' id='word_1_997' title='bbox 1785 4929 1931 4996; x_wconf 86' lang='lat' dir='ltr'><strong>quaesitum</strong></span> 
     </span>
     <span class='ocr_line' id='line_1_83' title="bbox 1127 4997 1930 5066; baseline 0 -16"><span class='ocrx_word' id='word_1_998' title='bbox 1127 4999 1205 5064; x_wconf 75' lang='lat' dir='ltr'><strong>est¹⁶‚</strong></span> <span class='ocrx_word' id='word_1_999' title='bbox 1222 5013 1258 5050; x_wconf 91' lang='lat' dir='ltr'><strong>an</strong></span> <span class='ocrx_word' id='word_1_1000' title='bbox 1275 4999 1376 5062; x_wconf 87' lang='lat' dir='ltr'><strong>mulier,</strong></span> <span class='ocrx_word' id='word_1_1001' title='bbox 1394 4999 1417 5052; x_wconf 90' lang='lat' dir='ltr'><strong>si</strong></span> <span class='ocrx_word' id='word_1_1002' title='bbox 1434 4997 1642 5052; x_wconf 65' lang='lat' dir='ltr'><strong>animationem</strong></span> <span class='ocrx_word' id='word_1_1003' title='bbox 1665 4997 1734 5050; x_wconf 90' lang='lat' dir='ltr'><strong>dotis</strong></span> <span class='ocrx_word' id='word_1_1004' title='bbox 1750 5001 1867 5066; x_wconf 88' lang='lat' dir='ltr'><strong>repetat,</strong></span> <span class='ocrx_word' id='word_1_1005' title='bbox 1886 5013 1930 5050; x_wconf 82' lang='lat' dir='ltr'><strong>ex·</strong></span> 
     </span>
     <span class='ocr_line' id='line_1_84' title="bbox 1127 5065 1932 5134; baseline -0.002 -16"><span class='ocrx_word' id='word_1_1006' title='bbox 1127 5065 1248 5134; x_wconf 88' lang='lat' dir='ltr'><strong>ceptione</strong></span> <span class='ocrx_word' id='word_1_1007' title='bbox 1264 5065 1452 5120; x_wconf 90' lang='lat' dir='ltr'><strong>summovenda</strong></span> <span class='ocrx_word' id='word_1_1008' title='bbox 1468 5065 1515 5120; x_wconf 84' lang='lat' dir='ltr'><strong>sit:</strong></span> <span class='ocrx_word' id='word_1_1009' title='bbox 1538 5065 1576 5118; x_wconf 87' lang='lat' dir='ltr'><strong>ait</strong></span> <span class='ocrx_word' id='word_1_1010' title='bbox 1593 5065 1662 5118; x_wconf 92' lang='lat' dir='ltr'><strong>enim</strong></span> <span class='ocrx_word' id='word_1_1011' title='bbox 1679 5079 1707 5118; x_wconf 91' lang='lat' dir='ltr'><strong>se</strong></span> <span class='ocrx_word' id='word_1_1012' title='bbox 1739 5069 1860 5134; x_wconf 86' lang='lat' dir='ltr'><strong>ropterea</strong></span> <span class='ocrx_word' id='word_1_1013' title='bbox 1877 5079 1932 5118; x_wconf 92' lang='lat' dir='ltr'><strong>non</strong></span> 
     </span>
     <span class='ocr_line' id='line_1_85' title="bbox 1126 5131 1931 5202; baseline -0.007 -14"><span class='ocrx_word' id='word_1_1014' title='bbox 1126 5133 1218 5198; x_wconf 84' lang='grc' dir='ltr'>ιιιιιι,</span> <span class='ocrx_word' id='word_1_1015' title='bbox 1236 5133 1308 5202; x_wconf 91' lang='lat' dir='ltr'><strong>quod</strong></span> <span class='ocrx_word' id='word_1_1016' title='bbox 1324 5137 1401 5200; x_wconf 88' lang='lat' dir='ltr'><strong>pater</strong></span> <span class='ocrx_word' id='word_1_1017' title='bbox 1418 5133 1473 5186; x_wconf 91' lang='lat' dir='ltr'><strong>eins</strong></span> <span class='ocrx_word' id='word_1_1018' title='bbox 1492 5131 1579 5186; x_wconf 88' lang='lat' dir='ltr'><strong>dotem</strong></span> <span class='ocrx_word' id='word_1_1019' title='bbox 1595 5149 1644 5200; x_wconf 93' lang='lat' dir='ltr'><strong>pro</strong></span> <span class='ocrx_word' id='word_1_1020' title='bbox 1662 5147 1691 5186; x_wconf 89' lang='lat' dir='ltr'><strong>se</strong></span> <span class='ocrx_word' id='word_1_1021' title='bbox 1727 5131 1788 5196; x_wconf 89' lang='lat' dir='ltr'><strong>edit,</strong></span> <span class='ocrx_word' id='word_1_1022' title='bbox 1800 5131 1844 5186; x_wconf 89' lang='lat' dir='ltr'><strong>cui</strong></span> <span class='ocrx_word' id='word_1_1023' title='bbox 1854 5133 1931 5186; x_wconf 89' lang='lat' dir='ltr'><strong>heres</strong></span> 
     </span>
     <span class='ocr_line' id='line_1_86' title="bbox 1127 5199 1930 5268; baseline -0.005 -14"><span class='ocrx_word' id='word_1_1024' title='bbox 1127 5215 1181 5254; x_wconf 91' lang='lat' dir='ltr'><strong>non</strong></span> <span class='ocrx_word' id='word_1_1025' title='bbox 1199 5199 1328 5254; x_wconf 87' lang='lat' dir='ltr'><strong>exstiterit</strong></span> <span class='ocrx_word' id='word_1_1026' title='bbox 1337 5201 1365 5254; x_wconf 81' lang='lat'><strong>¹⁷.</strong></span> <span class='ocrx_word' id='word_1_1027' title='bbox 1404 5199 1504 5254; x_wconf 89' lang='lat' dir='ltr'><strong>Paulus</strong></span> <span class='ocrx_word' id='word_1_1028' title='bbox 1526 5199 1692 5268; x_wconf 75' lang='lat' dir='ltr'><strong>respondit¹⁸</strong></span> <span class='ocrx_word' id='word_1_1029' title='bbox 1713 5199 1822 5268; x_wconf 88' lang='lat' dir='ltr'><strong>praedio</strong></span> <span class='ocrx_word' id='word_1_1030' title='bbox 1846 5199 1930 5254; x_wconf 89' lang='lat' dir='ltr'><strong>evicto</strong></span> 
     </span>
    </p>
   </div>
   <div class='ocr_carea' id='block_1_6' title="bbox 1127 5263 1929 5404">
    <p class='ocr_par' dir='ltr' id='par_1_13' title="bbox 1127 5263 1929 5404">
     <span class='ocr_line' id='line_1_87' title="bbox 1127 5263 1929 5336; baseline -0.001 -16"><span class='ocrx_word' id='word_1_1031' title='bbox 1127 5267 1184 5320; x_wconf 89' lang='lat' dir='ltr'><strong>sine</strong></span> <span class='ocrx_word' id='word_1_1032' title='bbox 1202 5267 1262 5322; x_wconf 93' lang='lat' dir='ltr'><strong>dolo</strong></span> <span class='ocrx_word' id='word_1_1033' title='bbox 1281 5273 1308 5320; x_wconf 91' lang='lat' dir='ltr'><strong>et</strong></span> <span class='ocrx_word' id='word_1_1034' title='bbox 1325 5269 1406 5336; x_wconf 88' lang='lat' dir='ltr'><strong>culpe</strong></span> <span class='ocrx_word' id='word_1_1035' title='bbox 1427 5269 1476 5320; x_wconf 91' lang='lat' dir='ltr'><strong>viri</strong></span> <span class='ocrx_word' id='word_1_1036' title='bbox 1497 5269 1612 5336; x_wconf 89' lang='lat' dir='ltr'><strong>pretium</strong></span> <span class='ocrx_word' id='word_1_1037' title='bbox 1634 5269 1735 5336; x_wconf 89' lang='lat' dir='ltr'><strong>petenti</strong></span> <span class='ocrx_word' id='word_1_1038' title='bbox 1757 5267 1860 5320; x_wconf 90' lang='lat' dir='ltr'><strong>mulieri</strong></span> <span class='ocrx_word' id='word_1_1039' title='bbox 1877 5263 1929 5320; x_wconf 84' lang='lat' dir='ltr'><strong>doli</strong></span> 
     </span>
     <span class='ocr_line' id='line_1_88' title="bbox 1127 5335 1928 5404; baseline -0.002 -14"><span class='ocrx_word' id='word_1_1040' title='bbox 1127 5335 1189 5390; x_wconf 88' lang='lat' dir='ltr'><strong>mali</strong></span> <span class='ocrx_word' id='word_1_1041' title='bbox 1206 5335 1386 5404; x_wconf 86' lang='lat' dir='ltr'><strong>exceptionem</strong></span> <span class='ocrx_word' id='word_1_1042' title='bbox 1403 5335 1510 5390; x_wconf 86' lang='lat' dir='ltr'><strong>obesse:</strong></span> <span class='ocrx_word' id='word_1_1043' title='bbox 1535 5335 1662 5404; x_wconf 90' lang='lat' dir='ltr'><strong>consequi</strong></span> <span class='ocrx_word' id='word_1_1044' title='bbox 1679 5335 1779 5390; x_wconf 83' lang='lat' dir='ltr'><strong>enim²⁹</strong></span> <span class='ocrx_word' id='word_1_1045' title='bbox 1795 5349 1853 5390; x_wconf 86' lang='lat' dir='ltr'><strong>enm</strong></span> <span class='ocrx_word' id='word_1_1046' title='bbox 1870 5349 1928 5404; x_wconf 87' lang='lat' dir='ltr'><strong>pra·</strong></span> 
     </span>
    </p>
   </div>
   <div class='ocr_carea' id='block_1_7' title="bbox 1126 5503 1929 5572">
    <p class='ocr_par' dir='ltr' id='par_1_14' title="bbox 1126 5503 1929 5572">
     <span class='ocr_line' id='line_1_89' title="bbox 1126 5503 1929 5572; baseline -0.002 -12"><span class='ocrx_word' id='word_1_1047' title='bbox 1126 5509 1220 5572; x_wconf 67' lang='grc' dir='ltr'>ιιι)</span> <span class='ocrx_word' id='word_1_1048' title='bbox 1278 5509 1322 5572; x_wconf 85' lang='lat' dir='ltr'><strong>(m)</strong></span> <span class='ocrx_word' id='word_1_1049' title='bbox 1341 5503 1518 5558; x_wconf 70' lang='lat' dir='ltr'><strong>millenatrl&#39;2</strong></span> <span class='ocrx_word' id='word_1_1050' title='bbox 1576 5505 1813 5572; x_wconf 65' lang='lat' dir='ltr'><strong>(rothonensibus.</strong></span> <span class='ocrx_word' id='word_1_1051' title='bbox 1884 5509 1929 5570; x_wconf 80' lang='grc' dir='ltr'>(ιι)</span> 
     </span>
    </p>
   </div>
   <div class='ocr_carea' id='block_1_8' title="bbox 273 5573 1926 5642">
    <p class='ocr_par' dir='ltr' id='par_1_15' title="bbox 273 5573 1926 5642">
     <span class='ocr_line' id='line_1_90' title="bbox 273 5573 1926 5642; baseline -0.001 -17"><span class='ocrx_word' id='word_1_1052' title='bbox 273 5573 486 5632; x_wconf 63' lang='lat' dir='ltr'><strong>nasceremur</strong></span> <span class='ocrx_word' id='word_1_1053' title='bbox 507 5575 810 5636; x_wconf 76' lang='lat' dir='ltr'><strong>(tlsicsec.B,cniom.F</strong></span> <span class='ocrx_word' id='word_1_1054' title='bbox 841 5575 1079 5642; x_wconf 78' lang='lat' dir='ltr'><strong>(elnonpetieretF</strong></span> <span class='ocrx_word' id='word_1_1055' title='bbox 1126 5589 1218 5638; x_wconf 89' lang='lat' dir='ltr'><strong>quaero</strong></span> <span class='ocrx_word' id='word_1_1056' title='bbox 1229 5575 1284 5626; x_wconf 83' lang='lat' dir='ltr'><strong>Vct.</strong></span> <span class='ocrx_word' id='word_1_1057' title='bbox 1320 5577 1363 5638; x_wconf 81' lang='grc' dir='ltr'>(ιι)</span> <span class='ocrx_word' id='word_1_1058' title='bbox 1372 5575 1458 5626; x_wconf 86' lang='lat' dir='ltr'><strong>extitit</strong></span> <span class='ocrx_word' id='word_1_1059' title='bbox 1469 5575 1524 5626; x_wconf 86' lang='lat' dir='ltr'><strong>Vct.</strong></span> <span class='ocrx_word' id='word_1_1060' title='bbox 1559 5575 1710 5638; x_wconf 86' lang='lat' dir='ltr'><strong>(18lproine.</strong></span> <span class='ocrx_word' id='word_1_1061' title='bbox 1724 5575 1779 5626; x_wconf 87' lang='lat' dir='ltr'><strong>Vnt.</strong></span> <span class='ocrx_word' id='word_1_1062' title='bbox 1814 5575 1926 5638; x_wconf 79' lang='lat' dir='ltr'><strong>(teleos-</strong></span> 
     </span>
    </p>
   </div>
   <div class='ocr_carea' id='block_1_9' title="bbox 272 5639 1073 5774">
    <p class='ocr_par' dir='ltr' id='par_1_16' title="bbox 272 5639 1073 5774">
     <span class='ocr_line' id='line_1_91' title="bbox 275 5639 1071 5706; baseline 0 -14"><span class='ocrx_word' id='word_1_1063' title='bbox 275 5645 306 5702; x_wconf 78' lang='lat' dir='ltr'><strong>ttl</strong></span> <span class='ocrx_word' id='word_1_1064' title='bbox 317 5641 425 5700; x_wconf 87' lang='lat' dir='ltr'><strong>neeesse]</strong></span> <span class='ocrx_word' id='word_1_1065' title='bbox 434 5641 470 5688; x_wconf 86' lang='lat' dir='ltr'><strong>sic</strong></span> <span class='ocrx_word' id='word_1_1066' title='bbox 477 5659 524 5690; x_wconf 87' lang='lat' dir='ltr'><strong>sac.</strong></span> <span class='ocrx_word' id='word_1_1067' title='bbox 534 5639 568 5704; x_wconf 86' lang='lat' dir='ltr'><strong>B,</strong></span> <span class='ocrx_word' id='word_1_1068' title='bbox 578 5653 657 5704; x_wconf 87' lang='lat' dir='ltr'><strong>neque</strong></span> <span class='ocrx_word' id='word_1_1069' title='bbox 666 5641 693 5692; x_wconf 83' lang='lat' dir='ltr'><em>F</em></span> <span class='ocrx_word' id='word_1_1070' title='bbox 740 5643 771 5706; x_wconf 82' lang='grc' dir='ltr'><strong>(ι)</strong></span> <span class='ocrx_word' id='word_1_1071' title='bbox 782 5647 807 5692; x_wconf 86' lang='grc' dir='ltr'><strong>ιι</strong></span> <span class='ocrx_word' id='word_1_1072' title='bbox 815 5643 859 5694; x_wconf 87' lang='lat' dir='ltr'><strong>ins.</strong></span> <span class='ocrx_word' id='word_1_1073' title='bbox 869 5641 909 5692; x_wconf 53' lang='grc' dir='ltr'><strong>ΡΞ</strong></span> <span class='ocrx_word' id='word_1_1074' title='bbox 960 5643 993 5704; x_wconf 83' lang='lat' dir='ltr'><strong>(sl</strong></span> <span class='ocrx_word' id='word_1_1075' title='bbox 1002 5641 1071 5706; x_wconf 88' lang='lat' dir='ltr'><strong>nepti</strong></span> 
     </span>
     <span class='ocr_line' id='line_1_92' title="bbox 272 5707 1073 5774; baseline 0.005 -16"><span class='ocrx_word' id='word_1_1076' title='bbox 272 5709 319 5760; x_wconf 73' lang='lat' dir='ltr'><strong>eet</strong></span> <span class='ocrx_word' id='word_1_1077' title='bbox 371 5707 403 5770; x_wconf 83' lang='grc' dir='ltr'><strong>ιι)</strong></span> <span class='ocrx_word' id='word_1_1078' title='bbox 421 5707 541 5754; x_wconf 78' lang='lat' dir='ltr'><strong>uxorisF</strong></span> <span class='ocrx_word' id='word_1_1079' title='bbox 587 5709 771 5770; x_wconf 76' lang='lat' dir='ltr'><strong>(rotetcutoat</strong></span> <span class='ocrx_word' id='word_1_1080' title='bbox 824 5709 939 5774; x_wconf 73' lang='lat' dir='ltr'><strong>(ortexF</strong></span> <span class='ocrx_word' id='word_1_1081' title='bbox 986 5711 1073 5770; x_wconf 59' lang='grc' dir='ltr'>(ιιι--ε</span> 
     </span>
    </p>
   </div>
   <div class='ocr_carea' id='block_1_10' title="bbox 1123 5641 1926 5778">
    <p class='ocr_par' dir='ltr' id='par_1_17' title="bbox 1123 5641 1926 5778">
     <span class='ocr_line' id='line_1_93' title="bbox 1124 5641 1926 5706; baseline 0 -14"><span class='ocrx_word' id='word_1_1082' title='bbox 1124 5641 1195 5706; x_wconf 86' lang='lat' dir='ltr'><strong>sequi</strong></span> <span class='ocrx_word' id='word_1_1083' title='bbox 1205 5643 1280 5704; x_wconf 79' lang='lat' dir='ltr'><strong>enim]</strong></span> <span class='ocrx_word' id='word_1_1084' title='bbox 1291 5657 1354 5706; x_wconf 89' lang='lat' dir='ltr'><strong>quae</strong></span> <span class='ocrx_word' id='word_1_1085' title='bbox 1363 5647 1446 5692; x_wconf 88' lang='lat' dir='ltr'><strong>tamen</strong></span> <span class='ocrx_word' id='word_1_1086' title='bbox 1455 5641 1539 5692; x_wconf 82' lang='lat' dir='ltr'><strong>officio</strong></span> <span class='ocrx_word' id='word_1_1087' title='bbox 1553 5641 1644 5692; x_wconf 88' lang='lat' dir='ltr'><strong>iudicis</strong></span> <span class='ocrx_word' id='word_1_1088' title='bbox 1654 5643 1690 5692; x_wconf 84' lang='lat' dir='ltr'><strong>rei</strong></span> <span class='ocrx_word' id='word_1_1089' title='bbox 1700 5645 1800 5696; x_wconf 83' lang='lat' dir='ltr'><strong>uxoriae</strong></span> <span class='ocrx_word' id='word_1_1090' title='bbox 1814 5645 1926 5692; x_wconf 89' lang='lat' dir='ltr'><strong>contine·</strong></span> 
     </span>
     <span class='ocr_line' id='line_1_94' title="bbox 1123 5711 1925 5778; baseline -0.001 -18"><span class='ocrx_word' id='word_1_1091' title='bbox 1123 5713 1171 5762; x_wconf 83' lang='lat' dir='ltr'><strong>un.</strong></span> <span class='ocrx_word' id='word_1_1092' title='bbox 1181 5711 1275 5774; x_wconf 82' lang='lat' dir='ltr'><strong>poterit</strong></span> <span class='ocrx_word' id='word_1_1093' title='bbox 1286 5711 1385 5760; x_wconf 84' lang='lat' dir='ltr'><strong>mulieri</strong></span> <span class='ocrx_word' id='word_1_1094' title='bbox 1394 5711 1512 5776; x_wconf 80' lang='lat' dir='ltr'><strong>prodesse</strong></span> <span class='ocrx_word' id='word_1_1095' title='bbox 1521 5711 1644 5776; x_wconf 88' lang='lat' dir='ltr'><strong>hocqnod</strong></span> <span class='ocrx_word' id='word_1_1096' title='bbox 1652 5713 1689 5762; x_wconf 88' lang='lat' dir='ltr'><strong>ait</strong></span> <span class='ocrx_word' id='word_1_1097' title='bbox 1701 5729 1727 5764; x_wconf 90' lang='lat' dir='ltr'><strong>se</strong></span> <span class='ocrx_word' id='word_1_1098' title='bbox 1737 5713 1804 5778; x_wconf 85' lang='lat' dir='ltr'><strong>patri</strong></span> <span class='ocrx_word' id='word_1_1099' title='bbox 1811 5713 1925 5762; x_wconf 86' lang='lat' dir='ltr'><strong>heredem</strong></span> 
     </span>
    </p>
   </div>
   <div class='ocr_carea' id='block_1_11' title="bbox 277 5773 1929 5844">
    <p class='ocr_par' dir='ltr' id='par_1_18' title="bbox 277 5773 1929 5844">
     <span class='ocr_line' id='line_1_95' title="bbox 277 5773 1929 5844; baseline 0.002 -18"><span class='ocrx_word' id='word_1_1100' title='bbox 277 5775 332 5826; x_wconf 81' lang='lat' dir='ltr'><strong>Vnt</strong></span> <span class='ocrx_word' id='word_1_1101' title='bbox 344 5775 357 5840; x_wconf 71' lang='grc' dir='ltr'><strong>ξ</strong></span> <span class='ocrx_word' id='word_1_1102' title='bbox 369 5785 396 5826; x_wconf 78' lang='lat' dir='ltr'><strong>st</strong></span> <span class='ocrx_word' id='word_1_1103' title='bbox 455 5773 496 5834; x_wconf 84' lang='lat'>(13)</span> <span class='ocrx_word' id='word_1_1104' title='bbox 515 5773 649 5824; x_wconf 87' lang='lat' dir='ltr'><strong>solidorum</strong></span> <span class='ocrx_word' id='word_1_1105' title='bbox 660 5775 744 5826; x_wconf 86' lang='lat' dir='ltr'><strong>decem</strong></span> <span class='ocrx_word' id='word_1_1106' title='bbox 753 5795 799 5828; x_wconf 89' lang='lat' dir='ltr'><strong>non</strong></span> <span class='ocrx_word' id='word_1_1107' title='bbox 807 5777 947 5830; x_wconf 83' lang='lat' dir='ltr'><strong>suntPouli</strong></span> <span class='ocrx_word' id='word_1_1108' title='bbox 960 5779 1001 5842; x_wconf 61' lang='grc' dir='ltr'><strong>(σι</strong></span> <span class='ocrx_word' id='word_1_1109' title='bbox 1010 5777 1069 5828; x_wconf 86' lang='lat' dir='ltr'><strong>Inst.</strong></span> <span class='ocrx_word' id='word_1_1110' title='bbox 1121 5793 1172 5828; x_wconf 89' lang='lat' dir='ltr'><strong>non</strong></span> <span class='ocrx_word' id='word_1_1111' title='bbox 1178 5779 1299 5842; x_wconf 83' lang='lat' dir='ltr'><strong>extitisse,</strong></span> <span class='ocrx_word' id='word_1_1112' title='bbox 1305 5779 1328 5830; x_wconf 90' lang='lat' dir='ltr'><strong>si</strong></span> <span class='ocrx_word' id='word_1_1113' title='bbox 1334 5779 1515 5830; x_wconf 80' lang='lat' dir='ltr'><strong>conveniretur:</strong></span> <span class='ocrx_word' id='word_1_1114' title='bbox 1522 5779 1629 5844; x_wconf 87' lang='lat' dir='ltr'><strong>amplius</strong></span> <span class='ocrx_word' id='word_1_1115' title='bbox 1634 5785 1716 5830; x_wconf 88' lang='lat' dir='ltr'><strong>antem</strong></span> <span class='ocrx_word' id='word_1_1116' title='bbox 1721 5787 1746 5830; x_wconf 91' lang='lat' dir='ltr'><strong>et</strong></span> <span class='ocrx_word' id='word_1_1117' title='bbox 1751 5779 1868 5844; x_wconf 89' lang='lat' dir='ltr'><strong>consequi</strong></span> <span class='ocrx_word' id='word_1_1118' title='bbox 1874 5779 1929 5830; x_wconf 85' lang='lat' dir='ltr'><strong>Vnt.</strong></span> 
     </span>
    </p>
   </div>
   <div class='ocr_carea' id='block_1_12' title="bbox 0 0 2188 6258">
    <p class='ocr_par' dir='ltr' id='par_1_19' title="bbox 0 0 2188 6258">
     <span class='ocr_line' id='line_1_96' title="bbox 0 0 2188 6258; baseline 0 1"><span class='ocrx_word' id='word_1_1119' title='bbox 0 0 2188 6258; x_wconf 95' lang='lat' dir='ltr'><strong> </strong></span> 
     </span>
    </p>
   </div>
  </div>
 </body>
</html>
