4366 6258
259 371 489 420 muuruusuno
894 335 895 338 ¹
1066 349 1125 420 165
1308 447 1309 450 ¹
1341 293 1342 296 Ἴ
1814 355 1922 420 ΧΠ2

260 553 312 592 non
330 541 459 604 oportere,
478 535 565 604 agenti
581 535 690 588 iudicati
707 551 761 590 nou
778 535 870 604 utique
887 535 1004 590 obstabit
1021 549 1066 588 ex-
1121 541 1131 586 l
1167 535 1278 588 tiorctur
1304 541 1330 590 et
1355 539 1394 592 sio
1418 539 1495 592 iuret.
1535 535 1668 592 Defensor
1694 533 1856 602 municipum
1880 535 1923 588 rel

261 605 360 672 ceptio:
379 607 468 670 potest
486 601 555 656 enim
571 601 636 666 fieri,
654 607 685 654 ut
702 619 756 656 non
773 603 809 656 sit
825 603 966 658 commissa
982 601 1066 670 stipu-
1118 601 1232 656 cuiusuis
1247 601 1367 720 corporis
1380 605 1563 668 iusiurandum
1579 601 1680 658 deferre
1693 603 1789 668 potest,
1805 601 1828 652 si
1841 615 1923 680 super

260 673 338 736 latio,
361 669 424 724 licet
440 685 483 724 res
500 669 618 724 iudicata
635 667 682 722 sit:
701 669 752 724 nisi
768 671 828 726 ideo
845 671 972 736 iurasset,
995 667 1067 736 quod
1118 673 1132 722 2
1165 668 1218 724 hoc
1235 685 1297 722 man
1316 673 1389 724 atum
1405 671 1512 726 habeat.
1545 669 1649 740 Pupiilo
1665 683 1721 720 uon
1735 665 1921 724 deferturrus·

260 745 275 792 9
309 753 360 790 nec
383 737 537 790 damnatum
557 751 587 790 se
604 751 662 790 esse
679 737 786 792 diceret.
821 737 888 792 item
903 737 1065 806 Pomponius
1117 739 1131 790 3
1165 735 1314 790 iurandum.
1348 735 1511 792 Procurator
1522 755 1578 794 non
1592 735 1757 806 compellitur
1769 733 1858 788 iurare
1871 751 1922 790 nec

259 807 298 860 ait
320 821 393 870 eum,
418 805 462 874 qui
484 803 586 856 furtum
608 805 659 858 sulii
679 805 782 860 factum
805 805 916 858 ahcuius
939 807 978 858 rei
995 805 1065 856 iura·
1118 801 1253 868 defensor,
1277 809 1303 856 et
1325 803 1365 856 ita
1380 803 1499 860 Iulianus
1523 807 1617 860 scribit
1632 805 1699 860 libro
1718 801 1818 856 decimo
1836 801 1922 868 diges-

259 875 304 936 rit,
321 889 375 926 uon
392 873 483 926 statim
506 871 585 924 otiam
608 871 782 926 condictionis
806 887 915 926 causam
937 871 1064 926 nancisci.
1116 875 1203 924 torum
1226 869 1392 924 defensorem
1413 871 1503 924 iurare
1526 889 1579 926 non
1603 871 1724 942 compelli
1748 869 1923 938 sufficereque

261 945 291 994 10
325 939 392 994 Item
410 955 470 994 cum
487 955 520 992 ex
536 939 588 994 hac
605 945 681 1008 parte
697 939 881 994 iusiurandum
895 943 922 994 et
935 939 1066 992 sobonem
1117 937 1151 992 ad
1167 939 1273 1006 plenam
1290 937 1485 1000 defensionem,
1508 937 1531 992 si
1553 947 1664 1006 paratus
1682 941 1717 994 sit
1732 937 1859 994 iudicium
1876 953 1921 990 ac-

260 1009 303 1062 et¹
327 1009 507 1076 exceptionem
530 1005 654 1072 inducat,
678 1007 702 1060 si
723 1005 792 1060 forte
815 1021 877 1058 reus
900 1009 975 1058 erma
997 1005 1065 1058 iudi·
1117 1009 1132 1058 4
1167 1005 1263 1074 cipere.
1298 1005 1350 1072 qn
1366 1003 1551 1058 iusiurandum
1568 1005 1659 1072 defert,
1676 1009 1751 1086 prior
1769 1005 1801 1060 de
1820 1005 1921 1058 calum·

260 1075 330 1130 cium
348 1081 438 1128 actore
455 1073 586 1126 inferente
602 1075 729 1128 iuraverit
746 1089 774 1126 se
792 1073 856 1126 dare
873 1087 927 1126 non
944 1077 1066 1140 oportere
1116 1071 1161 1126 nia
1178 1073 1256 1126 debet
1271 1073 1367 1138 iurare,
1385 1071 1409 1126 si
1425 1073 1478 1126 hoc
1496 1071 1622 1140 exigatur,
1641 1073 1736 1128 demde
1753 1075 1792 1128 sic
1809 1073 1834 1126 ei
1848 1073 1922 1126 iura-

260 1149 286 1198 et
303 1147 379 1196 actor
395 1159 440 1196 reo
459 1139 594 1196 deserente
610 1139 667 1194 dari
684 1141 735 1194 sibi
752 1145 888 1208 oportere,
906 1139 947 1192 vel
965 1143 1066 1204 contra,
1115 1141 1194 1194 bitur.
1221 1141 1273 1192 hoc
1289 1139 1475 1192 iusiurandum
1492 1139 1525 1192 de
1548 1141 1679 1194 calumnia
1701 1159 1786 1210 aeque
1807 1147 1922 1210 patrono

259 1209 389 1280 posterior
415 1225 497 1262 causa
520 1207 690 1262 iurisiurandi
715 1207 803 1276 potior
827 1207 982 1260 habebitur:
1016 1223 1066 1262 nec
1116 1213 1131 1260 5
1165 1207 1390 1276 parentibusque⁴
1407 1207 1557 1260 remittitur.
1595 1205 1623 1258 Si
1646 1207 1677 1262 de
1700 1210 1828 1276 qualitate
1850 1209 1944 1280 iuras

259 1285 347 1330 tamen
372 1275 563 1344 praeiudicium
578 1275 692 1344 periurio
716 1275 824 1328 alterius
846 1275 906 1340 fiet,
933 1273 1067 1342 quianon
1115 1275 1197 1330 menti
1213 1273 1294 1328 fuerit
1309 1275 1380 1328 inter
1399 1279 1493 1352 partes
1516 1271 1678 1340 dubitatum,
1703 1277 1842 1348 conceptio
1867 1277 1923 1330 eius

260 1351 414 1412 quaeretur,
432 1359 467 1396 an
484 1343 548 1396 dare
565 1359 624 1398 cum
641 1347 760 1410 oportet,
784 1341 832 1396 sed
849 1357 885 1396 an
902 1347 977 1396 actor
992 1341 1065 1396 iura-
1117 1347 1132 1396 d
1167 1343 1260 1396 arbitri
1275 1341 1420 1396 iudicamus
1438 1345 1486 1396 est.
1522 1339 1569 1394 Ait
1584 1345 1704 1408 praetor:
1729 1349 1811 1410 ‘eum,
1835 1359 1923 1412 aquo

260 1411 331 1466 verit.
1117 1409 1307 1464 ‘iusiurandum
1322 1415 1444 1478 petetur,
1462 1409 1563 1462 solvere
1580 1411 1627 1462 aut
1643 1407 1732 1464 iurare
1751 1413 1865 1480 cogam':
1884 1411 1923 1466 al·

293 1475 332 1536 29
352 1479 560 1534 Terencnrnus
574 1479 641 1534 libro
658 1483 737 1534 11111
752 1477 963 1548 disputationum
989 1477 1066 1546 Quod
1115 1485 1202 1532 terum
1217 1479 1307 1546 itaque
1324 1477 1405 1546 eligat
1421 1491 1491 1542 reus,
1508 1481 1556 1530 cut
1572 1475 1658 1530 solvat
1670 1483 1718 1530 aut
1730 1477 1813 1534 iuret:
1832 1481 1924 1536 sinon

259 1549 282 1600 si
294 1547 379 1600 iuravi
393 1551 420 1600 te
434 1545 568 1600 deferente
580 1563 635 1600 non
647 1545 750 1600 iurasse
764 1551 793 1600 te
808 1545 970 1600 dare²tibi³
987 1563 1065 1626 opor·
1118 1551 1131 1598 l
1166 1545 1532 1612 iurat,s01:erccogenuus
1556 1543 1606 1598 erit
1628 1559 1645 1598 a
1669 1549 1801 1612 praetore.
1836 1547 1925 1600 Datur

258 1621 321 1678 tere,
341 1619 369 1668 et
384 1613 510 1668 adversus
526 1615 615 1668 utilem
629 1615 769 1678 actionem,
787 1629 840 1682 qua
853 1615 906 1666 hoo
920 1621 1064 1684 quaentur,
1117 1617 1206 1666 autem
1223 1619 1249 1666 et
1266 1614 1319 1668 alia
1334 1613 1449 1668 facultas
1466 1627 1527 1678 reo,
1544 1615 1588 1676 ut,
1606 1609 1629 1664 si
1645 1611 1733 1676 malit,
1751 1613 1850 1666 referat
1866 1615 1922 1668 ius-

258 1699 293 1736 au
310 1681 438 1736 iuraveris
461 1681 510 1734 tibi
533 1681 591 1734 dari
613 1687 750 1750 oportere,
775 1681 934 1750 opponenda
956 1687 997 1736 est
1019 1697 1065 1736 ex·
1116 1681 1270 1734 iurandum:
1295 1687 1322 1734 et
1345 1681 1369 1734 si
1390 1681 1413 1734 is
1431 1681 1476 1748 qui
1493 1685 1566 1748 petet
1583 1677 1737 1733 condicione
1753 1679 1923 1736 iurisiurandi

259 1749 345 1816 ceptio
369 1747 540 1802 iurisiurandi
567 1749 726 1818 perementis
754 1751 936 1818 quaestionem
962 1749 1066 1804 actione
1115 1751 1170 1802 non
1187 1753 1291 1812 utetur,
1314 1749 1441 1802 iudicium
1465 1747 1489 1802 ei
1512 1751 1621 1816 praetor
1637 1763 1691 1800 non
1709 1745 1793 1800 dabit.
1819 1751 1925 1818 aequis«¹

259 1817 483 1882 comprehensam.
1116 1815 1182 1870 sime
1197 1817 1266 1870 enim
1282 1815 1334 1870 boc
1348 1815 1422 1880 facit,
1441 1831 1503 1870 cum
1515 1831 1569 1870 non
1584 1813 1692 1870 deberet
1706 1813 1845 1882 displicere
1860 1833 1923 1870 con·

292 1879 331 1942 30
350 1881 470 1936 Pectus
484 1883 551 1938 libro
568 1887 662 1938 cclcco
679 1883 780 1938 11111111
795 1883 960 1938 1111111111
985 1883 1065 1948 Eum,
1116 1883 1185 1936 dicio
1202 1883 1373 1938 iurisiurandi
1391 1885 1415 1938 ei
1431 1885 1476 1964 qui
1493 1881 1599 1936 detulit:
1618 1881 1726 1936 seduco
1739 1883 1925 1936 iusiurandum

258 1951 303 2020 qui
320 1951 417 2004 iurarit
435 1965 468 2004 ex
485 1967 516 2004 ea
533 1951 639 2004 actione
656 1967 726 2020 quae
741 1951 879 2006 infitiando
899 1951 994 2004 crescit
1017 1949 1065 2004 ali-
1117 1951 1149 2004 de
1168 1951 1299 2004 calumnia
1316 1951 1442 2004 referenti
1459 1951 1592 2014 defertur,
1616 1951 1679 2020 quia
1701 1965 1755 2004 non
1779 1957 1819 2004 cst
1835 1951 1924 2004 loreu-

258 2017 321 2086 quid
338 2017 389 2072 sibi
407 2017 504 2084 deberi,
521 2017 615 2086 simpli,
633 2033 688 2072 non
701 2017 775 2086 dupli
788 2019 1002 2088 persecutionem
1016 2017 1065 2072 sibi
1117 2017 1165 2072 dus
1189 2023 1277 2084 actor,
1301 2017 1324 2072 si
1349 2017 1512 2072 condicionis
1535 2033 1616 2086 quam
1637 2017 1694 2086 ipse
1717 2017 1811 2072 detulit
1828 2017 1861 2072 de
1879 2033 1924 2072 ca·

257 2085 396 2154 adquirere
411 2085 508 2140 Pedius
526 2085 576 2140 ait:
601 2085 706 2138 abunde
730 2087 798 2140 enim
821 2085 945 2150 sufficere
968 2101 1065 2140 exone·
1116 2091 1131 2140 8
1166 2085 1266 2140 lumnia
1281 2087 1344 2140 velit
1361 2085 1412 2140 sibi
1427 2085 1518 2140 iurari.
1553 2085 1616 2140 Non
1633 2101 1737 2154 semper
1753 2091 1842 2140 autem
1860 2101 1923 2140 con·

257 2167 315 2206 rare
332 2153 473 2220 petitorem
489 2151 620 2222 probandi
636 2153 803 2218 necessitate,
823 2169 882 2206 cum
899 2153 996 2206 omissa
1013 2155 1065 2206 bac
1115 2167 1212 2208 sonans
1238 2157 1278 2206 est
1300 2167 1350 2222 por
1367 2153 1455 2206 omnia
1472 2151 1565 2206 referri
1580 2155 1764 2208 iusiurandum
1782 2155 1860 2222 quale
1877 2153 1924 2206 dc·

276 2227 333 2272 arte
357 2221 437 2274 edicti
459 2221 533 2288 dupli
556 2221 626 2274 actio
650 2221 753 2288 integra
778 2227 898 2274 maneat:
926 2227 953 2274 et
977 2227 1067 2290 potest
1115 2221 1213 2284 fertur,
1235 2219 1348 2274 forsitan
1372 2235 1405 2274 cx
1422 2221 1572 2274 diuersitate
1589 2237 1676 2276 rerum
1692 2221 1734 2274 rel
1750 2235 1924 2290 personarum

257 2237 309 2340 dici
334 2287 387 2340 hoo
411 2287 507 2342 iudicio
534 2303 588 2342 non
614 2287 786 2356 principalem
813 2303 922 2342 causam
940 2287 1065 2352 exerceri,
1115 2287 1273 2356 quibusdam
1291 2287 1498 2356 emergentibus,
1521 2303 1588 2356 quae
1610 2289 1764 2344 varietatem
1780 2287 1911 2340 inducunt

259 2359 270 2408 1
308 2353 354 2408 sed
370 2353 553 2408 iusiurandum
578 2355 675 2408 actoris
699 2357 858 2410 conservari.
894 2353 922 2408 Si
944 2355 1065 2410 iuravere
1115 2355 1228 2422 ideoque
1244 2355 1268 2410 si
1285 2355 1349 2424 quid
1366 2357 1420 2410 tale
1436 2355 1571 2420 inciderit,
1590 2355 1678 2410 officio
1695 2355 1791 2410 iudicis
1809 2369 1924 2422 concep·

257 2425 283 2474 te
300 2421 420 2476 Stichum
437 2423 501 2476 mibi
518 2421 582 2476 dare
599 2427 729 2490 oportere,
748 2423 794 2492 qui
810 2439 864 2476 non
881 2423 917 2476 sit
931 2423 960 2476 in
977 2439 1065 2476 rerum
1116 2427 1131 2476 9
1165 2423 1202 2476 tio
1220 2423 1402 2476 huiuscemodi
1418 2423 1588 2476 iurisiurandi
1604 2423 1765 2478 terminetur.
1802 2421 1867 2476 (lum
1882 2435 1925 2476 res

257 2495 362 2554 natura,
379 2505 429 2544 nec
447 2489 656 2544 aestimationem
672 2491 737 2542 mihi
752 2497 890 2560 praestare
906 2507 968 2546 reus
986 2491 1066 2544 debet
1115 2491 1143 2544 in
1159 2489 1343 2544 iusiurandum
1361 2491 1476 2546 demissa
1493 2491 1534 2558 sit,
1552 2491 1632 2546 iudex
1649 2491 1780 2546 iurantem
1797 2489 1924 2544 absolvit:

257 2557 308 2610 nisi
326 2573 359 2612 ex
376 2573 458 2612 causa
474 2557 572 2612 furtiva
588 2557 629 2612 rel
650 2563 759 2626 propter
782 2575 884 2614 moras:
907 2563 972 2612 tunc
996 2559 1065 2612 enim
1114 2557 1272 2614 referentem
1286 2557 1377 2614 audiet
1391 2563 1426 2624 et,
1444 2561 1467 2614 si
1481 2565 1556 2614 actor
1568 2561 1646 2626 iuret,
1664 2557 1823 2614 condemnet
1835 2573 1924 2612 reum:

257 2629 272 2676 2
308 2627 387 2678 etiam
404 2631 466 2694 post
479 2631 591 2680 mortem
605 2627 673 2680 servi
687 2625 836 2680 aestimatio
849 2631 1010 2694 praestatur.
1037 2625 1066 2680 Si
1115 2627 1248 2680 nolentem
1264 2625 1354 2680 iurare
1370 2641 1445 2682 reum
1462 2627 1486 2680 si
1502 2627 1596 2692 solvat,
1613 2627 1734 2692 absolvit,
1751 2641 1806 2680 non
1821 2625 1923 2680 solven-

257 2691 484 2746 mulieriuraverit
494 2693 830 2758 dcccmdotissibideberi,
844 2699 902 2748 tota
917 2709 949 2746 ea
963 2707 1066 2746 summa
1115 2699 1169 2746 tem
1186 2695 1359 2750 condemnat:
1377 2711 1411 2750 cx
1426 2695 1556 2750 relatione
1573 2711 1627 2750 non
1644 2695 1752 2748 iurante
1769 2699 1860 2750 actore
1877 2693 1924 2746 ab·

257 2761 418 2826 praestanda
442 2767 495 2814 est:
519 2761 567 2814 sed
590 2761 613 2812 si
634 2761 733 2814 iuravit
756 2761 846 2814 decem
869 2777 898 2814 se
917 2761 1020 2814 dedisse
1037 2761 1065 2814 in
1115 2761 1192 2816 solvit
1208 2777 1291 2816 reum.

257 2827 352 2890 dotem,
371 2827 423 2882 hoc
437 2829 522 2882 solum
537 2843 591 2880 non
605 2829 655 2880 erit
671 2827 857 2896 quaerendum,
876 2845 911 2880 an
926 2827 989 2882 data
1003 2827 1064 2892 sint,
1148 2825 1188 2884 35
1206 2827 1326 2884 Pennus
1337 2827 1406 2882 libro
1420 2827 1561 2884 vicensimo
1576 2833 1669 2884 oclncc
1684 2827 1844 2882 meledictum
1868 2827 1925 2882 Tu·

257 2893 303 2948 ssd
321 2895 399 2962 quasi
416 2895 480 2948 data
497 2895 563 2958 sint,
582 2895 654 2962 quod
671 2911 704 2948 ex
722 2911 753 2948 eo
770 2895 846 2948 reddi
863 2901 969 2964 oportet
985 2911 1064 2962 prae·
1115 2899 1158 2950 tor
1174 2895 1268 2964 pupilli
1290 2895 1413 2950 omnibus
1435 2895 1636 2962 probationibus
1660 2895 1719 2950 aliis
1742 2895 1926 2950 deficientibus

257 2965 271 3014 3
306 2961 431 3016 standum
446 2965 504 3016 erit.
533 2963 565 3016 In
578 2961 752 3030 popularibus
767 2963 917 3016 actionibus
930 2961 1064 3016 11ιεί1111-
1114 2961 1297 3016 iusiurandum
1313 2961 1434 3016 deferens
1448 2963 1596 3016 audendus
1610 2967 1663 3016 est:
1682 2963 1841 3042 quandoque
1856 2963 1924 3016 enim

256 3027 318 3082 dum
336 3035 459 3082 exactum
475 3029 513 3082 ita
530 3029 634 3082 demum
651 3029 777 3082 adversus
795 3029 861 3082 ahos
884 3029 1016 3096 proderit,
1042 3027 1066 3082 si
1118 3035 1128 3082 1
1166 3029 1266 3098 pupillo
1294 3029 1467 3096 denegabitur
1493 3031 1572 3084 actio.
1612 3029 1743 3098 Prodigus
1774 3031 1797 3086 si
1822 3029 1924 3084 deferat

256 3095 396 3150 bonafide
414 3103 536 3150 exactum
552 3095 645 3148 fucrit:
668 3111 731 3148 nam
747 3101 775 3148 ct
792 3097 815 3148 ri
832 3095 890 3164 quis
909 3095 1004 3164 egerit,
1026 3097 1066 3148 ita
1114 3095 1312 3160 iusiurandum,
1330 3097 1479 3150 audiendus
1496 3113 1550 3150 non
1568 3101 1622 3150 est:
1645 3097 1767 3166 idemque
1783 3099 1812 3150 in
1829 3097 1924 3152 ceteris

257 3163 360 3216 demum
378 3163 510 3218 consumit
526 3163 660 3232 publicam
677 3163 817 3226 actionem,
836 3163 858 3214 si
875 3177 929 3216 non
945 3177 995 3232 per
1010 3163 1065 3216 col·
1115 3163 1242 3214 similibus
1262 3163 1286 3216 ei
1302 3161 1443 3218 dicendum
1461 3169 1509 3216 est.
1544 3179 1606 3216 nam
1623 3163 1678 3218 sire
1693 3179 1743 3242 pro
1761 3169 1841 3232 pacto
1860 3181 1923 3218 con·

256 3235 271 3282 4
305 3229 434 3284 lusionem
448 3237 538 3284 actum
553 3229 594 3284 sit.
631 3229 660 3282 Si
674 3229 785 3284 libertus
801 3229 936 3284 deferente
970 3235 1064 3284 atrono
1115 3235 1192 3282 vento
1210 3229 1264 3284 sire
1299 3245 1329 3284 ro
1347 3229 1480 3284 solutione
1496 3231 1551 3286 sive
1572 3245 1621 3298 pro
1645 3229 1742 3286 iudicio
1767 3233 1818 3286 boc
1841 3231 1924 3286 iusiu-

255 3297 351 3352 iurarit
368 3313 396 3352 se
419 3299 543 3352 libertum
565 3313 619 3352 non
643 3313 714 3362 esse,
737 3301 825 3358 ratum
848 3296 936 3352 haben
955 3313 1001 3350 um
1025 3301 1066 3352 est
1114 3295 1227 3350 randum
1250 3313 1280 3352 ce
1300 3297 1332 3362 't,
1356 3313 1412 3352 non
1435 3297 1469 3350 ab
1492 3297 1551 3352 aliis
1574 3297 1689 3352 delatum
1730 3299 1821 3352 robari
1838 3299 1925 3366 debet,

256 3365 450 3430 iusiurandum,
474 3371 506 3418 ut
527 3381 577 3420 nec
599 3379 740 3432 operarum
756 3363 849 3432 petitio
866 3379 916 3418 nec
934 3365 1065 3418 bonorum
1115 3369 1129 3418 2
1165 3379 1245 3432 quarn
1278 3365 1307 3418 ui
1324 3363 1359 3418 ad
1381 3365 1448 3418 haec
1471 3365 1571 3418 habiles
1595 3369 1664 3418 sunt.
1702 3315 1752 3432 (dui
1775 3381 1830 3420 non
1853 3383 1925 3420 com·

257 3437 270 3484 t
305 3433 437 3502 possessio
456 3437 549 3486 contra
565 3433 671 3484 tabulas
689 3431 747 3484 dari
761 3431 875 3484 debeat.
901 3431 929 3484 Si
943 3431 1064 3484 iurarero
1114 3429 1248 3498 pelluntur
1291 3447 1368 3486 omae
1383 3431 1511 3484 iudicium
1528 3431 1662 3510 accipere,
1679 3447 1729 3488 nec
1746 3433 1835 3488 iurare
1852 3449 1924 3486 com·
1969 3439 1970 3444 ’

257 3499 471 3554 usumfructum
497 3499 561 3552 mibi
584 3499 641 3552 dari
663 3503 800 3566 oportere,
825 3513 880 3550 non
906 3499 984 3552 aliter
1007 3497 1065 3552 dari
1114 3497 1227 3568 pellendi
1245 3505 1316 3562 sunt,
1333 3505 1365 3552 ut
1381 3499 1460 3566 legati
1476 3499 1659 3568 proviucrales.

258 3567 350 3630 debet,
374 3583 453 3636 quam
477 3565 500 3622 si
523 3583 630 3622 caveam
647 3565 710 3620 honi
727 3567 776 3622 riri
793 3565 924 3622 arbitratu
940 3583 983 3620 me
1000 3583 1063 3620 usu·
1148 3561 1188 3622 36
1211 3565 1358 3622 Humerus
1377 3565 1446 3622 libro
1468 3567 1609 3622 vicensimo
1625 3567 1738 3636 septimo
1756 3565 1794 3622 ud
1809 3567 1924 3622 ccllclum

257 3651 314 3688 rum
332 3640 359 3688 et
374 3635 450 3688 finito
468 3649 519 3688 usu
536 3633 627 3688 fructu
643 3633 836 3688 restituturum.
1115 3631 1143 3686 Si
1160 3637 1236 3688 actor
1253 3633 1356 3688 deferat
1373 3633 1556 3688 iusiurandum
1573 3633 1607 3688 de
1628 3637 1686 3688 sola
1709 3635 1854 3690 constituta
1877 3651 1923 3704 pe-

290 3699 327 3760 31
350 3703 443 3756 Grrcs
457 3703 525 3756 libro
544 3703 697 3772 trlpcnrlmo
715 3701 882 3754 meledictum
894 3701 1065 3770 provinciale
1115 3701 1194 3754 cunia
1210 3705 1314 3754 atreus
1330 3701 1467 3766 iurauerit,
1485 3715 1548 3756 exce
1568 3701 1641 3756 tione
1657 3707 1755 3766 utetur,
1773 3703 1844 3756 side
1859 3719 1923 3756 con·

256 3769 423 3824 Admoncndi
446 3785 536 3822 sumus
559 3769 692 3822 interdum
709 3769 789 3822 etiam
805 3773 867 3838 post
882 3767 1065 3822 iusiurandum
1115 3767 1209 3820 stituta
1226 3769 1412 3824 conveniatur:
1430 3769 1479 3824 sed
1495 3769 1518 3824 si
1554 3773 1665 3834 esorte,
1682 3769 1710 3822 id
1727 3775 1768 3822 est
1785 3769 1818 3822 de
1853 3769 1924 3824 riore

257 3841 378 3890 exactum
400 3835 517 3904 permitti
540 3835 773 3890 constitutionibus
795 3835 945 3904 principum
969 3847 1002 3888 cx
1022 3835 1065 3888 in·
1115 3835 1274 3904 obligatione
1286 3835 1468 3902 conveniatur,
1486 3835 1605 3904 exceptio
1624 3835 1746 3902 cessabit,
1763 3837 1814 3892 nisi
1827 3787 1860 3890 de
1872 3839 1923 3892 hac

257 3909 327 3974 tegno
347 3919 455 3958 causam
473 3919 563 3972 agere,
581 3905 605 3958 si
623 3903 681 3972 qtds
698 3919 768 3958 nova
784 3905 961 3958 instrumenta
977 3917 1007 3958 se
1023 3901 1065 3956 in·
1115 3919 1167 3970 quo
1186 3919 1220 3956 ue
1236 3901 1363 3958 iurauerit
1379 3903 1530 3960 adversario
1548 3903 1689 3958 deferente.

257 3973 358 4026 venisse
376 3971 462 4036 (11111,
480 3973 576 4040 quibus
594 3987 666 4024 nnnc
683 3971 746 4024 solis
764 3985 862 4026 usurus
879 3971 922 4024 sit.
950 3969 998 4024 sed
1014 3969 1066 4024 hae
1151 3919 1191 4028 3ql
1214 3967 1375 4026 Urtemrrcs⁵
1393 3971 1460 4026 libro
1478 3973 1629 4026 tricensimo
1647 3973 1725 4024 lertio
1748 3971 1786 4024 acl
1808 3971 1923 4024 11111111

258 4039 458 4094 constitutiones
482 4043 546 4094 tunc
570 4039 693 4094 ridentur
714 4039 803 4092 locum
824 4039 938 4102 habere,
965 4053 1026 4092 oum
1049 4053 1066 4090 a
1115 4037 1144 4091 Si
1160 4055 1215 4094 non
1231 4039 1312 4092 fuerit
1328 4039 1469 4094 remissum
1490 4039 1674 4094 iusiurandum
1697 4039 1731 4094 ab
1756 4053 1787 4092 co
1809 4039 1856 4108 qui
1878 4039 1923 4092 de·

257 4107 342 4162 indice
359 4105 394 4160 ali
412 4105 453 4160 uis
472 4105 609 4162 absolutus
626 4105 708 4160 fuerit
726 4107 822 4168 (solent
839 4107 909 4160 enim
926 4119 1006 4174 saepe
1023 4105 1064 4160 iu·
1115 4105 1213 4172 tulerit,
1231 4105 1278 4160 sed
1295 4105 1329 4162 de
1346 4107 1479 4160 calumnia
1495 4123 1551 4162 non
1565 4107 1676 4172 iuratur,
1694 4121 1860 4176 consequens
1874 4111 1923 4170 est,
1942 4123 1943 4126 ¹

258 4173 327 4228 dices
343 4173 372 4228 in
389 4123 477 4228 dubiis
496 4173 583 4228 causis
608 4179 702 4228 exacto
725 4173 895 4228 iureiurando
920 4173 1065 4228 secundum
1115 4177 1146 4226 ut
1163 4173 1259 4228 debeat
1276 4173 1402 4242 denegari
1419 4175 1443 4228 ei
1460 4175 1545 4228 actio:
1568 4175 1619 4228 sibi
1637 4175 1706 4228 enim
1727 4173 1854 4244 imputet,
1878 4173 1923 4240 qui

258 4257 315 4294 eum
331 4241 450 4294 indicare
468 4241 513 4310 qui
529 4241 677 4306 iuraveritl:
696 4243 767 4310 quod
784 4243 807 4294 si
824 4243 889 4294 abas
906 4241 976 4294 inter
991 4241 1065 4310 ipsos
1114 4243 1245 4308 processit
1261 4241 1296 4296 ad
1314 4243 1473 4296 delationem
1489 4241 1660 4296 iurisiurandi
1677 4257 1728 4296 nec
1740 4243 1814 4320 prius
1829 4241 1863 4294 de
1878 4255 1924 4294 ca·

257 4309 424 4362 iureiurando
442 4313 607 4364 transactum
623 4309 659 4364 sit
675 4309 819 4378 negotium,
836 4325 891 4364 non
909 4309 1065 4364 conceditur
1114 4309 1213 4364 lumnia
1229 4309 1333 4376 iuravit,
1351 4315 1383 4364 ut
1400 4309 1434 4364 sit
1450 4309 1500 4364 istc
1514 4309 1657 4364 remittenti
1670 4309 1770 4364 simihs.

258 4375 365 4430 eandem
383 4391 492 4430 causam
505 4381 660 4430 retractare.
1073 4409 1074 4412 =
1149 4373 1189 4436 38
1206 4375 1326 4432 Pectus
1346 4377 1413 4432 libro
1437 4379 1592 4448 tricensimo
1614 4379 1726 4448 septimo
1748 4375 1788 4430 cd
1808 4375 1923 4430 edictum

290 4439 537 4502 3211111111
557 4445 625 4498 libro
645 4483 717 4498 .....
736 4443 949 4514 differentiarum
982 4443 1064 4498 Iuris·
1114 4443 1273 4500 Manifestae
1289 4445 1463 4514 turpitudinis
1481 4449 1507 4498 et
1523 4443 1697 4498 confessionis
1715 4447 1755 4498 est
1778 4441 1849 4496 nolle
1871 4459 1922 4498 nec

258 4509 360 4564 iurandi
376 4511 489 4578 gratiam
505 4511 594 4564 facere
611 4511 726 4580 pupillus
744 4527 798 4566 non
815 4515 912 4580 potest.
1114 4513 1203 4568 iurare
1219 4529 1267 4568 nec
1283 4513 1467 4568 iusiurandum
1483 4511 1589 4566 referre.

290 4575 329 4634 33
353 4577 498 4632 Uurmnus
518 4579 586 4632 libro
609 4579 752 4632 uicensimo
770 4583 863 4634 octauo
881 4579 918 4632 ccl
934 4575 1064 4632 Sabinum
1104 4603 1105 4606 ¹
1148 4577 1188 4636 39
1205 4579 1723 4648 111111111111111111911111111
1757 4575 1852 4642 Siquis
1862 4593 1923 4630 cum

258 4643 594 4780 inauditum
610 4645 694 4766 ml
707 4645 1065 4778 tltsttbttlftfl
1114 4645 1364 4768 3331111111
1373 4645 1586 4780 intitulati
1600 4643 1762 4764 tauma
1777 4647 1924 4766 austu

992 4753 999 4778 ‚
1053 4743 1064 4756 .

259 4783 351 4844 tamen,
370 4781 392 4834 si
409 4779 517 4834 nonita
535 4779 685 4848 specialiter
701 4779 885 4834 iusiurandum
903 4781 928 4834 ei
947 4779 1065 4834 delatum
1115 4781 1250 4850 quodlibet
1265 4781 1362 4836 iecisre
1379 4779 1421 4834 rel
1437 4795 1492 4834 non
1508 4777 1617 4842 fecisse,
1640 4777 1716 4846 isque
1732 4777 1872 4846 iuraverit,
1896 4783 1923 4834 et

259 4851 304 4922 est,
313 4847 415 4902 iurasse
424 4863 479 4900 non
492 4847 609 4900 ridetur:
625 4851 652 4900 ct
665 4845 725 4900 idco
742 4861 774 4900 ex
787 4847 889 4916 integro
904 4847 1065 4904 sollemniter
1115 4849 1233 4918 exceptio
1251 4847 1423 4904 iurisiurandi
1440 4847 1498 4900 dari
1520 4845 1626 4900 debebit
1649 4853 1676 4900 et
1697 4845 1815 4902 solutum
1837 4849 1924 4918 repeti

257 4915 394 4968 iurandum
408 4919 457 4968 cst.
1057 4961 1058 4964 ,
1114 4917 1225 4984 poterit:
1244 4921 1284 4972 est
1303 4917 1372 4970 enim
1388 4915 1460 4968 iusta
1478 4915 1629 4978 conventio,
1649 4915 1671 4968 si
1688 4915 1822 4984 quaelibet
1840 4931 1924 4972 causa

260 5045 265 5056 ,
290 4977 429 5038 341111
448 4981 515 5036 libro
538 4981 679 5038 vicensimo
701 4987 781 5038 sexte
803 4981 970 5038 1111111111
1004 4983 1063 5038 Ius·
1114 4985 1142 5038 iu
1160 4981 1756 5038 111111111111111111111(1111111111.

258 5049 393 5102 iurandum
411 5055 438 5104 et
455 5049 490 5102 ad
506 5049 633 5116 pecunias
652 5053 678 5102 et
695 5049 731 5102 ad
748 5065 838 5104 omnes
856 5051 1002 5102 nesiorum
1014 5049 1064 5104 ha-
1149 5047 1189 5108 40
1206 5049 1287 5104 luen
1301 5049 1368 5104 libro
1386 5051 1464 5104 tertio
1482 5049 1582 5116 decimo
1598 5049 1761 5120 digestorum
1786 5053 1923 5106 Iusiuran-

258 5113 314 5168 bet:
333 5117 411 5170 etiam
430 5117 462 5170 de
480 5117 566 5184 operis
583 5115 765 5170 iusiurandum
779 5113 876 5170 deferri
890 5121 987 5182 potest.
1013 5131 1065 5170 ncc
1115 5117 1179 5170 dum
1195 5133 1212 5170 a
1228 5117 1347 5172 debitore
1364 5121 1488 5170 exactum
1505 5115 1600 5184 efficit,
1622 5123 1654 5170 ut
1670 5119 1765 5188 pignus
1782 5119 1923 5174 liberetur:

259 5179 290 5234 de
306 5185 401 5238 iniuria
419 5185 493 5252 queri
511 5183 678 5240 adversarius
696 5189 799 5252 potest,
824 5199 885 5236 cum
907 5185 993 5250 possit
1008 5183 1063 5238 ius-
1115 5191 1155 5238 est
1173 5185 1242 5238 enim
1257 5185 1310 5238 boc
1333 5185 1530 5254 acceptilationi
1552 5185 1649 5240 simile:
1673 5191 1828 5254 perpetuam
1852 5191 1924 5240 certe

258 5247 395 5304 iurandum
411 5251 519 5304 referre.
546 5251 609 5320 quid
626 5257 730 5316 tamen,
749 5251 771 5304 si
787 5251 847 5304 ideo
866 5249 938 5304 dicat
954 5265 1016 5304 reus
1034 5267 1064 5304 se
1115 5251 1295 5320 exceptionem
1312 5251 1391 5320 parit.
1421 5251 1521 5308 idcirco
1538 5269 1652 5322 poenam
1670 5269 1774 5322 quoquc
1790 5259 1923 5324 petentem

258 5313 402 5384 liberatum,
422 5317 546 5386 quoniam
563 5317 691 5382 Stichum,
709 5335 787 5386 quem
803 5317 969 5386 promiserat,
986 5323 1065 5386 putat
1115 5317 1271 5374 creditorem
1294 5319 1449 5386 exceptione
1466 5321 1623 5376 summoned
1640 5325 1745 5390 oportet
1763 5327 1789 5374 et
1806 5323 1923 5374 solutum

260 5383 420 5440 decessisse?
446 5401 500 5440 non
523 5387 574 5440 erit
595 5389 670 5440 tutus
692 5401 742 5452 per
763 5385 927 5440 relationem.
956 5389 983 5440 et
1004 5383 1063 5440 ideo
1114 5387 1198 5452 repeti
1220 5391 1323 5454 potest,
1347 5391 1442 5456 utpote
1468 5403 1528 5442 cum
1553 5389 1708 5458 interposito
1735 5403 1767 5442 eo
1793 5389 1827 5440 ab
1850 5387 1923 5446 omui

260 5465 290 5504 cx
305 5453 356 5506 hac
374 5469 456 5508 causa
473 5457 552 5522 putat
567 5453 726 5518 Marcellus,
752 5459 778 5506 et
793 5459 879 5518 recto,
904 5459 952 5508 aut
974 5453 1064 5506 remit·
1115 5453 1295 5506 controversia
1313 5453 1472 5510 discedatur.

258 5521 363 5574 tendum
380 5521 405 5576 ei
421 5521 604 5576 iusiurandum
620 5525 669 5576 aut
684 5521 799 5590 spatium
816 5521 941 5586 dandum,
959 5525 990 5574 ut
1007 5535 1064 5574 cer·
1148 5517 1187 5574 41
1207 5519 1380 5578 Pomponius
1400 5523 1468 5580 libro
1490 5523 1626 5596 aepulari
1640 5521 1807 5594 :equarum
1829 5521 1923 5576 Labeo

257 5689 287 5752 lt)
305 5691 749 5754 etact.et]actionemctcxhacscr.
884 5693 918 5756 (a)
936 5689 1062 5740 dariHul.
1115 5689 1303 5752 parentibusF¹
1423 5695 1454 5758 (5)
1472 5695 1575 5746 idemB
1697 5691 1731 5758 (a)
1750 5691 1923 5740 condicionem

259 5759 288 5819 13]
306 5757 408 5810 sibiFS
508 5759 540 5820 14)
557 5757 664 5812 sams
672 5777 724 5812 cum
733 5759 1064 5824 B,nequepatroncnequc
1116 5773 1163 5806 scr.
1854 5791 1856 5794 -
