4366 6258
285 355 471 424 XXXXVII
495 361 559 424 ia

283 545 312 598 et
332 541 504 594 iniuriarum:
533 543 561 592 et
584 537 607 592 si
629 537 699 592 forte
721 539 792 594 huuc
816 537 930 592 eundem
953 535 1087 604 occiderit,

283 613 298 662 5
332 607 419 660 tribus
433 607 584 660 actionibus
600 607 740 658 tenebitur.
767 607 832 658 Item
851 605 874 658 si
892 605 950 672 quis
965 605 1089 658 ancillam

282 673 396 726 alienam
414 673 546 742 subripuit
564 675 591 726 et
607 671 777 740 flagitaverit,
794 679 908 740 utraque
926 673 1030 724 actione
1048 679 1087 726 te-

282 739 400 806 nebitur,
424 755 486 792 nain
508 745 534 792 et
555 739 624 794 servi
646 741 763 808 corrupti
786 739 828 806 agi
850 739 949 806 poterit
970 745 997 792 et
1013 739 1088 794 furti.

283 811 298 860 6
332 805 399 860 Item
417 807 439 860 si
457 805 515 874 quis
527 823 632 862 serium
644 807 798 868 vulneravit,
833 823 896 858 uem
910 807 1088 874 subripuerat,

281 889 365 952 aeque
392 873 461 928 duae
488 875 606 928 actiones
632 875 720 928 locum
751 823 889 928 habebunt
912 873 1036 940 Aquiliae
1062 877 1089 928 et

281 937 432 1060 forpIDEM
456 1007 522 1060 libro
545 1009 663 1062 secando
686 1009 718 1062 dc
740 1007 834 1078 officio
851 1007 1027 1086 proconsulis
1061 1007 1089 1060 Si

283 1073 341 1142 quis
358 1075 502 1138 actionem,
527 1089 594 1140 quae
613 1089 646 1128 ex
663 1073 796 1128 maleficiis
819 1081 910 1140 oritur,
935 1075 996 1128 velit
1013 1089 1088 1128 exse-

282 1141 342 1208 qui:
360 1141 384 1194 si
401 1141 505 1210 quidem
542 1141 702 1196 ecuniariter
718 1157 795 1210 agere
814 1141 888 1208 velit,
907 1141 942 1196 ad
957 1143 999 1196 ius
1017 1141 1088 1196 ordi-

281 1209 386 1262 narium
403 1159 576 1264 remittendus
593 1209 644 1264 erit
660 1225 710 1264 nec
725 1209 857 1278 cogendus
875 1211 927 1264 erit
942 1211 971 1262 in
989 1209 1088 1264 crimen

283 1275 462 1330 subscribere:
482 1277 612 1330 enimvero
630 1277 654 1330 si
668 1283 744 1330 extra
758 1277 876 1330 ordinem
894 1277 950 1330 eius
968 1277 1008 1330 rei
1024 1293 1087 1344 poe-

281 1345 478 1464 namtpperceri
495 1345 571 1408 velit,
594 1351 659 1398 tunc
682 1345 849 1400 subscribere
867 1361 927 1398 euin
944 1345 971 1398 in
989 1345 1088 1398 crimen

282 1425 348 1480 opor
394 1411 423 1464 it.

657 1615 716 1678 11¹.

588 1717 636 1768 nn
653 1715 780 1768 nosris

318 1813 352 1874 1²
379 1815 496 1870 Penios
525 1817 594 1872 libro
626 1815 780 1886 impensione
808 1831 879 1870 nono
905 1817 942 1870 od
973 1817 1087 1872 edictam

283 1885 434 1938 Furtuma
462 1883 555 1948 furno,
584 1883 612 1936 id
635 1889 677 1938 est
699 1883 774 1950 nigro
803 1881 904 1936 dictum
927 1885 1017 1938 Labeo
1042 1885 1103 1948 ait,

299 1951 354 2008 nod
371 1953 439 2006 clam
457 1953 483 2004 et
500 1951 614 2004 obscuro
630 1951 678 2004 fiat
696 1955 723 2004 et
758 1951 894 2020 letumque
909 1957 999 2006 nocte:
1017 1951 1058 2004 vel
1072 1969 1089 2004 a

281 1969 383 2086 baudo,
401 2023 432 2072 ut
449 2017 562 2074 Sabinus
581 2019 629 2072 ait:
647 2019 690 2072 vel
706 2033 723 2070 a
739 1969 848 2072 leiendo
866 2021 911 2074 et³
929 2017 1086 2074 auferendo:

282 2087 323 2140 rel
346 2103 362 2140 a
380 2085 483 2140 Graeco
501 2101 634 2152 sermone,
658 2085 705 2154 qni
727 2089 819 2158 φῶρας
842 2087 978 2154 appellant
1001 2085 1086 2140 iures:

281 2155 361 2210 immo
385 2159 413 2208 et
437 2155 531 2208 Graeci
561 2149 614 2206 ἀπὸ
643 2155 692 2206 τοῦ
740 2159 810 2206 docta
838 2157 931 2226 φῶρας
956 2155 1086 2208 dixerunt.

285 2228 296 2275 t
332 2223 397 2278 lude
415 2223 472 2278 sola
485 2239 516 2278 oo
535 2221 611 2276 'tatio
628 2221 703 2276 furti
722 2203 825 2276 aclendi
842 2239 896 2278 uon
911 2223 975 2276 iacit
993 2221 1086 2276 iurem.

283 2295 297 2344 i
332 2291 376 2344 Sic
393 2291 428 2356 is,
451 2289 497 2358 qui
531 2291 662 2358 epositum
680 2291 808 2358 abnegat,
831 2307 885 2344 non
902 2291 992 2344 statim
1009 2291 1088 2344 etiam

282 2357 347 2412 furti
368 2363 489 2422 tenetur,
513 2359 561 2412 sed
583 2359 634 2424 ita,
659 2359 682 2412 si
698 2359 726 2412 id
742 2357 927 2438 intercipiendi
944 2373 1025 2412 causa
1043 2373 1088 2412 oc-

283 2431 297 2480 3
332 2427 479 2482 saltarent.
505 2425 618 2478 Furtum
634 2431 675 2480 est
689 2431 864 2480 contrectatio
878 2425 917 2478 rei
933 2425 1089 2480 fraudulosa

281 2491 486 2547 lucrifaciendi
503 2493 589 2564 gratia
614 2491 657 2546 iel
678 2493 762 2560 ipsius
791 2491 830 2546 rei
852 2493 894 2546 vel
922 2493 1000 2546 etiam
1023 2509 1088 2548 usus

282 2559 339 2614 eins
360 2559 576 2628 possessionisve.
613 2559 684 2626 qaod
706 2561 762 2626 lege
786 2559 903 2612 naturali
925 2559 1089 2628 prohibitum

282 2633 323 2680 est
340 2627 487 2682 admittere.

316 2691 335 2752 2
361 2695 452 2750 anius
475 2695 542 2748 libro
567 2695 643 2746 tertio
667 2693 768 2748 decimo
792 2695 828 2748 cd
854 2695 986 2748 edictum⁴
1020 2695 1087 2748 Fur·

281 2767 369 2884 porum
392 2777 489 2830 genera
512 2761 564 2818 duo
587 2765 664 2826 sunt,
689 2761 856 2818 manifestum
880 2769 906 2816 et
932 2779 981 2816 uec
1006 2763 1087 2816 maui-

293 2835 387 2886 estum.
911 2879 915 2884 .

316 2895 334 2956 3
359 2899 503 2954 Uarianos
523 2899 591 2952 libro
609 2899 835 2968 poodropensimo
849 2901 940 2968 primo
958 2899 996 2952 ccl
1011 2897 1088 2954 Sobi-

282 2983 345 3020 uum
368 2965 426 3020 Fur
438 2971 478 3022 est
488 2965 653 3034 manifestus,
667 2983 744 3034 quem
751 2967 847 3022 Graeci
861 2961 901 3020 ἐπ’
917 2959 1089 3036 αὐτοφώρῳ5

282 3035 631 3156 illillliti⁰ieiii³li
645 3035 916 3158 ttttttttttitt
932 3033 1087 3156 “iiiiii

282 3175 297 3224 t
332 3183 363 3224 eo
383 3119 457 3224 luitis
475 3187 517 3224 res
534 3143 586 3224 fult
608 3119 645 3224 al
660 3171 694 3224 ab
713 3121 774 3226 allo.
811 3171 863 3226 Sed
880 3145 971 3224 utinm
987 3171 1026 3224 ita
1043 3169 1088 3224 de-

281 3253 353 3292 mum
369 3237 414 3292 fur
431 3239 465 3292 sit
481 3237 651 3306 manifestus,
676 3239 743 3292 siin
761 3239 881 3294 iaciendo
905 3239 976 3292 furto
996 3239 1088 3306 depre-

281 3307 426 3370 hendatur,
450 3323 485 3360 aa
496 3321 564 3370 ‚iero
581 3313 609 3362 et
626 3307 648 3362 si
672 3307 769 3360 alicubi
791 3307 870 3362 fuerit
888 3307 1087 3376 deprehensus?

282 3379 309 3428 et
331 3375 415 3442 magis
438 3381 491 3442 est,
518 3379 548 3428 ut
571 3381 598 3430 et
620 3375 740 3430 Iulianus
762 3377 882 3444 scripsit,
905 3377 956 3430 etsi
979 3391 1033 3430 non
1051 3375 1088 3430 ibi

281 3441 502 3510 deprehendatur,
520 3443 567 3498 uhi
584 3443 684 3498 furtum
701 3443 770 3510 fecit,
789 3445 912 3498 adtamen
927 3459 985 3498 esse
1001 3443 1088 3498 furem

281 3511 463 3578 manifestum,
493 3511 517 3566 si
540 3529 600 3566 cuin
623 3527 652 3566 re
674 3511 771 3566 furtiva
794 3511 875 3566 fuerit
897 3511 1086 3580 adprehensus,

281 3577 354 3646 prius
374 3595 436 3632 uam
453 3593 484 3632 eo
502 3579 555 3632 loci
571 3593 627 3632 reni
644 3579 795 3646 pertulerit,
814 3595 865 3646 quo
884 3577 1086 3634 destinaverati.

315 3595 471 3700 iliacos
492 3645 560 3700 libro
578 3661 648 3700 nouo
667 3647 703 3700 od
720 3645 849 3700 Sabinum
886 3645 951 3712 ‘Quo
971 3647 1086 3700 destina·

282 3711 357 3768 ‘ierit
374 3711 432 3780 quis
450 3711 563 3768 auferre’
581 3713 620 3766 sic
635 3713 816 3782 accipiendum
834 3715 876 3768 est
893 3717 954 3782 ‘quo
971 3715 1086 3768 destina-

282 3779 356 3834 ‘verit
373 3795 405 3834 eo
423 3781 587 3836 dismanare
605 3797 665 3834 cum
683 3797 713 3836 eo
731 3781 819 3834 furto'.

315 3845 334 3904 5
358 3847 503 3904 Uarinius
522 3849 589 3904 libro
608 3849 833 3920 paodropcaa'mo
850 3849 939 3930 primo
956 3849 994 3904 oct
1010 3847 1087 3904 Soti-

282 3933 344 3970 mim
370 3917 430 3970 Sive
444 3917 524 3988 igitur
537 3919 566 3970 in
582 3917 690 3986 publico
706 3919 759 3972 sive
775 3917 804 3970 in
822 3921 926 3984 privato
941 3917 1086 3986 deprehen·

281 3985 368 4052 datur,
388 3991 528 4054 antequam
546 3985 582 4042 ad
594 3987 683 4040 locum
700 3985 860 4040 destinatum
874 4001 930 4040 rem
945 3985 1084 4066 perferret,

281 4053 309 4108 in
331 4069 363 4106 ea
386 4069 467 4108 causa
489 4059 542 4120 est,
564 4057 595 4108 ιιι
617 4053 662 4108 fur
686 4053 841 4108 manifestus
864 4053 911 4120 sit,
934 4069 957 4108 si
981 4069 1041 4108 cum
1058 4069 1087 4108 re

285 4127 294 4174 t
332 4121 430 4176 furtiva
443 4123 668 4190 deprehendatur:
687 4123 762 4176 etita
775 4123 882 4174 Cassius
896 4121 1011 4190 scripsit.
1035 4123 1086 4176 Sed

282 4189 304 4244 si
321 4189 432 4256 pertulit
445 4205 497 4258 quo
513 4189 661 4252 destinavit,
680 4189 783 4242 tametsi
801 4189 1013 4258 deprehendatur
1028 4207 1087 4244 cum

280 4273 310 4312 re
329 4255 434 4322 furdva,
452 4273 505 4310 non
523 4263 564 4312 est
581 4255 736 4312 manifestus
754 4255 805 4312 fur.

317 4321 335 4380 6
353 4323 472 4378 Parios
486 4325 554 4378 libro
572 4339 642 4378 nono
660 4323 697 4378 ool
713 4323 841 4382 Sabinam
877 4323 1000 4394 Quamvis
1018 4327 1087 4378 enini

284 4407 361 4460 saepe
378 4393 479 4446 furtum
497 4393 686 4462 contrectando
702 4391 762 4458 fiat,
786 4397 877 4446 tamen
893 4393 981 4458 initio,
1001 4393 1029 4446 id
1047 4399 1087 4448 est

283 4459 398 4514 faciendi
413 4459 479 4512 furti
495 4465 627 4528 tempore,
651 4461 811 4516 constituere
827 4461 914 4516 visum
932 4465 984 4528 est,
1003 4461 1086 4516 mani·

283 4529 367 4584 festus
384 4543 433 4582 nec
449 4543 483 4582 ne
500 4525 544 4582 iar
562 4531 639 4582 esset.

1077 349 1145 424 tot

1760 365 1805 412 DE
1829 363 1944 412 FURTIS

1140 541 1155 592 3
1190 535 1359 590 manifestam
1371 549 1443 592 esse:
1461 533 1592 604 Parrique
1606 533 1706 588 referre
1741 535 1807 600 utet,
1826 529 1945 588 dominus

1139 619 1174 658 an
1191 603 1294 658 ricinus
1312 619 1348 658 an
1365 603 1476 672 qiiilihet
1492 601 1624 658 transiens
1642 601 1676 656 ad
1694 549 1831 656 relendat.

1175 667 1192 726 8
1219 671 1311 726 Gaios
1331 671 1399 724 libro
1424 669 1625 724 tertiodecimo
1703 669 1817 724 edictum
1835 669 1945 740 prociu-

1139 739 1209 794 ot'ole
1247 739 1305 792 Nec
1334 737 1503 792 manifestum
1528 735 1629 790 furtum
1656 737 1722 804 quid
1748 739 1797 802 sit,
1823 741 1944 804 apparet:

1139 821 1201 860 nam
1218 805 1290 874 quod
1306 805 1476 860 manifestum
1492 821 1547 860 non
1565 811 1617 872 est,
1635 805 1687 860 hoc
1705 805 1807 860 scilicet
1823 819 1874 858 nec
1891 815 1945 858 ma-

1139 873 1264 928 nifestum
1281 877 1330 928 est.

1174 937 1192 996 9
1217 939 1388 994 Pomponius
1413 939 1481 994 libro
1503 943 1582 994 scroto
1604 941 1642 994 od
1662 937 1791 994 Sabinam
1829 939 1878 1006 Ei,
1902 943 1946 1006 qui

1139 1007 1203 1060 furti
1231 1009 1363 1062 actionem
1384 1007 1479 1072 habet,
1508 1007 1620 1060 adsidua
1646 1009 1855 1062 contrectatione
1881 1005 1945 1064 diris

1139 1091 1193 1128 uon
1209 1075 1294 1142 magis
1312 1075 1377 1128 furti
1394 1075 1464 1128 actio
1483 1075 1557 1128 nasci
1574 1077 1675 1144 potest,
1694 1089 1728 1128 ne
1744 1075 1773 1128 in
1787 1075 1816 1128 id
1834 1075 1945 1142 quidem,

1142 1147 1153 1194 t
1190 1141 1217 1194 iu
1239 1143 1311 1262 qlwd
1334 1141 1459 1196 crevisset
1481 1147 1576 1210 postea
1604 1159 1647 1198 res
1670 1141 1808 1212 subrepta.
1849 1141 1902 1196 aet
1924 1145 1946 1198 si

1140 1225 1198 1264 eam
1216 1225 1232 1262 a
1262 1225 1309 1264 ure
1325 1209 1509 1274 vindicassem,
1529 1209 1660 1264 conmotio
1675 1209 1739 1264 mihi
1754 1211 1877 1264 manebit.
1901 1213 1946 1266 sed

1138 1283 1227 1346 potest
1245 1279 1299 1330 dici
1316 1277 1405 1330 officio
1422 1277 1527 1342 iudicis,
1545 1277 1590 1346 qui
1608 1277 1641 1330 de
1657 1279 1821 1346 proprietate
1836 1293 1945 1346 cognos-

1140 1345 1184 1410 cit,
1202 1343 1344 1410 contineri,
1367 1351 1398 1398 ut
1416 1361 1470 1398 nou
1487 1345 1564 1398 aliter
1581 1345 1675 1400 iubeat
1690 1345 1806 1412 restitui,
1829 1347 1945 1414 quamsi

1140 1411 1332 1468 condictionem
1355 1413 1453 1480 petitor
1475 1413 1634 1468 remitteret:
1658 1413 1730 1480 quod
1748 1413 1772 1468 si
1789 1429 1823 1468 ex
1840 1414 1944 1468 condic·

1138 1479 1212 1534 tione
1229 1485 1291 1534 aute
1308 1477 1450 1534 dimnatus
1473 1495 1535 1534 reus
1559 1481 1612 1534 litis
1631 1481 1840 1534 aestimationem
1857 1487 1944 1536 sustu·

1139 1547 1219 1612 lerit,
1241 1553 1272 1600 ut
1298 1553 1346 1602 aut
1370 1549 1519 1602 omnimodo
1546 1549 1668 1602 absolvat
1693 1565 1767 1602 reum
1793 1555 1840 1602 aut
1865 1549 1944 1616 (quod

1139 1615 1224 1684 magis
1241 1615 1347 1684 placet),
1365 1615 1389 1670 si
1405 1621 1515 1684 paratus
1532 1621 1603 1670 esset
1620 1615 1719 1684 petitor
1736 1615 1945 1672 aestimationem

1139 1683 1280 1738 restituere
1302 1699 1353 1738 nec
1375 1683 1532 1738 restituetur
1549 1683 1573 1736 ei
1590 1685 1682 1750 homo,
1709 1683 1852 1752 quantita
1874 1683 1945 1740 litem

1140 1751 1263 1816 iurasset,
1283 1751 1454 1804 damnaretur
1471 1749 1497 1804 ei
1513 1765 1661 1820 possessor.

1177 1815 1214 1874 li)
1238 1819 1383 1872 [insinuas
1409 1819 1476 1874 libro
1499 1819 1642 1872 vicensimo
1666 1833 1739 1872 nouo
1759 1817 1797 1870 od
1818 1815 1944 1872 Sabinam

1140 1885 1222 1940 Unius
1239 1885 1361 1940 interluit
1377 1901 1431 1940 non
1448 1885 1563 1954 subripi,
1586 1885 1609 1938 is
1627 1885 1758 1940 actionem
1775 1885 1841 1938 furti
1856 1885 1944 1940 habet.

1177 1951 1210 2008 ll
1233 1951 1351 2008 Paucos
1366 1953 1433 2008 libro
1451 1969 1522 2008 aoao
1540 1953 1578 2008 od
1588 1951 1717 2008 Sabinam
1744 1953 1812 2006 Tum
1829 1951 1853 2006 is
1871 1953 1944 2008 cuius

1139 2019 1249 2074 interest
1274 2019 1339 2074 furti
1366 2020 1449 2074 habet
1475 2019 1620 2086 actionem,
1652 2021 1676 2074 si
1707 2019 1836 2074 honesta⁷
1867 2035 1943 2080 caiisa

1139 2087 1259 2142 interest.

1176 2151 1213 2212 12
1243 2155 1387 2210 Uarianos
1408 2155 1476 2212 libro
1499 2155 1642 2210 uicensimo
1664 2171 1736 2208 :tono
1759 2155 1796 2208 od
1818 2153 1944 2210 Sabinum

1139 2221 1233 2290 Itaque
1263 2221 1341 2290 fullo,
1373 2223 1418 2290 qni
1443 2223 1562 2276 curanda
1587 2221 1761 2290 poliendaiie⁸
1792 2221 1945 2278 vestimenta

1139 2291 1249 2360 accepit,
1268 2291 1388 2358 ⁹semper
1409 2291 1475 2358 agit:
1493 2293 1630 2360 praestare
1651 2291 1721 2344 enim
1739 2287 1886 2344 custodiam
1903 2291 1945 2344 de-

1139 2359 1191 2412 het.
1229 2359 1251 2412 si
1269 2365 1357 2412 autem
1375 2357 1500 2412 solvendo
1518 2373 1571 2412 nou
1589 2363 1643 2422 est,
1667 2357 1703 2410 ad
1724 2357 1859 2410 dominum
1877 2359 1944 2412 actio

1139 2427 1221 2482 redit:
1239 2443 1301 2480 nam
1316 2427 1361 2496 qui
1376 2443 1430 2482 non
1447 2427 1528 2480 habet
1545 2425 1616 2494 qiiod
1634 2425 1735 2494 perdat,
1754 2425 1811 2480 eius
1829 2425 1945 2494 periculo

1143 2499 1152 2546 t
1190 2493 1255 2546 nihil
1272 2499 1320 2548 est.
1357 2493 1410 2548 Sed
1430 2493 1496 2548 furti
1519 2493 1589 2548 actio
1610 2495 1697 2548 malae
1714 2491 1775 2546 fidei
1797 2495 1945 2562 possessori

1139 2577 1194 2614 non
1216 2561 1306 2628 datur,
1334 2563 1452 2628 quamvis
1474 2563 1586 2616 interest
1609 2561 1665 2616 eius
1689 2575 1743 2614 rem
1766 2577 1821 2614 non
1838 2561 1944 2628 subripi,

1140 2629 1238 2696 quippe
1259 2643 1320 2682 cuin
1340 2643 1385 2682 res
1408 2629 1525 2696 periculo
1550 2629 1605 2682 eius
1625 2629 1670 2682 sit:
1698 2629 1745 2682 sed
1761 2643 1839 2682 nemo
1857 2629 1890 2682 de
1906 2629 1943 2682 in·

1139 2697 1273 2764 probitate
1296 2711 1347 2750 sua
1368 2695 1539 2762 consequitur
1557 2695 1689 2750 actionem
1711 2701 1738 2748 et
1754 2695 1814 2750 ideo
1832 2695 1882 2750 soli
1898 2695 1944 2750 ho-

1142 2779 1192 2818 nae
1206 2763 1268 2818 fidei
1285 2763 1440 2834 possessori,
1458 2779 1512 2818 non
1530 2763 1608 2818 etiam
1626 2763 1711 2818 malae
1724 2763 1785 2816 fidei
1799 2761 1864 2816 furti
1878 2763 1944 2818 actio

1140 2837 1155 2884 2
1190 2831 1276 2886 datur.
1312 2829 1365 2884 Sed
1388 2837 1415 2884 et
1437 2831 1461 2886 si
1483 2847 1527 2886 res
1550 2831 1653 2900 pignori
1671 2831 1734 2884 data
1752 2829 1798 2896 sit,
1822 2831 1944 2886 creditori

1140 2915 1244 2968 quoque
1262 2899 1355 2954 damus
1373 2899 1440 2952 furti
1457 2899 1596 2964 actionem,
1615 2899 1732 2968 quamvis
1749 2899 1777 2952 in
1794 2899 1872 2954 bonis
1889 2899 1943 2954 eiu:

1139 2983 1182 3022 res
1199 2983 1253 3022 non
1271 2969 1319 3022 sit:
1345 2969 1408 3036 quin
1431 2967 1511 3024 immo
1532 2983 1587 3022 non
1604 2969 1690 3022 solum
1712 2967 1840 3022 adsersus
1859 2971 1941 3022 extra

1139 3051 1219 3090 neum
1237 3037 1370 3100 dabimus,
1395 3051 1486 3090 verum
1509 3041 1536 3090 ιι
1553 3041 1647 3088 contra
1667 3037 1754 3104 ipsum
1777 3049 1882 3118 quoqne
1899 3035 1944 3088 do·

1139 3105 1239 3158 minum
1256 3103 1321 3156 furti
1340 3105 1481 3172 actionem,
1506 3109 1533 3158 et
1550 3103 1588 3156 ita
1604 3103 1723 3158 Iulianus
1748 3109 1861 3172 scripsit.
1897 3119 1944 3158 nec

1139 3187 1194 3226 non
1211 3175 1237 3226 et
1253 3171 1306 3240 ipsi
1323 3171 1428 3226 domino
1448 3171 1506 3226 dari
1521 3171 1623 3240 placet,
1649 3177 1675 3226 et
1693 3171 1730 3226 sic
1748 3171 1791 3236 fit,
1817 3175 1847 3226 ut
1863 3173 1944 3224 ιἰιιι1ο

1140 3245 1261 3294 teneatur
1283 3239 1349 3292 furti
1372 3245 1399 3292 et
1422 3245 1491 3308 agat.
1532 3239 1593 3294 ideo
1619 3245 1707 3294 antem
1730 3239 1810 3294 datur
1832 3239 1944 3306 utrique,

1139 3307 1203 3376 quia
1225 3307 1363 3376 utriusque
1385 3307 1533 3362 interest¹¹.
1570 3307 1617 3362 sed
1634 3315 1724 3362 utrum
1741 3323 1845 3378 semper
1862 3307 1944 3362 credi·

1139 3377 1204 3430 toris
1221 3377 1333 3430 interest
1350 3391 1386 3430 an
1402 3375 1440 3430 ita
1459 3375 1571 3442 demum,
1589 3375 1613 3430 si
1631 3375 1733 3432 debitor
1750 3373 1874 3430 solvendo
1892 3391 1944 3430 non

1138 3445 1197 3498 est?
1223 3449 1249 3498 et
1266 3449 1346 3514 putat
1362 3445 1525 3514 Pomponius
1544 3459 1647 3526 semper
1664 3445 1721 3500 eius
1738 3445 1866 3498 interesse
1887 3443 1943 3512 pig·

1139 3529 1189 3568 nus
1214 3511 1327 3578 habere,
1355 3511 1426 3582 quod
1456 3517 1482 3566 et
1509 3513 1671 3580 Papinianus
1699 3513 1766 3566 libro
1790 3511 1944 3568 duodecimo

1139 3581 1323 3648 quaestionum
1348 3581 1458 3648 probat:
1493 3585 1521 3634 et
1544 3581 1632 3636 renus
1661 3585 1702 3634 est
1734 3581 1832 3648 ubique
1864 3579 1944 3634 videri

1139 3649 1279 3728 creditpris
1302 3649 1444 3712 iuteresse,
1473 3653 1501 3702 et
1529 3647 1569 3702 ita
1596 3653 1622 3702 et
1644 3649 1763 3702 Iulianus
1792 3647 1944 3716 saepissime

1139 3731 1191 3768 sri
1211 3731 1254 3770 si.
1287 3731 1288 3734 ¹

1154 3731 1212 3840 cll
1232 3721 1350 3838 liuius
1370 3783 1438 3838 libro
1460 3785 1554 3852 parato
1573 3783 1610 3838 oct
1626 3781 1755 3838 Sabinam
1788 3783 1827 3848 Is,
1852 3781 1896 3838 cui
1913 3799 1945 3838 ex

1139 3849 1268 3920 stipulatu
1285 3865 1328 3904 res
1345 3851 1470 3916 debetur,
1494 3849 1559 3906 furti
1583 3851 1713 3906 actionem
1730 3867 1782 3904 non
1804 3851 1898 3916 hahet,
1923 3849 1944 3906 si

1139 3933 1171 3972 ea
1193 3920 1322 3988 subrepta
1345 3919 1393 3984 sit,
1417 3933 1477 3972 cum
1499 3933 1548 3988 per
1569 3919 1713 3976 debitorem
1734 3919 1863 3984 stetisset,
1892 3935 1943 3988 quo

1139 3987 1224 4040 minus
1242 4001 1301 4040 eam
1319 3985 1402 4042 daret.

1175 4053 1214 4112 14
1236 4053 1381 4108 Uarianos
1406 4053 1477 4110 libro·
1497 4055 1639 4108 uicensimo
1662 4069 1734 4108 nono
1756 4053 1794 4108 od
1815 4053 1943 4110 Sabinam

1139 4123 1210 4176 Eum
1228 4123 1273 4192 qui
1290 4123 1367 4188 emit,
1385 4123 1408 4178 si
1425 4137 1479 4176 non
1496 4123 1594 4176 tradita
1612 4129 1652 4178 est
1669 4123 1761 4186 eires,
1778 4123 1843 4176 furti
1861 4125 1943 4178 actio·

1137 4207 1197 4244 nem
1221 4207 1275 4244 non
1299 4191 1410 4254 habere,
1440 4189 1487 4244 sed
1515 4189 1604 4244 adhuc
1630 4189 1772 4244 venditoris
1796 4205 1855 4246 csse
1876 4191 1944 4244 hauc

1139 4257 1269 4312 actionem
1288 4257 1380 4312 Celsus
1398 4257 1513 4326 scripsit.
1548 4257 1674 4312 mandare
1693 4273 1752 4310 eum
1769 4257 1848 4326 plane
1866 4273 1943 4328 opor·

1138 4327 1205 4380 tebit
1223 4327 1335 4394 emptori
1350 4325 1416 4380 hirti
1433 4325 1564 4380 actionem
1585 4333 1611 4380 et
1635 4325 1828 4380 condictionem
1845 4331 1872 4380 et
1888 4327 1943 4380 vin·

1139 4393 1312 4458 dicationem,
1337 4399 1364 4446 et
1381 4393 1404 4450 si
1421 4393 1484 4462 quid
1502 4409 1535 4448 ex
1552 4393 1593 4448 his
1611 4393 1760 4448 actionibus
1783 4393 1865 4448 fuerit
1881 4411 1942 4462 cou-

1139 4465 1262 4526 secutus,
1286 4461 1314 4514 id
1331 4465 1467 4528 praestare
1490 4477 1551 4516 eum
1573 4461 1686 4528 emptori
1703 4462 1849 4528 oportebit:
1876 4475 1944 4528 quaa

1138 4529 1269 4582 sententia
1286 4543 1348 4582 vera
1365 4533 1419 4594 est,
1443 4533 1471 4582 et
1487 4529 1525 4582 ita
1541 4533 1569 4582 et
1584 4527 1713 4582 Iulianus.
1748 4533 1776 4582 et
1793 4543 1857 4582 sane
1873 4529 1942 4596 peri·

317 4591 335 4652 7
359 4595 503 4652 Uarianos
524 4595 591 4650 libro
609 4595 714 4664 quadro
734 4597 833 4648 ausimo
848 4597 938 4666 primo
956 4595 995 4648 od
1010 4593 1087 4648 Sobi—
1139 4597 1227 4650 culum
1241 4595 1281 4648 rei
1295 4595 1329 4648 ad
1342 4601 1487 4664 emptorem
1497 4597 1622 4678 pertinet,
1641 4597 1781 4650 dummodo
1797 4595 1943 4648 custodiam

284 4681 345 4718 riam
380 4663 408 4718 si
430 4663 488 4730 quis
509 4663 537 4714 in
561 4663 687 4716 servitute
719 4665 808 4716 urtum
833 4663 927 4716 fecerit
950 4667 977 4716 et
993 4677 1086 4716 manu·
1142 4669 1152 4714 i
1188 4663 1308 4718 venditor
1332 4669 1394 4716 ante
1414 4663 1582 4716 traditionem
1602 4669 1728 4732 praestet.
1763 4663 1837 4716 Adeo
1856 4667 1943 4718 autern

283 4731 378 4786 missus
401 4729 627 4810 deprehendatur,
650 4745 686 4782 an
701 4729 747 4784 iar
763 4729 920 4786 manifestus
937 4729 980 4794 sit,
997 4729 1086 4784 videa-
1139 4735 1241 4798 emptor
1264 4735 1326 4784 ante
1348 4729 1517 4786 traditionem
1538 4729 1605 4784 furti
1626 4729 1782 4786 nonhabet
1805 4731 1941 4792 actionem,

282 4815 349 4852 mus.
375 4803 403 4852 et
419 4803 457 4852 ait
469 4797 631 4866 Pomponius
647 4795 715 4852 libro
733 4813 803 4852 nono
821 4797 922 4852 decimo
941 4813 974 4850 ex
988 4797 1086 4852 Sabino
1138 4803 1169 4852 ut
1191 4799 1227 4852 sit
1250 4797 1411 4866 quaesitum,
1436 4813 1470 4852 an
1491 4799 1549 4866 ipse
1571 4797 1742 4864 subripiendo
1763 4813 1819 4852 rein
1841 4803 1942 4866 emptor

282 4883 337 4920 non
353 4881 432 4936 posse
450 4881 509 4920 eum
526 4863 660 4918 manifesti
678 4865 824 4928 conveniri,
852 4867 914 4934 quia
932 4865 1003 4930 origo
1022 4863 1088 4918 furti
1137 4863 1203 4918 furti
1220 4869 1348 4918 teneatur.
1385 4869 1412 4918 et
1427 4865 1545 4920 Iulianus
1563 4863 1632 4920 libro
1649 4865 1789 4920 iicemiino
1807 4867 1884 4918 tertio
1904 4863 1942 4918 di·

286 4939 294 4986 t
333 4933 360 4988 in
377 4933 503 4990 servitute
519 4933 651 4986 lactinon
665 4931 870 4986 suinthilani.
893 4933 993 4986 Ibidem
1007 4931 1086 4984 Pom·
1137 4937 1272 5002 gestorum
1297 4931 1404 4986 scribit:
1434 4933 1457 4988 si
1481 4939 1584 5002 emptor
1605 4947 1674 4996 rem,
1700 4933 1773 4988 cuius
1795 4931 1941 4986 custodiam

302 5001 378 5056 onius
404 5001 537 5068 eleganter
558 4999 666 5068 scripsit
687 4999 894 5068 deprehensione
921 4999 981 5054 fieri
1003 4999 1086 5052 mani·
1137 4997 1299 5054 venditorem
1323 5005 1461 5068 praestare
1481 4999 1636 5070 oportebat,
1660 5001 1746 5056 soluto
1768 4999 1855 5068 pretio
1878 4999 1941 5054 sub-

283 5017 379 5122 lestuni
395 5067 492 5122 iurem:
515 5071 632 5122 ceterum
649 5065 684 5134 si,
710 5083 770 5122 cum
787 5067 835 5122 tibi
853 5067 954 5122 furtum
972 5065 1086 5120 iacerem
1120 5067 1261 5134 ,ripuaria
1286 5067 1351 5122 furti
1377 5069 1482 5122 achone
1504 5083 1558 5122 non
1580 5071 1694 5122 tenetur.
1727 5067 1806 5136 plane
1827 5067 1851 5122 si
1867 5071 1941 5122 ante·

284 5137 316 5190 de
334 5137 411 5190 domo
428 5143 489 5200 tua,
507 5133 670 5188 abscondisti
686 5139 726 5200 ιι,
743 5151 777 5188 ne
795 5141 822 5188 te
839 5133 964 5200 occidam,
983 5133 1087 5188 etiamsi
1138 5151 1217 5202 quam
1250 5135 1392 5204 pecuniam
1425 5135 1550 5200 solveret,
1585 5149 1640 5188 rem
1670 5135 1843 5200 subtraxerit,
1877 5133 1941 5188 fuiti

283 5205 369 5260 vidisti
395 5203 495 5258 furtum
520 5201 591 5266 fieri,
621 5203 738 5256 attamen
762 5219 816 5258 non
842 5209 883 5258 est
908 5201 1086 5256 manifestum.
1138 5203 1242 5258 achone
1268 5203 1366 5268 teneri,
1394 5203 1503 5272 perinde
1530 5219 1563 5256 ac
1588 5203 1612 5256 si
1638 5203 1732 5272 pignus
1755 5203 1939 5256 subtraxisset.

284 5277 297 5324 2
334 5271 386 5326 Sed
407 5271 499 5326 Celsus
525 5269 727 5338 deprehensioui
751 5269 803 5324 hoc
828 5271 909 5324 etiam
934 5269 1028 5334 adicit,
1055 5269 1086 5336 si,
1139 5275 1153 5322 2
1187 5269 1330 5326 Praeterea
1342 5269 1473 5326 habent¹²
1487 5269 1554 5324 furti
1568 5269 1699 5324 actionem
1712 5269 1807 5334 coloni,
1821 5271 1940 5338 quamvis

284 5353 342 5400 cuin
359 5339 468 5392 vidisses
486 5353 545 5392 euin
563 5335 750 5404 subripientem
767 5343 795 5392 et
812 5337 846 5392 ad
862 5335 1086 5408 comprehenden·
1138 5341 1153 5392 3
1188 5337 1287 5392 domiai
1303 5353 1358 5392 non
1376 5339 1442 5402 sint,
1460 5337 1523 5406 quia
1538 5337 1649 5392 interest
1666 5353 1765 5392 eorum.
1799 5337 1827 5392 Is
1844 5343 1939 5402 autem,

283 5407 344 5458 ditm
368 5421 427 5458 enni
451 5407 626 5470 accurrisses,
649 5403 752 5458 abiecto
774 5405 847 5460 furto
871 5405 973 5472 affiigit,
1000 5403 1086 5458 furem
1137 5405 1210 5474 apud
1231 5421 1309 5474 quem
1330 5421 1374 5462 res
1397 5405 1518 5474 deposita
1535 5409 1589 5472 est,
1612 5403 1760 5472 videamus,
1783 5421 1819 5460 au
1842 5407 1941 5460 habeat

287 5521 346 5530 annu—-

316 5581 344 5634 (a
363 5575 1084 5640 Scit.i...saos;Ed.cs...oaii...is.ei;Pap.io.io...eo;
1136 5575 1229 5628 om.F¹
1289 5577 1323 5640 ti)
1340 5577 1422 5626 extas
1482 5573 1686 5638 (stpioliendat7
1742 5579 1775 5640 (a)
1793 5575 1938 5628 :ttolvendc

281 5647 345 5710 App.
357 5655 434 5694 sa-
448 5643 511 5692 Bas.
521 5647 561 5706 60,
570 5655 648 5696 ta-
665 5643 702 5710 Ofl
715 5641 773 5696 coo.
784 5647 829 5708 6,t
899 5645 931 5708 (a)
950 5643 1085 5710 ‹rfllasta
1136 5645 1227 5696 estias.
1307 5647 1353 5708 tto)
1370 5643 1431 5710 non]
1444 5659 1630 5708 nonnumquam
1642 5663 1689 5698 scr.
1772 5649 1812 5708 (tt)
1829 5645 1941 5698 intono*

281 5723 348 5776 ι,ι,ι
405 5713 438 5776 (a)
457 5709 489 5776 ιι]
499 5709 523 5760 id
533 5713 570 5762 est
578 5713 639 5764 Iast.
698 5711 729 5774 lt)
745 5709 954 5776 provincialea'aa
1005 5713 1039 5776 (ι)
1057 5713 1086 5762 id
1135 5711 1457 5778 (ιι)ιιί1ι”,ιιιιιιιιιΡ’

282 5791 330 5830 ert:
347 5781 374 5830 iu
389 5779 442 5844 ipso
457 5779 523 5830 inrto
538 5779 715 5844 deprehensam
803 5781 837 5846 (a)
855 5793 905 5844 qno
919 5779 1085 5832 destinaverat
