4366 6258
246 367 283 412 77
302 365 567 414 777717777777777
1045 349 1108 420 123
1763 337 1764 340 “
1817 357 1911 420 XXX

251 541 352 604 beatis,
370 541 414 606 qui
431 553 534 592 servum
552 545 672 604 praestat
689 553 722 590 ex
740 553 823 592 causa
839 539 933 606 legati,
959 537 1049 592 videa·
1101 537 1197 588 falsam
1223 539 1405 594 condicionem
1431 541 1484 596 sive
1510 553 1619 594 causam
1635 535 1764 610 'multum
1792 533 1909 586 interest.

252 625 311 662 mus.
344 609 369 658 et
386 605 539 672 regulariter
557 603 697 658 dicendum
716 609 770 670 est,
794 605 916 670 quotiens
935 605 992 658 sine
1007 603 1049 656 iu·
1100 601 1212 720 proinde
1235 607 1262 654 et
1284 603 1308 654 si
1324 605 1395 662 'litio
1422 607 1525 670 decern,
1550 619 1620 674 quae
1642 601 1705 656 mihi
1723 599 1803 678 Serus
1823 597 1911 664 debet,

252 677 312 730 dicio
329 673 455 740 praestita
470 685 514 726 res
527 669 616 736 legata
628 671 764 736 evincitur,
782 685 861 740 posse
876 687 935 724 eam
947 685 980 726 ex
995 675 1050 724 tes·
1111 683 1230 736 7777777,
1248 667 1350 724 nullum
1367 673 1416 726 erit
1433 675 1562 742 legatum:
1580 685 1639 726 esse
1656 669 1725 724 enim
1742 667 1848 720 debrtor
1865 667 1911 720 de-

252 745 357 796 1777717
380 739 447 808 peti:
472 745 588 792 ceterum
616 737 639 792 si
661 737 756 792 iudicio
780 739 864 808 petita
881 745 936 804 est,
961 737 1050 792 officio
1100 735 1586 814 1771777777171711777777177777,
1610 739 1823 806 exstingueretur
1839 735 1911 802 lega-

252 809 337 866 iudicis
350 807 436 860 caafic
446 805 597 860 necessaria
609 811 656 868 est,
674 811 705 858 ut
716 807 768 858 sit¹
781 821 814 858 ex
829 805 957 874 stipulatu
969 803 1048 858 actio.
1100 807 1158 856 tum
1176 807 1211 866 et,
1234 817 1258 856 s1
1276 801 1380 856 debitor
1402 817 1534 872 maneret,
1558 805 1677 860 actiones
1701 805 1827 858 adversus
1851 817 1911 856 eum

253 883 265 932 7
296 877 327 928 17
341 875 453 940 pecunia
470 873 559 940 legata
577 871 713 926 confitenti
730 873 820 926 heredi
833 871 967 926 modicum
983 877 1049 924 tem·
1102 873 1116 922 3
1151 869 1229 922 beros
1247 869 1354 922 mens¹²
1379 869 1518 926 dumtaxat
1539 879 1676 940 praestare
1699 875 1847 940 cogeretur.
1883 869 1912 922 Si

252 961 295 1016 pus
318 943 351 994 ad
372 941 528 994 solutionem
553 939 669 994 dandum
695 945 736 994 est
758 955 808 992 nec
831 939 998 1006 urguendum
1015 937 1050 992 ad
1101 935 1216 1004 quisita
1233 935 1391 1004 stipulatus:
1416 937 1545 992 ‘Stichum
1562 943 1610 992 aut
1627 939 1730 1002 decem,
1754 945 1844 992 utrum
1863 951 1911 1006 ego

253 1007 457 1078 suscipiendumi
481 1005 621 1060 iudicium:
652 1009 723 1078 quod
753 1005 858 1074 quidem
887 1011 993 1072 tempus
1019 1021 1051 1058 ex
1101 1003 1194 1058 ‘velim'
1212 1003 1338 1072 legaverit
1361 1003 1434 1072 quod
1459 1005 1482 1058 ei
1500 1005 1660 1070 debebatur,
1684 1007 1817 1060 tenebitur
1832 1007 1911 1060 heres

253 1087 265 1132 3
296 1079 362 1132 bono
380 1081 501 1144 etaeqno
533 1081 664 1128 raetorem
676 1075 818 1128 observare
829 1073 972 1142 oportebit.
999 1071 1050 1138 eri
1102 1071 1167 1134 eine,
1195 1077 1225 1124 ut
1241 1075 1359 1138 praestet
1382 1069 1509 1138 legatario
1532 1073 1664 1126 actionem
1690 1073 1845 1128 electionem
1862 1075 1910 1126 ha·

254 1147 384 1200 confitetur
405 1157 434 1196 se
458 1143 502 1210 qui
522 1157 562 1194 em
581 1141 690 1206 debere,
716 1141 816 1194 iustam
833 1143 923 1192 autem
941 1155 1051 1194 oausam
1101 1139 1204 1204 bituro,
1230 1143 1320 1192 utrum
1346 1136 1467 1216 Stichum
1499 1153 1533 1190 an
1559 1139 1649 1216 decem
1680 1141 1803 1220 persequi
1828 1141 1910 1194 malit.

253 1213 342 1274 adfert,
361 1225 408 1262 777
429 1211 521 1278 utique
543 1215 681 1276 praestare
703 1225 757 1262 nou
780 1207 879 1276 possit,
903 1207 1050 1262 audiendus
1102 1209 1117 1258 4
1151 1205 1268 1260 Proinde
1284 1207 1307 1260 si
1325 1205 1446 1258 Strchum
1463 1205 1594 1282 legaverit..
1614 1223 1674 1260 curn
1690 1209 1734 1264 ille
1752 1225 1776 1262 e1
1791 1209 1911 1262 Stichum

254 1291 300 1336 est:
318 1285 346 1332 ut
361 1281 426 1346 puta
437 1279 555 1330 71711777
566 1293 609 1330 res
621 1279 709 1346 legata
727 1277 762 1330 sit
772 1279 903 1344 negetque
914 1273 1050 1330 dominum
1101 1279 1149 1326 aut
1167 1273 1257 1326 decern
1280 1273 1401 1350 deberet,
1427 1273 1611 1350 ineertr'aotro
1634 1273 1760 1342 legatario
1784 1275 1911 1330 adversus

254 1363 304 1402 eam
320 1343 428 1398 vendere
444 1345 485 1398 vel
507 1345 664 1398 immensum
703 1345 800 1396 retium
824 1343 880 1396 eius
903 1343 942 1396 rei
954 1349 1051 1464 <petere
1101 1339 1225 1420 heredem
1244 1345 1377 1410 competrt,
1395 1345 1425 1392 71
1442 1343 1549 1406 scrrpsrt
1565 1339 1684 1418 Iulianus
1695 1343 1762 1396 libro
1777 1345 1910 1414 trigesimo

253 1415 370 1476 adfirmet,
388 1417 435 1466 aut
452 1413 474 1466 si
491 1429 595 1466 servum
612 1413 675 1466 here
696 1413 801 1466 'tarium
818 1415 896 1480 neget
914 1425 942 1464 se
974 1411 1052 1466 ebere
1101 1413 1179 1462 tertro
1199 1409 1367 1474 digestorum,
1391 1423 1440 1476 per
1457 1421 1536 1474 quam
1553 1411 1686 1462 7717777777
1707 1411 1849 1480 compellat
1865 1413 1911 1464 he·

253 1487 386 1552 praestare,
404 1477 473 1534 forte
490 1485 595 1548 patrem
612 1495 690 1534 suum
706 1481 748 1534 vel
765 1483 877 1534 matrem
893 1479 936 1532 vel
952 1479 1050 1534 iratres
1101 1477 1191 1530 sedern
1206 1475 1333 1544 experiri:
1352 1481 1386 1540 et,
1398 1477 1421 1528 si
1430 1475 1551 1528 Stichum
1561 1481 1719 1528 consecutus
1733 1477 1820 1542 luerit,
1832 1495 1910 1548 prae·
1935 1537 1937 1540 ,

253 1549 390 1604 naturales:
417 1549 603 1616 aequissimum
623 1555 663 1602 est
680 1549 750 1600 enim
768 1547 879 1600 concedi
902 1547 926 1600 ei
950 1561 984 1600 ea
999 1547 1050 1600 hac
1102 1545 1185 1600 stabit
1199 1543 1231 1608 ei,
1247 1543 1271 1600 si
1283 1543 1383 1608 decem,
1396 1543 1460 1596 nihil
1472 1549 1659 1620 consequetur.
1686 1545 1830 1598 secundum
1841 1545 1911 1614 quod

254 1625 267 1672 t
299 1629 375 1670 causa
384 1615 594 1670 aestimationem
606 1615 694 1670 officio
706 1615 802 1670 iudicis
811 1621 957 1682 praestare.
984 1613 1050 1668 Ourn
1102 1611 1153 1666 erit
1169 1613 1197 1666 iu
1215 1611 1324 1666 arbitrio
1343 1611 1476 1672 debitoris,
1496 1625 1530 1662 an
1548 1615 1584 1664 snt
1599 1609 1742 1676 legatarius
1760 1613 1782 1666 is
1802 1615 1844 1666 cui
1857 1615 1910 1666 Sti-

254 1685 324 1738 alioui
340 1681 481 1750 poculum³
498 1681 614 1750 legatum
632 1689 702 1736 esset
726 1683 856 1750 velletque
873 1683 951 1736 heres
970 1681 1050 1736 77711-
1103 1681 1169 1734 71777
1186 1681 1290 1748 legatus
1307 1683 1356 1732 est.
1487 1745 1494 1756 ·
1545 1747 1551 1756 Ι
1772 1747 1777 1756 Ι

254 1753 384 1804 nationem
401 1753 546 1816 praestare,
566 1751 628 1816 quia
644 1751 763 1818 iniquum
782 1765 839 1804 esse
856 1751 947 1804 aiebat
963 1751 992 1804 id
1008 1765 1050 1804 se·
1137 1743 1176 1804 76
1194 1747 1215 1800 I
1216 1761 1338 1802 7177777
1364 1745 1431 1800 libro
1457 1751 1591 1810 trigesimo
1625 1747 1722 1814 quarto
1747 1745 1909 1814 depasturum

254 1817 332 1888 parari
348 1831 364 1868 a
381 1831 417 1880 se,
435 1833 489 1870 non
506 1819 656 1884 impetravit
672 1819 700 1872 id
717 1835 734 1872 a
750 1823 889 1886 praetore:
911 1819 965 1870 alia
982 1819 1051 1872 enim
1102 1811 1179 1880 Quod
1205 1815 1228 1868 si
1256 1813 1315 1884 quis
1349 1813 1469 1868 Stichum
1495 1817 1542 1866 aut
1573 1811 1740 1890 Pamphilum
1768 1813 1910 1880 stipulatus

255 1885 362 1940 candido
381 1891 420 1936 est
437 1885 579 1948 hominurn,
599 1885 651 1938 alia
669 1891 816 1938 ceterarum
833 1901 938 1938 rernm:
956 1885 985 1936 in
1001 1885 1050 1938 ho·
1103 1879 1258 1948 Sempronio
1286 1879 1406 1936 Stichum
1438 1881 1566 1948 legasset,
1597 1879 1701 1934 Maeuo
1735 1877 1911 1946 Pamphilum,

254 1951 355 2006 minibus
380 1951 447 2004 enim
472 1951 587 2020 benigna
611 1951 716 2006 ratione
741 1957 878 2020 receptum
905 1957 952 2016 est,
980 1951 1051 2020 quod
1103 1953 1229 2002 oneratus
1246 1949 1323 2002 heres
1340 1949 1515 2018 intellegitur,
1539 1951 1570 2000 ut
1586 1961 1695 2002 necesse
1717 1945 1817 2000 babeat
1834 1949 1911 2002 alteri

255 2025 267 2072 5
298 2033 373 2096 supra
390 2019 567 2086 probavimus.
608 2019 637 2072 Si
660 2019 759 2074 fundus
783 2019 947 2086 municipum
968 2019 1050 2074 vecti·
1088 2015 1235 2078 actionem
1253 2031 1335 2082 suam,
1354 2017 1431 2070 alteri
1445 2015 1656 2070 aestimationem
1673 2013 1757 2068 Stichi
1774 2013 1910 2068 autPam-

254 2087 310 2154 gahs
326 2085 387 2152 rpsis
404 2085 581 2154 municipibus
599 2089 634 2140 sit
651 2089 769 2156 legatus,
793 2101 828 2140 77
851 2087 969 2154 legatum
987 2103 1050 2140 oon·
1102 2083 1168 2152 phili
1185 2083 1259 2138 dare.

254 2155 321 2206 sistat
336 2155 440 2220 patique
458 2155 550 2222 possit,
569 2155 713 2208 videamus.
742 2159 769 2208 et
781 2155 900 2206 lulianus
916 2155 984 2208 libro
1001 2155 1050 2207 tri·
1138 2147 1177 2206 77
1202 2151 1346 2206 Uarianos
1361 2151 1428 2206 libro
1454 2153 1547 2220 771717
1573 2151 1785 2220 disputationum
1820 2149 1848 2202 Si
1865 2163 1911 2218 pe-

254 2219 357 2288 77771777
376 2225 468 2274 octavo
495 2221 655 2290 digestorum
679 2221 783 2284 scribit,
809 2221 927 2290 quamvis
951 2221 1050 2276 fundus
1103 2219 1182 2272 cunia
1198 2217 1250 2272 fuit
1274 2219 1395 2288 deposita
1412 2217 1485 2286 apud
1502 2217 1616 2288 aliquem
1634 2215 1743 2284 eiusque
1759 2215 1821 2270 fidei
1839 2231 1911 2268 com-

254 2285 377 2354 vectigalis
394 2287 555 2356 municipum
572 2287 615 2352 sit,
634 2293 751 2342 attamen
762 2287 825 2356 quia
842 2289 950 2356 aliquod
963 2289 1005 2342 ius
1022 2289 1051 2342 in
1103 2285 1220 2350 missum,
1238 2291 1269 2338 ut
1285 2299 1345 2340 eam
1382 2287 1501 2342 ecuniam
1523 2287 1655 2354 praestet,
1680 2283 1911 2338 fideicommissum

256 2359 267 2408 t
299 2369 327 2408 eo
348 2355 370 2408 is
388 2355 432 2422 qui
455 2355 552 2422 legavit
567 2355 663 2418 habet,
687 2357 777 2410 valere
794 2357 918 2422 legatum.
954 2355 1051 2410 Sedet
1103 2367 1136 2406 ex
1153 2353 1283 2422 rescripto
1295 2353 1348 2406 divi
1359 2303 1401 2408 iii
1413 2353 1560 2418 debebitur,
1579 2353 1656 2422 quasi
1664 2353 1686 2386 ¹³
1702 2351 1824 2406 videatur
1834 2353 1911 2404 heres

255 2423 273 2474 si
289 2437 337 2474 non
353 2423 537 2490 municipibus,
557 2423 603 2476 sed
621 2425 666 2476 alii
683 2423 794 2476 fundum
812 2423 966 2490 vectigalem
978 2425 1049 2490 lega-
1102 2425 1210 2488 rogatus
1235 2421 1370 2476 remittere
1394 2421 1422 2476 id
1448 2421 1575 2476 debitori:
1603 2437 1665 2474 nam
1691 2419 1713 2472 si
1739 2419 1912 2474 conveniatur

254 2489 318 2552 verit,
335 2505 387 2542 non
402 2491 484 2542 videri
500 2491 690 2558 proprietatem
707 2491 747 2544 rei
764 2491 886 2558 legatam,
900 2491 946 2544 sed
963 2491 992 2542 id
1007 2491 1050 2546 ius
1103 2487 1206 2542 debitor
1229 2487 1263 2542 ab
1286 2487 1398 2554 herede,
1422 2487 1476 2542 doli
1494 2487 1648 2568 exceptione
1664 2487 1705 2542 uti
1722 2491 1824 2556 potest:
1843 2501 1912 2557 quae

255 2555 316 2624 quod
331 2557 357 2608 iu
373 2557 543 2624 vectigalibus
561 2557 650 2610 fundis
667 2557 806 2610 habemus.
1102 2569 1145 2608 res
1170 2555 1235 2608 utile
1261 2555 1492 2610 fideicommissum
1517 2555 1590 2610 17771.
1634 2555 1705 2624 quod
1733 2571 1794 2608 cum
1817 2555 1856 2608 ita
1883 2569 1912 2608 se

284 2617 318 2676 72
335 2623 451 2678 Pactus
466 2623 534 2676 libro
570 2625 759 2692 codrapccv'mo
772 2627 866 2678 octavo
881 2625 918 2678 ad
935 2625 1050 2680 edictam
1102 2623 1197 2686 habet,
1228 2623 1262 2676 ab
1289 2623 1360 2676 omni
1387 2623 1505 2678 debitore
1535 2623 1767 2678 fideicommissum
1800 2623 1912 2692 relinqui

255 2689 278 2742 Si
294 2689 347 2758 quis
363 2689 488 2758 legaverit
504 2641 617 2744 fundum
629 2689 816 2744 Cornelianum
828 2691 945 2760 exceptis
957 2693 1050 2758 717717,
1102 2695 1197 2758 potest.

255 2773 315 2824 qnae
334 2757 423 2812 mortis
448 2757 504 2810 eius
532 2763 651 2824 ternpore
674 2763 765 2822 eruut,
798 2757 822 2812 si
843 2759 933 2812 nullae
959 2761 1052 2814 vineae
1138 2751 1362 2812 7817771177)
1386 2763 1479 2810 octono
1510 2759 1721 2828 disputationum
1762 2757 1911 2812 Fideicom-

256 2825 431 2892 7771177717
450 2825 516 2878 nihil
533 2825 644 2878 decedit.
1103 2825 1219 2896 missum.
1238 2823 1310 2892 quod
1328 2839 1344 2878 a
1360 2825 1487 2890 legatario
1505 2825 1680 2892 relinquitur,
1697 2825 1736 2878 ita
1754 2825 1857 2878 demum
1876 2825 1910 2878 ab

284 2887 318 2946 73
338 2891 427 2944 dacus
448 2891 515 2946 libro
533 2893 610 2944 tertio
629 2893 662 2944 dc
675 2891 772 2960 tepetis
788 2891 826 2944 act
842 2889 957 2944 edictam
970 2907 1050 2960 praa·
1103 2905 1134 2944 eo
1154 2891 1272 2944 debetur.
1291 2891 1314 2944 si
1331 2891 1366 2946 ad
1383 2893 1539 2960 legatarium
1555 2893 1672 2960 legatum
1689 2893 1847 2962 pervenerit.

257 2959 327 3012 toris⁴
359 2957 387 3010 Si
403 2959 479 3010 heres
497 2959 585 3012 iussus
604 2959 638 3012 sit
655 2957 753 3022 facere,
777 2963 808 3010 ut
825 2957 926 3010 Lucius
944 2963 1051 3012 centurn
1137 2953 1176 3014 79
1194 2957 1338 3012 lucrinus
1352 2959 1420 3014 libro
1439 2959 1532 3028 quinto
1544 2959 1707 3028 clipeatorum
1736 2959 1839 3028 Siquis
1857 2965 1911 3012 tes·

255 3027 348 3088 babeat,
371 3025 504 3094 cogendus
522 3031 563 3080 est
580 3027 657 3080 heres
675 3031 781 3078 centum
800 3025 872 3088 dare,
891 3025 954 3092 7717
971 3039 1049 3080 nemo
1101 3029 1219 3078 tamenta
1238 3027 1317 3080 77711
1330 3025 1400 3080 Titio
1418 3031 1446 3078 et
1458 3025 1518 3080 Seio
1536 3025 1628 3080 decem
1645 3027 1703 3082 dari
1718 3027 1833 3092 iusserit,
1852 3028 1911 3080 nul·

256 3093 335 3148 iacere
350 3097 450 3160 potest,
474 3099 506 3144 ut
524 3109 572 3160 ego
590 3093 702 3146 habeam
721 3099 835 3156 centum,
853 3093 905 3146 nisi
923 3093 987 3144 mihi
1004 3091 1050 3146 de·
1101 3091 1155 3144 lam
1172 3093 1239 3144 haec
1256 3093 1338 3146 verba
1354 3093 1410 3148 reci
1428 3093 1487 3146 iant
1504 3093 1710 3160 ambiguitatem,
1734 3099 1766 3146 ut
1784 3095 1852 3148 dena
1871 3095 1909 3148 di·

258 3169 267 3212 1
299 3159 368 3212 derit.
410 3159 483 3214 Vicis
506 3161 594 3226 legata
610 3159 720 3226 perinde
743 3161 824 3214 licere
849 3175 945 3226 capere
968 3163 1050 3226 atque
1101 3157 1172 3212 xisse
1189 3157 1317 3222 videatur,
1337 3161 1383 3226 771
1418 3175 1490 3212 ecem
1508 3159 1582 3212 dixit.

257 3227 394 3280 civitatibus
411 3227 539 3292 rescripto
557 3225 723 3292 imperatoris
742 3227 826 3280 nostri
845 3225 1018 3292 significatur.
1136 3219 1176 3280 80
1195 3225 1218 3278 Α
1240 3225 1279 3278 no
1294 3223 1447 3280 17777777
1460 3227 1527 3278 libro
1539 3227 1674 3294 tripectora
1692 3227 1911 3296 7777777177-

257 3361 262 3372 .
286 3291 320 3348 74
343 3293 484 3346 Uarianos
505 3293 571 3346 labro
601 3297 698 3360 quarto
722 3293 933 3392 dbpctattogtap
973 3291 1051 3370 ilicet
1103 3295 1190 3346 taram
1206 3295 1478 3410 15aqaqnltarrsaotelt
1510 3293 1547 3370 Is,
1573 3293 1911 3412 77ὲ17717171717177711-

256 3365 495 3482 trisittiam
509 3359 989 3504 7777777777
1003 3375 1050 3478 a:
1102 3363 1200 3504 77
1227 3361 1911 3504 ’77777777777777

257 3497 337 3550 stituto
346 3493 450 3548 fueraut
464 3497 564 3558 relicta,
578 3499 669 3548 tamen
679 3493 731 3546 hoo
749 3494 786 3546 ita
797 3493 847 3546 erit
858 3493 1050 3560 acciprendum,
1102 3493 1202 3556 decrm,
1227 3491 1316 3544 Serum
1343 3493 1445 3556 decem,
1474 3493 1606 3546 Maevium
1637 3493 1753 3562 quinque
1782 3511 1910 3548 consecu-

257 3565 276 3616 si
291 3579 339 3616 uon
354 3561 404 3614 fuit
421 3561 525 3616 evidens
545 3563 648 3614 diversa
663 3561 800 3614 voluntasr
820 3563 906 3628 quae⁶
917 3575 948 3612 ex
960 3559 1050 3614 multis
1101 3565 1185 3622 turos,
1203 3559 1241 3610 ita
1258 3565 1354 3622 tamen,
1373 3565 1403 3612 ut
1421 3575 1454 3612 ex
1471 3559 1513 3614 his
1523 3575 1572 3628 pro
1592 3565 1654 3614 rata
1673 3561 1804 3628 portionis
1821 3561 1910 3616 Falci·

258 3631 392 3698 colligetur,
418 3643 453 3682 77
472 3631 529 3694 quis
548 3629 582 3682 ab
599 3627 696 3680 herede
712 3627 828 3694 legatum
852 3625 893 3678 vel
915 3625 1050 3680 fideicom·
1103 3625 1162 3678 diae
1185 3625 1305 3680 satisfiat.

257 3697 353 3748 nissum
369 3695 489 3748 relictum
512 3697 627 3748 noluerit
649 3694 828 3748 asubstituto
854 3693 951 3748 deberi.
987 3693 1051 3762 quid
1136 3687 1173 3748 81
1193 3691 1338 3748 lucianus
1357 3691 1425 3746 libro
1449 3693 1585 3760 tripcsimo
1610 3693 1728 3748 secundo
1746 3693 1910 3764 digestorium

259 3765 317 3816 enim
333 3763 354 3816 si
370 3761 448 3814 aliam
464 3777 520 3814 rem
536 3761 661 3828 reliquit⁷
678 3775 695 3814 a
712 3763 858 3814 substituto
877 3761 901 3812 ai
914 3759 1048 3814 fideicom-
1103 3757 1131 3812 Si
1153 3757 1265 3812 fundum
1288 3759 1338 3812 sub
1361 3757 1516 3814 condicione
1538 3759 1655 3826 legatum
1677 3759 1754 3814 heres
1777 3761 1911 3830 pendente

257 3831 363 3884 missario
379 3829 420 3882 vel
437 3829 578 3896 legatario,
602 3843 681 3896 quam
705 3827 738 3880 ab
764 3829 886 3880 instituto
911 3827 1049 3880 7777711-
1103 3825 1257 3880 confficione
1281 3827 1331 3880 sub
1349 3827 1403 3880 alia
1421 3825 1577 3880 condicione
1599 3825 1643 3880 alii
1667 3827 1782 3894 legasset
1805 3831 1910 3896 etpost

259 3897 375 3964 querat⁸7
397 3895 438 3948 vel
455 3895 517 3962 quid
535 3895 558 3950 si
576 3901 649 3950 certa
668 3911 750 3948 carisa
766 3895 831 3958 fuit,
856 3909 903 3946 cur
920 3893 955 3946 ab
973 3895 1049 3948 insti·
1103 3893 1258 3946 existentem
1270 3893 1459 3956 condicionem,
1477 3907 1545 3960 quae
1559 3893 1648 3960 priore
1659 3899 1817 3948 testamento
1831 3909 1909 3962 prae-

258 3971 306 4016 tuto
329 3963 483 4030 relinqueret
491 3963 510 4026 ⁹,
539 3977 608 4030 quae
629 3963 657 4016 in
680 3961 824 4014 substituto
848 3961 983 4016 cessaret?
1008 3961 1051 4014 vel
1102 3961 1190 4028 posita
1206 3959 1309 4024 fuisset,
1328 3967 1392 4014 tunc
1409 3973 1442 4012 ea
1459 3961 1587 4022 condicio,
1605 3961 1656 4014 sub
1674 3977 1727 4028 qua
1744 3961 1820 4014 heres
1837 3961 1908 4028 lega-

259 4031 353 4098 quidsi
377 4029 513 4084 substituit
538 4045 571 4084 ex
595 4033 672 4096 parte
694 4027 980 4092 fideicommissariam,
1007 4029 1051 4082 oui
1102 4033 1184 4090 verat,
1204 4027 1349 4082 exstitisset
1357 4029 1386 4090 ²⁸,
1411 4027 1554 4080 dominium
1571 4041 1589 4080 a
1604 4027 1693 4096 priore
1709 4027 1836 4096 legatario
1855 4041 1910 4078 non

258 4099 422 4150 abinstituto
448 4095 1051 4166 77117777711117177777717777711771777777
1105 4099 1115 4146 l
1154 4093 1274 4150 discedit.
1322 4095 1350 4148 Si
1373 4109 1448 4148 servo
1473 4093 1605 4148 communi
1631 4109 1673 4148 res
1697 4093 1784 4162 legata
1806 4093 1908 4156 luisset,

258 4165 326 4286 {igitur
348 4163 481 4286 quiuntate
514 4165 602 4220 locum
633 4165 732 4218 habere
764 4165 923 4234 rescriptum
960 4163 1049 4218 dicen
1102 4165 1191 4284 qrotest
1208 4161 1413 4284 mer-‘lffiinus
1431 4161 1715 4282 agnoscerqrqqgsatqqn,
1739 4163 1809 4282 Ἥ
1823 4159 1910 4280 roffi·i

273 4249 312 4286 um
329 4249 373 4286 es.
1112 4245 1169 4284 ere:
1196 4247 1258 4284 narn
1280 4249 1308 4284 m
1361 4247 1395 4284 nc
1418 4245 1561 4284 oausams
1696 4245 1767 4282 nrmu

288 4287 837 4366 751777117777171771777171177777
878 4297 906 4352 Si
923 4297 961 4352 sic
978 4299 1049 4366 lega-
1103 4301 1117 4348 1
1152 4297 1206 4352 duo
1223 4297 1293 4352 servi
1310 4303 1377 4352 sunt
1413 4297 1547 4350 Stichum
1565 4293 1719 4364 Sempronio
1743 4295 1776 4346 do
1794 4243 1867 4372 legit:
1880 4293 1909 4372 'si

257 4373 305 4418 tum
320 4367 357 4420 vel
374 4365 435 4418 fidei
452 4367 620 4420 commissum
637 4367 672 4418 sit
688 4365 810 4420 relictum
827 4367 859 4420 ‘si
873 4365 1051 4420 aestimaverit
1103 4363 1172 4418 ‘Sem
1190 4363 1281 4418 ronius
1298 4363 1418 4420 Stichum
1434 4363 1506 4416 iutra
1527 4377 1627 4414 annum
1649 4375 1704 4414 noa
1720 4365 1909 4424 manumiserrt,

257 4433 331 4486 heres’
349 4433 378 4486 ‘si
396 4433 613 4500 comprobaverit
632 4433 663 4486 ‘si
679 4433 778 4486 iustum
795 4435 945 4502 putaverit’,
969 4433 1049 4486 7117-
1103 4381 1439 4486 ι77711777811717777Τ1117
1457 4431 1490 4484 do
1507 4429 1583 4508 legas.
1618 4427 1767 4506 qpaesitum
1779 4431 1827 4490 est,
1846 4425 1909 4494 quid

257 4509 337 4564 gaium
353 4505 378 4552 et
394 4501 624 4554 fideicommissum
642 4501 797 4564 debebitur,
822 4501 947 4570 quoniam
974 4501 1050 4570 quasi
1101 4499 1165 4552 iuris
1183 4503 1261 4552 esset.
1295 4497 1421 4568 respondi
1438 4495 1620 4564 Sempronium
1636 4499 1741 4548 autenm
1757 4497 1843 4572 tutum
1860 4495 1908 4546 ha-

258 4567 305 4620 viro
326 4567 411 4634 potius
433 4569 503 4622 bono
527 4567 552 4620 ei
575 4567 742 4620 commissum
761 4573 809 4632 est,
833 4585 888 4622 non
905 4569 933 4620 in
950 4583 1050 4622 meram
1102 4567 1220 4618 biturum
1243 4571 1283 4630 et,
1315 4565 1467 4634 siquidem
1489 4565 1560 4618 intra
1583 4579 1681 4622 777777
1703 4561 1907 4624 manumisisset,

260 4639 268 4684 l
300 4633 454 4688 voluntatem
470 4633 720 4690 heredisoollatum.
757 4633 786 4688 Si
802 4633 950 4702 mihiquod
963 4635 1050 4690 Titius
1101 4633 1213 4686 liberum
1230 4645 1291 4686 eum
1308 4633 1476 4686 effecturum:
1495 4631 1536 4684 sin
1553 4635 1642 4682 autem
1658 4627 1776 4682 hocnon
1792 4627 1908 4694 fecisset,

258 4699 327 4756 debet
342 4701 419 4754 fuerit
435 4703 549 4770 legatum
565 4715 651 4768 neque
668 4701 754 4754 Titius
781 4701 891 4766 debeat,
915 4701 1050 4756 sciendum
1103 4703 1221 4754 3171777
1238 4699 1275 4752 ad
1291 4699 1392 4754 Titium
1407 4699 1546 4768 pertinere.
1582 4693 1769 4774 Qui-,itmdum
1795 4699 1907 4764 excepto

258 4773 292 4820 est
307 4769 402 4822 nullum
419 4783 477 4822 esse
489 4769 613 4838 legatum.
650 4771 676 4822 et
693 4767 798 4836 quidem
815 4769 839 4822 si
850 4769 984 4836 quantitas
995 4785 1051 4824 uon
1102 4765 1221 4822 aedificio
1238 4767 1324 4834 legat,
1348 4765 1524 4834 appellatione
1541 4763 1655 4820 aedifica
1677 4765 1725 4816 aut
1742 4763 1908 4834 superficiem

259 4837 288 4888 sit
303 4837 408 4900 adiecta,
428 4837 539 4892 evidenti
555 4837 658 4890 ratione
672 4835 738 4888 nihil
755 4837 903 4900 debebitur,
922 4837 1050 4916 quianon
1102 4833 1265 4904 significat¹⁷
1281 4839 1329 4888 aut
1345 4835 1431 4888 solum
1448 4847 1561 4902 quoque,
1588 4831 1632 4888 cui
1649 4831 1798 4888 aedificium
1815 4849 1907 4902 super-

258 4909 366 4970 apparet,
384 4909 510 4972 quantum
526 4903 607 4958 fuerit
624 4903 753 4970 legatum:
777 4917 840 4956 nam
865 4907 893 4958 et
916 4921 939 4958 sr
974 4903 1020 4958 uid
1029 4907 1050 4938 ¹⁰
1101 4903 1216 4972 positum
1234 4905 1281 4956 est.
1318 4901 1391 4956 side
1412 4901 1470 4956 sola
1492 4897 1632 4968 superficie
1655 4901 1801 4970 exceperit,
1825 4903 1907 4956 nihilo

258 4983 299 5034 ego
316 4969 381 5024 Titio
400 4969 481 5026 debeo
492 4975 512 5006 ¹¹
530 4973 554 5026 ei
570 4973 690 5040 legavero
705 4969 854 5040 quantitate
870 4987 953 5024 nona
974 4971 1050 5038 ecta,
1101 4971 1187 5024 7717777
1205 4969 1263 5024 iure
1279 4969 1359 5038 legati
1376 4973 1449 5024 17177
1466 4969 1565 5022 fundus
1582 4969 1773 5038 dedicabitur,
1797 4971 1845 5026 sed
1862 4987 1906 5026 77-

258 5041 352 5112 oqnstat
368 5037 466 5092 nullum
493 5053 550 5092 esse
567 5039 697 5106 legatum,
721 5053 795 5100 cum,
820 5037 843 5092 si
867 5037 958 5092 decem
982 5055 1050 5106 quae
1103 5039 1224 5108 ceptione
1247 5037 1300 5092 doli
1323 5037 1385 5092 mali
1407 5037 1495 5106 posita
1518 5043 1695 5106 consequetur
1715 5039 1792 5096 heres
1808 5039 1850 5106 id,
1877 5045 1908 5092 ut

258 5101 321 5180 'irtio
346 5103 425 5158 debeo
447 5107 567 5174 legavero
596 5121 645 5160 uec
670 5105 811 5174 quicquam
834 5105 903 5158 Titio
931 5105 1049 5170 debeam,
1102 5107 1153 5160 sibi
1169 5107 1291 5158 babitare
1312 5105 1342 5158 in
1363 5105 1425 5158 villa
1447 5105 1539 5158 liceat:
1562 5103 1590 5158 in
1613 5123 1665 5176 quo
1688 5107 1781 5174 inerit,
1805 5112 1835 5162 ut
1856 5109 1908 5162 iter

257 5167 318 5224 lalsa
334 5171 519 5228 demonstratio
536 5189 590 5228 non
607 5173 718 5244 peremit
734 5173 858 5240 legatum,
875 5177 907 5226 ut
923 5171 951 5224 in
961 5173 1049 5242 legato
1103 5189 1209 5242 quoque
1226 5179 1252 5226 et
1269 5177 1359 5228 actum
1375 5173 1404 5226 in
1421 5187 1452 5228 ea
1468 5173 1575 5230 babeat.
1619 5175 1719 5232 sivero
1738 5177 1824 5232 solum
1841 5191 1905 5244 quo·

259 5239 271 5288 2
302 5239 366 5292 dotis
383 5237 501 5296 Iulianus
517 5241 661 5310 respondit.
697 5241 774 5308 Quod
791 5241 814 5296 si
831 5239 975 5296 addiderit:
995 5241 1049 5296 717-
1102 5257 1155 5308 777
1172 5245 1311 5310 exceptum
1326 5239 1419 5308 fuerit,
1443 5241 1540 5298 fimdus
1567 5251 1679 5316 excepta
1700 5245 1762 5302 villa
1778 5245 1907 5302 vindicari

258 5307 1050 5440 11171777177111717111111111
1102 5309 1906 5438 111111111111111717111711117

452 5393 458 5428 t
1439 5397 1475 5434 un
1510 5397 1569 5438 rum
1610 5399 1713 5440 ominus
1778 5397 1851 5438 erum
1894 5411 1905 5422 ·

259 5545 285 5602 111
307 5543 327 5590 si
342 5543 366 5590 F
454 5545 485 5608 (t)
510 5547 696 5614 suspiciendam
712 5549 751 5598 F.
827 5549 858 5612 (a)
882 5547 1011 5614 proculam
1030 5549 1056 5598 F
1101 5547 1145 5596 177.
1216 5547 1260 5608 (ta)
1277 5551 1395 5602 1777777Ὶ
1457 5557 1635 5620 (1317717711Ἰ
1692 5557 1736 5620 (141
1754 5553 1855 5604 sundal.
1868 5551 1905 5602 Ι17

259 5609 285 5670 (o
302 5609 387 5660 urbani
398 5611 503 5662 7111117Ζ
575 5617 607 5680 (a)
626 5615 804 5682 rescripsitld²
860 5617 1051 5680 ’17)7777]17-
1099 5613 1353 5676 (171771177777717
1441 5627 1483 5684 117)
1503 5627 1690 5676 exstitisseml'
1764 5627 1807 5684 (17]
1826 5619 1905 5684 signi·

259 5691 350 5740 77777.
408 5679 439 5742 (t)
458 5679 613 5746 relinquitF
666 5683 699 5746 (8)
717 5683 909 5748 relinqueratF
959 5685 993 5748 (a)
1011 5701 1050 5734 re·
1100 5681 1209 5732 1177177Ἰ

258 5743 406 5810 linqueratF
469 5749 513 5810 (tu)
533 5749 711 5814 quidquiuser.
788 5755 828 5812 til)
848 5751 1050 5802 ouinihildaboo
