4366 6258
262 347 397 416 XXIIII
413 355 441 418 3.
464 349 561 416 XXV
579 355 593 412 1
1066 347 1138 436 3263
1365 371 1412 418 nn
1433 355 1584 418 0100100010
1604 371 1641 418 ru
1662 371 1724 418 aas
1745 369 1823 418 nor.
1846 371 1941 418 usur.

263 543 276 590 'l
311 541 367 592 lata
383 543 433 590 est.
468 535 591 590 Adicitur
614 535 643 588 in
667 535 738 600 lege,
765 541 797 586 ut
823 541 858 600 et,
884 535 909 590 si
926 535 986 588 dolo
1004 535 1074 588 malo
1124 535 1229 588 mulieri
1246 535 1313 590 solvi
1336 535 1434 590 debere
1456 535 1549 590 Labeo
1568 535 1711 588 Trebatius
1734 541 1844 602 putant,
1862 535 1943 602 idque

261 605 360 674 ahqmd
375 601 479 658 factum
496 603 539 666 sit,
557 619 609 670 quo
627 601 714 654 miuus
732 601 768 654 cd
785 619 847 656 eum
872 601 1017 670 perveniat,
1034 607 1074 654 te·
1125 607 1140 656 3
1175 611 1267 656 terum
1291 607 1339 656 est.
1381 601 1519 670 Mancipia
1539 603 1567 656 iu
1590 603 1679 656 dotem
1702 603 1841 654 aestimata
1865 619 1941 656 acoe-

263 677 278 726 8
312 673 416 724 neatur.
458 669 487 724 si
509 671 593 724 tilium
616 667 815 724 exheredaverit
837 677 967 740 patronus
990 675 1017 724 et
1040 667 1075 724 ad
1124 669 1200 738 pisti:
1226 675 1338 790 pactum
1363 675 1522 724 conventum
1545 669 1639 724 deinde
1661 669 1763 724 iactum
1787 669 1942 732 00001011-

263 753 323 792 eum
338 739 411 790 bona
427 739 515 790 hberti
532 739 689 808 pertineant,
708 737 850 792 videndum
868 743 921 802 est,
945 753 981 790 an
997 739 1074 790 heres
1124 739 1209 790 tortio
1239 745 1300 792 acto
1316 737 1446 790 tantidem
1460 737 1601 792 aestimata
1615 737 1740 790 redderes
1754 753 1805 790 nec
1817 737 1851 790 de
1861 745 1943 806 partu

261 807 313 858 hoc
331 805 436 858 nomine
453 811 583 860 teneatur.
612 811 639 858 et
662 821 721 858 oum
744 805 810 860 nihil
833 821 919 884 neque
936 805 1074 874 adipsum
1125 805 1254 860 dotalium
1271 805 1429 860 ancillarum
1446 805 1545 860 mentio
1562 805 1637 858 facta
1660 811 1709 860 est.
1744 805 1876 868 manebit,
1900 805 1940 856 in·

262 883 405 940 patronum
423 889 508 940 neque
526 871 560 926 ad
578 871 702 926 heredem
717 873 773 928 eius
782 879 927 942 pervemat,
943 871 1078 940 quomodo,
1124 873 1182 940 quit
1198 873 1290 928 Labeo
1301 875 1319 938 ⁴,
1337 877 1431 942 partus
1448 879 1524 940 tuus,
1544 875 1605 942 quia
1622 871 1646 926 is
1664 889 1713 940 pro
1730 871 1847 940 periculo
1866 889 1938 926 man·

263 943 278 994 9
314 939 372 994 fieri
393 947 493 1008 potest,
518 949 549 994 ut
569 941 622 994 hoc
647 941 753 994 nomine
776 943 917 996 teneatur?
960 939 1001 994 De
1018 941 1074 994 uiro
1124 945 1141 994 t
1175 941 1305 1008 cipiorum
1330 955 1413 1010 penes
1439 945 1465 994 te
1491 955 1550 994 esse
1576 941 1692 994 deberet
1734 939 1845 1006 Mulier,
1873 955 1940 1008 quae

247 1007 411 1074 heredeque
428 1009 484 1062 eius
502 1007 546 1060 lex
562 1013 667 1060 tantum
683 1009 814 1076 loquitur:
840 1009 872 1062 tle
896 1023 987 1060 socero
1012 1021 1074 1062 suc·
1125 1015 1232 1062 centurn
1250 1009 1319 1062 dotis
1337 1009 1410 1078 apud
1423 1007 1507 1060 tirum
1523 1009 1650 1072 habebat,
1670 1007 1782 1062 divortio
1799 1007 1872 1060 facto
1892 1009 1940 1060 du-

262 1075 466 1144 cessoribusque
489 1075 574 1128 soceri
597 1075 663 1126 nihil
685 1075 713 1128 in
735 1077 792 1144 lege
815 1077 944 1144 seriptum
968 1081 1020 1128 est:
1048 1081 1075 1128 et
1125 1081 1203 1130 centa
1229 1091 1245 1128 a
1270 1077 1326 1130 uiro
1354 1081 1460 1130 errante
1485 1075 1614 1144 stipulata
1637 1081 1702 1130 erat.
1737 1075 1828 1128 Labeo
1853 1081 1940 1144 putat,

263 1143 315 1196 hoc
332 1141 425 1196 Labeo
460 1141 519 1196 nasi
537 1143 663 1194 omissum
679 1143 799 1198 adnotat.
826 1143 972 1210 inquibus
995 1143 1074 1210 igitur
1125 1147 1225 1210 quanta
1240 1142 1287 1197 dos
1303 1141 1407 1208 fuisset,
1422 1147 1526 1198 tantam
1541 1143 1640 1208 deberi,
1649 1143 1704 1198 0100
1718 1141 1836 1210 prudens
1845 1143 1941 1198 mulier

264 1209 369 1262 casibus
392 1209 435 1262 lex
472 1209 555 1274 elicit,
574 1225 629 1262 non
647 1211 696 1263 erit
713 1227 762 1266 nec
780 1211 852 1264 utilis
869 1209 939 1262 aetio
959 1209 1073 1262 dandal
1124 1211 1185 1278 plus
1203 1215 1272 1264 esset
1290 1213 1419 1278 stipulata
1431 1211 1485 1264 sive
1501 1211 1668 1278 imprudens:
1686 1209 1821 1264 Labeonis
1833 1215 1939 1264 senten-

266 1281 295 1328 10
331 1275 408 1342 Quod
425 1277 463 1330 ait
479 1275 536 1330 lex:
561 1285 670 1344 ‘quanta
686 1279 801 1346 pecunia
827 1277 889 1340 erit,
908 1281 1011 1330 tantam
1027 1291 1074 1344 pe·
1125 1281 1140 1330 5
1175 1277 1240 1330 uam
1262 1279 1357 1344 probo.
1401 1277 1476 1332 Uxor
1502 1277 1614 1332 divortio
1640 1277 1714 1342 facto
1739 1281 1844 1344 partem
1870 1277 1940 1332 dotis

264 1343 379 1396 ‘cuniam
397 1343 477 1408 dato’,
496 1345 612 1396 ostendit
629 1347 840 1400 aestimationem
861 1343 1017 1398 hereditatis
1033 1345 1075 1398 vel
1124 1349 1268 1412 receperat
1287 1351 1392 1412 partem
1409 1343 1482 1414 apud
1499 1345 1584 1398 virum
1600 1345 1757 1414 rehquerat‚
1782 1345 1877 1398 deinde
1895 1345 1941 1400 alii

264 1411 395 1466 bonorum
425 1411 531 1476 liberti,
558 1427 612 1466 non
641 1411 729 1480 ipsam
759 1411 933 1464 hereditatem
959 1411 1075 1466 voluisse
1124 1417 1254 1480 nupserat
1271 1419 1298 1464 et
1314 1413 1412 1466 iterum
1430 1411 1509 1466 uidua
1526 1413 1600 1466 faeta
1618 1411 1653 1466 sd
1669 1411 1785 1480 priorem
1797 1411 1884 1466 uirum
1898 1429 1938 1468 re-

263 1477 347 1546 legem
363 1483 515 1546 praestare,
539 1479 590 1534 nisi
611 1481 723 1534 mantus
740 1481 813 1546 ipsas
836 1495 878 1532 res
896 1477 1002 1534 tradere
1018 1493 1074 1532 ma
1125 1479 1217 1542 dierat,
1242 1479 1285 1532 oui
1307 1489 1415 1534 centum
1439 1479 1548 1534 decem⁵
1571 1479 1628 1534 doti
1652 1479 1762 1534 dederat
1778 1495 1865 1548 neque
1883 1481 1939 1534 eius

263 1545 356 1600 luerit:
380 1551 406 1600 et
422 1547 476 1600 hoo
493 1547 563 1600 euim
579 1549 718 1618 benignius
736 1545 841 1600 admitti
858 1547 945 1600 debet.
1125 1547 1260 1614 pecuniae,
1275 1563 1344 1614 quae
1358 1549 1460 1616 rehqua
1474 1563 1508 1600 ex
1523 1547 1612 1618 priore
1627 1547 1689 1600 dote
1704 1553 1769 1612 crat,
1779 1547 1939 1602 mentionem

295 1609 338 1670 65
357 1613 509 1668 Seleucen
527 1615 594 1670 libro
611 1615 749 1686 stapulas
764 1615 951 1682 quaestionum
965 1613 1075 1684 publice
1124 1613 1233 1668 fecerat.
1250 1613 1362 1668 divortio
1378 1615 1449 1668 facto
1467 1615 1597 1684 reliquum
1612 1629 1644 1668 ex
1661 1615 1750 1684 priore
1766 1613 1828 1668 dote
1844 1615 1938 1668 iisdem

264 1685 442 1736 tractaturum
475 1681 549 1738 Haec
566 1685 636 1738 actio
656 1683 735 1738 etiarn
753 1687 893 1736 constante
907 1681 1074 1736 matrimonio
1125 1681 1218 1736 diebm
1242 1681 1326 1734 vinun
1349 1681 1578 1736 redditurumait
1599 1681 1707 1746 Labeo,
1731 1683 1827 1750 quibus
1850 1681 1938 1736 reddi·

263 1749 368 1804 mulieri
384 1749 518 1818 competit.
1125 1749 1218 1814 disset,
1226 1749 1249 1804 si
1263 1749 1386 1816 superius
1397 1749 1539 1804 divortium
1547 1751 1617 1804 inter
1627 1765 1673 1804 eos
1685 1747 1787 1804 factum
1796 1757 1938 1814 comesset,

299 1813 339 1874 66
357 1815 598 1874 inrornuusltbro
606 1823 684 1870 sexto
692 1815 933 1886 expostularetur
940 1815 1075 1870 Labeonis
1125 1817 1250 1886 quoniam
1266 1817 1362 1886 prioris
1382 1817 1452 1870 dotis
1471 1831 1553 1870 causa
1574 1817 1604 1870 in
1626 1823 1779 1886 sequentem
1802 1817 1872 1872 dotis
1891 1819 1938 1870 ob-

264 1885 296 1938 ln
312 1885 354 1938 his
371 1885 459 1950 rebus,
478 1903 544 1954 quas
560 1891 668 1954 praeter
681 1887 847 1936 numeratam
863 1885 1004 1952 pecuniam
1019 1883 1076 1936 doti
1125 1891 1141 1938 6
1175 1885 1326 1952 ligationem
1345 1891 1415 1938 esset
1433 1885 1578 1938 translata:
1598 1885 1688 1938 etheo
1702 1891 1879 1964 verumputo.
1911 1885 1939 1938 Si

264 1953 304 2006 vir
320 1951 409 2016 habet,
436 1951 525 2008 dolum
552 1953 650 2006 malum
677 1957 702 2004 ct
729 1951 835 2020 eulpam
861 1969 921 2006 eum
937 1955 1080 2020 praestare,
1124 1951 1163 2006 vir
1181 1965 1273 2006 socero
1291 1951 1395 2006 iniussu
1412 1951 1504 2006 uxoris
1521 1957 1645 2006 manente
1663 1953 1830 2006 matrimomo
1850 1953 1938 2006 dotem

265 2025 387 2088 oportere
404 2021 510 2074 Sardus
527 2021 573 2074 ait.
610 2035 642 2092 ea
665 2019 795 2072 sententia
812 2019 900 2074 Pubhi
917 2019 1001 2074 Mucii
1019 2023 1073 2074 est:
1125 2025 1263 2086 acceptam
1280 2019 1395 2084 iecisset,
1414 2021 1518 2074 etiamsi
1530 2019 1559 2074 id
1572 2025 1683 2088 propter
1696 2023 1839 2088 egestatem
1853 2019 1939 2074 soceri

265 2105 327 2142 nam
343 2089 366 2142 is
383 2089 412 2142 in
428 2089 552 2144 Licinnia
569 2087 684 2140 Gracchi
701 2101 786 2140 uxore
803 2089 897 2142 statuit
905 2089 923 2152 2,
942 2087 1014 2156 quod
1031 2101 1074 2140 ree
1124 2087 1937 2208 100101000001,0101000100ἓωοωω101000101010110100,

266 2155 367 2212 dotales
392 2155 421 2210 in
446 2173 479 2212 ea
500 2155 639 2220 seditione,
657 2169 709 2224 qua
728 2153 867 2210 Gracchus
884 2155 990 2210 occisus
1009 2161 1074 2220 erat,
1125 2159 1139 2208 'l
1175 2159 1202 2210 et
1223 2155 1276 2208 hoe
1298 2169 1390 2208 uerum
1414 2161 1461 2208 est
1525 2155 1616 2224 iquis
1639 2171 1689 2224 pro
1715 2155 1823 2208 muliere
1849 2155 1938 2208 dotem

265 2225 409 2292 perissent,
433 2225 486 2290 eit,
512 2223 575 2292 quia
593 2221 709 2282 Gracchi
733 2221 812 2292 culpa
836 2239 867 2278 ea
890 2223 983 2278 seditio
1001 2221 1074 2278 iacta
1124 2221 1180 2278 viro
1198 2221 1327 2290 promisit,
1346 2221 1443 2276 deinde
1453 2221 1551 2278 herede
1561 2223 1671 2276 muliere
1683 2221 1776 2276 relicta
1785 2223 1937 2288 decesserit,

267 2295 279 2344 1
305 2297 393 2356 esset,
410 2293 549 2346 Licinniae
562 2291 696 2370 praestari
713 2297 843 2360 oportere.
878 2291 966 2344 Servis
983 2291 1074 2344 uxoris
1124 2305 1178 2360 qua
1195 2305 1227 2344 ex
1244 2295 1322 2358 perte
1338 2289 1432 2344 mulier
1450 2289 1565 2344 eiberes
1580 2295 1658 2356 essct,
1673 2305 1721 2356 pro
1738 2305 1769 2344 ea
1782 2289 1938 2358 partedotis

267 2359 304 2412 vir
321 2375 441 2414 nummos
457 2359 486 2412 in
503 2359 656 2414 vestiarium
674 2359 792 2422 dederat,
805 2375 857 2428 quo
871 2365 966 2426 parato
980 2357 1075 2412 deinde
1123 2359 1281 2428 periculum,
1298 2359 1370 2428 quod
1387 2357 1435 2410 uiri
1456 2357 1564 2422 fuisset,
1589 2359 1623 2410 ad
1645 2359 1781 2410 mulierem
1823 2359 1938 2412 ertinere

265 2427 335 2482 iutra
352 2443 451 2482 annum
469 2427 609 2506 disertum
626 2425 820 2482 intercesserat.
839 2425 941 2504 placuit
954 2425 1074 2480 Labeoni
1124 2425 1162 2506 ait
1172 2425 1275 2492 Labeo,
1293 2425 1416 2496 0010000
1430 2425 1522 2480 melius
1535 2425 1644 2506 aequius
1660 2375 1821 2494 0000000006
1834 2425 1937 2506 exigere

266 2495 401 2558 Trebatio,
428 2495 517 2562 qualia
542 2497 699 2548 vestimenta
724 2499 786 2562 post
809 2495 951 2548 divortium
976 2501 1073 2558 essent,
1123 2509 1164 2548 ur
1180 2495 1214 2548 ab
1232 2509 1315 2548 uxore
1333 2509 1387 2548 non
1403 2495 1548 2560 potuisset,
1566 2493 1601 2546 ob
1619 2493 1647 2546 ul
1665 2509 1698 2546 ex
1715 2493 1870 2548 detrimento
1888 2509 1937 2548 un

266 2563 330 2616 talia
346 2563 403 2614 viro
421 2561 508 2614 reddi:
532 2561 603 2614 idem
619 2561 684 2614 iuris
701 2559 821 2614 futurum
838 2561 958 2624 fuisset³,
976 2559 999 2614 si
1016 2561 1075 2628 ipsa
1124 2561 1260 2614 muherem
1276 2563 1447 2628 locupletari:
1473 2567 1500 2614 ct
1515 2561 1568 2614 hoc
1585 2575 1677 2614 verum
1694 2565 1767 2628 puto.

266 2629 421 2680 vestimenta
446 2627 486 2682 vir
511 2629 617 2680 emisset
642 2633 669 2680 et
693 2629 775 2682 servis
800 2629 927 2680 dedisset:
958 2627 1029 2694 quod
1052 2627 1074 2680 si
1158 2623 1199 2684 67
1217 2627 1388 2680 Pannonius
1403 2629 1470 2682 libro
1487 2629 1611 2682 uicesimo
1628 2629 1804 2698 cpt'stulurum
1826 2627 1859 2680 In
1874 2641 1935 2694 par·

266 2695 422 2748 vestimenta
444 2711 498 2748 non
520 2695 705 2758 redderentur,
729 2701 786 2748 urm
809 2695 892 2748 virum
915 2695 1030 2762 pretium
1046 2695 1074 2746 in
1123 2699 1177 2748 tem
1195 2693 1264 2748 dotis
1281 2695 1433 2748 reddendae
1451 2693 1552 2760 crit'id,
1570 2695 1643 2764 quod
1659 2695 1762 2750 mulieri
1780 2711 1812 2748 ex
1829 2695 1934 2764 peculio

267 2767 281 2814 i
317 2761 379 2818 dote
396 2767 636 2830 compensaturum.
663 2761 855 2818 Filiafamilias
870 2761 983 2816 divortio
999 2761 1073 2818 iacto
1124 2761 1193 2818 servi
1215 2763 1321 2816 restitui
1344 2761 1465 2816 debebit:
1490 2761 1599 2816 ntideo
1623 2769 1649 2816 et
1673 2763 1763 2818 dolum
1787 2763 1936 2830 etculpem

267 2829 355 2884 dotem
372 2829 441 2898 patri
462 2829 538 2884 reddi
554 2831 681 2884 iusserat:
704 2831 798 2884 deinde
820 2835 897 2900 parte
920 2829 990 2886 dotis
1012 2845 1072 2900 per·
1122 2831 1152 2884 in
1168 2845 1200 2884 eo
1217 2831 1322 2898 peculio
1340 2829 1383 2884 vel
1397 2829 1559 2898 adquirendo
1573 2829 1615 2884 vel
1630 2829 1810 2884 conservando
1824 2831 1936 2884 maritus

267 2899 354 2952 soluta
371 2903 447 2968 pater
464 2899 622 2954 decesserat.
646 2899 693 2954 reli
711 2917 774 2954 uam
791 2905 902 2968 partem,
921 2899 944 2952 si
961 2913 1011 2952 nee
1028 2897 1073 2952 de·
1123 2905 1260 2966 praestare
1284 2897 1364 2952 dehet
1387 2903 1413 2952 et
1435 2899 1539 2952 fruetus
1563 2913 1596 2950 ex
1619 2913 1650 2952 eo
1667 2897 1787 2968 percepti
1804 2899 1935 2968 quomodo

266 2965 354 3034 legata
379 2981 428 3020 uec
453 2967 584 3034 promisse
610 2917 724 3022 0000061
755 2971 841 3022 animo
873 2965 944 3034 patri
969 2965 1073 3030 fuisset,
1125 2965 1266 3020 cuiuslibet
1283 2967 1322 3020 rei
1340 2965 1437 3020 dotalis
1454 2965 1490 3020 ad
1507 2965 1630 3020 maritum
1647 2965 1824 3036 pertinebunt.

794 3721 927 3796 LIBER
948 3717 1184 3796 trecentus
1208 3719 1406 3808 QUINTUS.

650 3911 689 3970 1⁰,
1123 3913 1134 3958 t
1170 3921 1268 3974 pensas
1285 3907 1381 3962 fecisse
1397 3907 1538 3960 videbitur.
1571 3907 1627 3960 Nos
1644 3907 1801 3986 generaliter
1821 3907 1929 3986 definie3

328 4009 375 4060 u
567 4009 605 4058 u
622 4011 687 4060 es
1119 3973 1931 4110 00000000000000000000

299 4105 314 4164 1
347 4105 492 4162 Uarianos
518 4109 585 4162 labro
613 4109 749 4180 tripectora
774 4117 853 4164 sexto
878 4109 916 4164 orl
940 4107 1071 4164 Sabinum
1120 4123 1155 4162 an
1171 4125 1232 4164 vero
1251 4111 1285 4164 ed
1302 4109 1451 4178 praesentis
1468 4109 1532 4162 anni
1548 4107 1679 4164 fructum:
1697 4109 1759 4162 siin
1773 4111 1929 4176 praesentis,

264 4175 445 4244 Impensarum
475 4175 605 4244 quaedam
635 4181 698 4228 sunt
730 4177 914 4240 necessariae,
941 4177 1071 4246 quaedam
1120 4191 1181 4230 cum
1197 4177 1329 4232 fructibus
1346 4177 1398 4230 hoo
1416 4177 1655 4246 compensandum:
1679 4177 1702 4228 si
1723 4191 1784 4230 vero
1808 4177 1930 4230 nonfuit

266 4249 277 4296 1
314 4243 408 4306 utiles,
435 4243 564 4312 quaedam
588 4259 649 4298 uero
676 4245 848 4312 voluptariae.
897 4243 1071 4300 Necessariae
1120 4243 1298 4312 adpraesens
1316 4249 1420 4298 tanturn
1438 4251 1503 4312 apta
1520 4245 1644 4312 erogatio,
1663 4245 1818 4298 necessariis
1835 4245 1929 4314 inpen-

264 4311 315 4366 hae
332 4309 464 4376 dicuntur,
483 4327 551 4380 quae
567 4311 668 4366 habent
683 4311 711 4366 in
730 4327 759 4366 se
775 4313 962 4366 necessitatem
977 4313 1069 4380 inpeu-
1120 4311 1157 4366 sis
1174 4311 1390 4380 computandum.
1548 4375 1549 4378 Ἴ

265 4377 356 4434 dendi:
389 4385 504 4434 ceterum
530 4379 552 4432 si
576 4379 649 4432 nulla
674 4379 726 4432 fuit
750 4381 909 4444 necessitas,
935 4379 987 4432 alio
1013 4379 1071 4434 iure
1154 4377 1311 4434 dPaucos
1331 4379 1398 4432 libro
1423 4379 1560 4448 tripcsimo
1581 4383 1661 4434 sexto
1685 4377 1723 4432 od
1743 4379 1858 4432 edictum
1891 4379 1929 4432 Et

266 4449 280 4500 '2
314 4447 454 4502 habentur.
489 4447 521 4498 In
539 4447 694 4502 necessariis
717 4447 843 4514 impensis
865 4447 917 4502 hoc
934 4447 1071 4508 sciendum
1118 4447 1148 4500 in
1170 4453 1257 4500 totum
1279 4447 1306 4498 id
1331 4445 1433 4498 videtur
1455 4447 1612 4500 necessariis
1637 4447 1763 4526 impensis
1790 4447 1928 4512 contineri,

265 4519 306 4568 est
331 4531 376 4568 eas
403 4513 507 4568 demum
531 4515 655 4584 inpensas
681 4515 768 4570 dotem
794 4513 925 4578 minuere,
946 4529 1020 4583 quac
1042 4515 1071 4568 in
1137 4513 1191 4568 uod
1217 4513 1239 4566 si
1265 4529 1281 4566 a
1307 4513 1401 4568 marito
1432 4513 1557 4568 omissum
1589 4513 1637 4578 sit,
1670 4513 1749 4568 iudex
1774 4513 1842 4566 tanti
1868 4531 1928 4568 eum

265 4579 353 4636 dotem
370 4581 458 4636 iactae
474 4589 549 4636 sunt:
572 4589 689 4636 ceterum
710 4583 734 4636 si
755 4583 783 4636 in
806 4579 894 4660 dotem
911 4581 999 4636 factae
1016 4597 1071 4636 non
1120 4531 1269 4646 60010016,
1293 4581 1387 4660 quanti
1409 4581 1526 4636 mulieris
1549 4579 1698 4636 interfuerit
1724 4597 1769 4660 eas
1793 4581 1927 4648 impensas

266 4653 280 4706 3
315 4651 381 4716 sint,
405 4667 459 4704 non
479 4651 580 4706 habent
601 4651 630 4704 in
652 4665 681 4706 se
697 4653 899 4720 reputationem.
934 4649 1007 4704 Inter
1023 4665 1070 4704 ne·
1119 4649 1185 4704 lieri.
1211 4649 1257 4702 sed
1280 4649 1331 4702 hoc
1355 4649 1458 4714 differt,
1482 4649 1554 4720 quod
1570 4649 1703 4704 factarum
1720 4655 1787 4704 retro
1805 4649 1926 4714 habetur,

266 4719 394 4774 cessarias
410 4719 534 4786 inpensas
554 4735 611 4774 esse
628 4719 718 4774 Labeo
737 4717 774 4772 ait
791 4717 873 4772 moles
896 4717 924 4770 in
941 4733 1013 4772 mare
1029 4717 1071 4774 vel
1119 4717 1170 4774 etsi
1185 4733 1228 4772 res
1246 4715 1314 4770 male
1336 4723 1412 4786 gesta
1435 4723 1488 4790 est,
1511 4733 1566 4772 non
1587 4717 1721 4772 iactamm
1737 4717 1790 4782 ita,
1808 4717 1831 4770 si
1847 4717 1881 4772 ob
1899 4717 1927 4770 id

266 4783 363 4840 flumen
380 4787 521 4856 proiectae.
539 4787 586 4840 sed
605 4791 631 4840 et
647 4787 671 4840 si
679 4787 818 4854 pistrinum
828 4787 870 4840 vel
882 4785 1007 4840 horreum
1023 4801 1069 4840 ne·
1118 4801 1161 4840 res
1178 4785 1247 4838 male
1263 4789 1339 4852 gesta
1356 4789 1409 4840 est:
1428 4785 1518 4852 itaque
1529 4785 1553 4838 si
1565 4785 1671 4840 fulserit
1681 4783 1794 4838 insulam
1807 4791 1927 4838 ruentem

266 4855 381 4910 cessario
398 4855 500 4908 factum
510 4855 552 4918 06,
565 4855 592 4906 in
610 4853 765 4908 necessariis
780 4853 904 4920 impensis
920 4853 1071 4906 babendum
1120 4867 1204 4920 eaque
1216 4859 1309 4906 exusta
1323 4853 1365 4918 sit,
1378 4853 1503 4920 inpensas
1515 4853 1694 4922 consequitur,
1702 4851 1726 4906 si
1733 4853 1887 4906 nonfecerit
1896 4853 1926 4916 ¹⁰,

266 4923 312 4976 ait.
344 4921 453 4990 proinde
479 4921 615 4974 Fulcinius
639 4921 741 4990 inquit,
768 4921 791 4974 si
817 4919 966 4974 aedilicium
990 4935 1070 4974 mens
1120 4919 1215 4974 deusta
1232 4935 1264 4974 ea
1281 4921 1347 4972 nihil
1363 4921 1518 4988 praestabit.
1925 4929 1926 4932 ’

268 4989 338 5058 quod
353 4991 453 5045 habere
467 4989 570 5042 mulieri
584 4989 648 5042 utile
664 4995 721 5042 erat
734 4989 864 5052 refecerit,
876 4993 922 5040 aut
936 4987 959 5042 si
976 4987 1071 5042 oliveta
1154 4985 1172 5044 5
1202 4987 1347 5042 Uarianos
1375 4987 1443 5044 libro
1468 4987 1604 5056 tripesimo
1628 4993 1708 5042 screto
1735 4987 1772 5040 ad
1797 4985 1926 5042 Sabinum

267 5059 381 5112 reiecta⁷
409 5055 612 5122 restauraverit,
637 5059 678 5110 vel
703 5073 738 5110 ex
770 5055 957 5126 0600106000Β
983 5055 1071 5110 damni
1120 5053 1197 5134 Quod
1220 5053 1317 5108 dicitur
1342 5055 1506 5110 necessarias
1528 5055 1660 5122 impensas
1686 5053 1774 5108 dotem
1799 5055 1926 5118 minuere,

267 5125 358 5180 infecti
375 5143 408 5180 ne
426 5125 603 5178 committatur
620 5125 790 5190 praestiterit,
1120 5137 1159 5176 sro
1181 5123 1230 5176 erit
1253 5123 1449 5188 accipiendum,
1473 5127 1504 5176 ut
1526 5129 1553 5176 et
1575 5121 1737 5188 Pomponius
1761 5121 1806 5186 ait,
1824 5139 1878 5176 nou
1895 5125 1926 5176 ut

301 5191 857 5262 260οι00160000060000018006000
899 5189 939 5242 001
955 5189 984 5244 in
999 5191 1069 5246 vale·
1118 5189 1194 5258 ipsae
1216 5205 1258 5244 res
1283 5191 1457 5258 corporaliter
1480 5189 1679 5254 deminuantur,
1696 5195 1728 5242 ut
1762 5195 1809 5242 uta
1826 5189 1925 5242 fundus

269 5261 387 5316 tudinem
404 5275 537 5314 serrorum
554 5259 717 5326 impenderit,
1119 5257 1160 5310 001
1177 5259 1361 5338 quodcumque
1378 5257 1451 5312 aliud
1468 5273 1578 5338 corpus:
1605 5257 1701 5310 etenim
1724 5207 1868 5312 0600001010
1884 5261 1926 5310 est

302 5323 321 5382 3
344 5327 487 5382 Unerauns
509 5327 576 5382 libro
602 5329 738 5406 tripertito
767 5333 846 5382 sexto
875 5323 912 5380 cd
941 5323 1070 5380 Sabinum
1120 5323 1789 5394 demmutionemeorporisfienpropterpccuniam.
1808 5333 1925 5380 ceterum

270 5395 309 5446 001
335 5395 357 5448 si
382 5397 447 5450 uites
472 5399 656 5464 propagaverit
680 5395 722 5446 001
746 5395 855 5450 arbores
879 5395 1008 5446 curaverit
1030 5391 1071 5446 rel
1118 5393 1185 5446 haec
1212 5393 1339 5448 efficiet¹¹
1364 5395 1482 5448 desinere
1514 5407 1572 5446 esse
1599 5393 1711 5446 fundum
1741 5393 1856 5448 dotalem
1884 5391 1925 5448 uel

271 5461 409 5514 cammaris
431 5479 478 5530 pro
501 5463 615 5516 utilitate
638 5461 693 5530 agri
714 5461 819 5528 100006,
844 5461 1007 5516 necessarias
1030 5461 1069 5514 in·
1119 5467 1222 5530 partem
1240 5461 1304 5516 eius.
1323 5461 1440 5516 manebit
1456 5461 1536 5530 igitur
1551 5461 1661 5516 maritus
1683 5461 1712 5514 in
1728 5479 1815 5516 rerum
1833 5463 1924 5518 deten-

271 5629 450 5694 1610001001Ἰ
497 5633 528 5690 (at
544 5631 633 5680 statuit
642 5633 688 5682 del.
742 5633 773 5694 (3)
783 5631 859 5680 fuisse
869 5635 921 5682 edd.
975 5635 1072 5696 (tlcital
1122 5633 1295 5696 stipulatione]
1306 5629 1438 5696 stipulatio
1447 5649 1491 5680 scr.
1561 5635 1593 5692 le)
1612 5631 1752 5692 adJsitecr.
1820 5629 1923 5694 (suliul-

272 5699 418 5764 Pompeuiuc
426 5697 459 5746 D.
470 5697 510 5758 23,
520 5707 539 5756 0,
552 5711 576 5748 ts
646 5701 678 5762 (a)
696 5699 935 5762 deeedeenuoscr.
1121 5701 1182 5748 serit
1195 5719 1241 5752 scr.
1344 5701 1385 5764 (tt)
1403 5703 1511 5750 ceterum
1525 5699 1845 5768 baecresficietlllcontra
1862 5701 1923 5750 haec

305 5769 338 5822 (ol
356 5763 528 5816 Sub-Bos.
539 5767 622 5824 28‚1o.
701 5769 732 5830 tt)
751 5767 846 5818 deiecta
860 5767 920 5818 Hal
990 5771 1021 5830 (0)
1040 5783 1069 5818 ex
1121 5767 1266 5818 efficietscr.
