4366 6258
251 403 296 450 nn
317 403 396 450 ruse
417 403 549 450 norrun
1059 379 1122 452 299
1733 379 1845 444 XXlll
1868 385 1886 442 2
1910 385 1929 446 3

224 597 225 600 ¹
252 581 318 624 sona
343 565 438 620 tutoris
452 565 614 634 εοςὶιεεεε,
641 581 703 620 curn
728 565 787 620 ideo
815 565 929 620 maxime
953 571 1065 620 matrem
1115 565 1169 624 iam
1192 565 1276 620 tutela
1294 571 1320 618 et
1337 571 1422 634 nupta
1437 571 1528 634 puella
1545 569 1620 624 alii¹¹
1635 571 1742 628 uereor,
1766 579 1799 616 ne
1821 565 1930 632 longum

255 639 267 688 1
293 633 428 702 praetulit,
437 631 550 686 nefiliae
559 633 665 702 nuptias
674 633 758 686 tutori
767 633 948 688 committeret.
968 631 1067 688 Mulier
1117 633 1152 688 sit
1175 631 1345 700 adoptionem
1367 633 1456 688 mariti
1478 637 1536 692 cius
1556 631 1797 706 impedire-quasi
1820 637 1930 700 propter

254 701 348 756 liberto
365 699 416 754 riri
433 715 467 754 ao
483 701 590 766 patroni
613 701 655 754 sui
677 701 750 754 mala
766 701 871 754 ratione
889 701 1065 768 coniungitur.
1117 701 1170 754 hoc
1185 701 1378 770 interponatur,
1396 703 1428 754 ot
1444 703 1512 756 ratio
1528 703 1626 758 tutelae
1641 699 1790 758 reddendae
1804 699 1931 754 cohibea--

254 771 268 822 l
304 767 402 832 Tutor,
420 767 482 834 qui¹
506 769 624 820 rationes
649 769 768 820 curatori
784 767 906 832 reddidit,
932 767 1067 836 puellam²
1117 773 1176 830 tur,
1200 781 1281 836 quarn
1304 781 1413 820 causam
1435 769 1621 834 prohibitionis
1644 769 1796 838 nuptiarum
1820 771 1927 820 contra-

254 849 329 890 suam
345 839 407 888 ante
432 833 606 886 constitutum
629 839 735 902 tempus
759 835 853 888 aetatis
878 835 934 886 eius
957 849 1067 888 uxorem
1118 837 1134 886 4
1167 833 1316 886 bandarum
1334 835 1418 888 oratio
1437 833 1490 886 diri
1506 835 1594 890 Marci
1612 837 1737 896 continet.
1772 835 1810 888 Et
1827 833 1850 886 si
1867 833 1931 912 quis
1966 903 1968 906 Ι

255 901 351 956 ducem
366 915 417 954 nec
431 905 542 954 manem
557 917 590 954 ex
603 901 655 954 alic
671 901 837 956 matrimonio
852 901 952 954 iactam
967 905 1065 970 potest.
1118 905 1227 954 curator
1241 901 1327 954 ventri
1344 901 1474 966 bonisque
1488 899 1566 954 datus
1585 903 1626 968 sit,
1641 903 1844 972 prohibitionem
1859 915 1929 954 ems·

288 963 326 1024 63
345 967 426 1022 lanu
455 967 524 1022 libro
551 969 643 1038 primo
670 969 855 1036 definitionum
906 967 1063 1020 Praefectus
1118 967 1179 1018 dein
1205 973 1312 1022 senatus
1345 967 1461 1020 consulti
1490 967 1607 1020 inducit:
1634 977 1702 1024 'nam
1727 975 1755 1024 et
1779 971 1824 1022 hic
1850 967 1935 1022 debet

256 1035 370 1090 cohortis
387 1033 429 1086 rel
446 1033 566 1102 equitum
583 1035 767 1088 euthitianus
786 1040 881 1086 contra
897 1033 1067 1086 interdictum
1118 1033 1249 1088 rationem
1257 1031 1376 1088 reddere.
1385 1047 1437 1086 nec
1451 1033 1567 1102 spatium
1581 1035 1815 1092 administrationis
1824 1049 1934 1090 morere·

257 1103 312 1156 eius
329 1099 481 1170 provinciae
504 1101 581 1156 duxit
597 1117 722 1166 uxorem,
739 1101 767 1152 in
785 1117 839 1168 qua
857 1099 975 1154 officium
992 1115 1066 1168 gere-
1117 1115 1167 1156 nos
1185 1099 1272 1166 debet,
1291 1099 1353 1168 quia
1369 1115 1419 1154 nec
1435 1099 1464 1152 in
1480 1105 1570 1152 tutore
1585 1109 1635 1152 nec
1650 1109 1774 1156 curatore
1789 1105 1929 1156 discrimen

255 1171 315 1224 bat:
347 1167 543 1222 matrimonium
566 1185 620 1222 non
644 1169 707 1222 erit:
739 1177 807 1236 quae
830 1167 933 1234 speeies
950 1165 1068 1236 pupillae
1118 1169 1225 1222 maioris
1256 1173 1305 1222 aut
1329 1167 1437 1222 mmoris
1462 1165 1609 1234 temporis,
1634 1183 1687 1234 quo
1718 1169 1747 1222 in
1778 1169 1930 1224 huiusmodi

257 1235 435 1304 comparanda
462 1241 516 1300 est,
542 1251 601 1288 cum
619 1237 687 1288 ratio
705 1239 861 1302 potentatus
879 1237 987 1302 nuptias
1004 1249 1066 1302 pro·
1118 1239 1134 1288 5
1169 1251 1278 1290 munere
1310 1235 1368 1302 quis
1391 1233 1489 1300 fuerit,
1515 1233 1635 1288 habitum
1652 1237 1742 1288 esse12.
1778 1235 1806 1292 Si
1823 1237 1933 1306 puellae·

257 1303 378 1360 hibnerit.
408 1303 456 1358 sed
481 1319 516 1356 an
538 1303 600 1356 huic
618 1319 723 1372 qnoque
746 1303 770 1356 si
786 1303 858 1368 virgo
877 1303 993 1370 nupsit³,
1012 1317 1067 1356 non
1118 1303 1230 1356 tutelam
1244 1303 1328 1354 Titius
1345 1301 1592 1356 administraritrel
1606 1305 1713 1354 curator
1727 1319 1762 1358 ne
1778 1305 1833 1358 otia
1848 1303 1931 1372 gessit

257 1373 291 1426 sit
307 1369 480 1424 auferendum
505 1369 576 1438 quod
599 1375 758 1422 testamento
781 1369 903 1422 relictum
926 1373 983 1432 est,
1002 1367 1066 1420 deli·
1119 1383 1203 1448 caque
1219 1369 1337 1424 nondum
1359 1373 1468 1438 recepta
1490 1369 1593 1422 ratione
1615 1367 1730 1422 decessit
1783 1371 1808 1424 'a
1831 1369 1929 1426 herede

256 1435 342 1492 berari
358 1441 459 1504 potest:
479 1437 598 1504 exemplo
616 1441 705 1490 tamen
723 1435 840 1504 pupillae
858 1441 959 1504 nuptae
975 1435 1066 1498 tutori,
1118 1435 1225 1502 rcheta,
1269 1435 1403 1500 maerenti,
1430 1453 1465 1490 an
1490 1451 1548 1490 eam
1574 1435 1628 1488 lilio
1655 1449 1703 1488 suo
1728 1441 1821 1504 posset
1843 1437 1933 1492 Titius

257 1501 327 1574 quod
343 1503 465 1558 relictum
482 1509 523 1558 est
560 1509 630 1558 otest
651 1503 745 1558 mulier
768 1503 903 1624 ⁰⁰n⁸³ffl²i'
927 1501 1068 1572 pecuniam
1119 1503 1252 1558 collocare
1265 1505 1294 1558 in
1308 1503 1511 1568 matrimonium,
1522 1503 1576 1558 dixi
1589 1517 1676 1570 posse,
1693 1503 1754 1570 quia
1768 1505 1837 1558 ratio
1852 1507 1929 1558 here·
1950 1567 1951 1570 Ἴ

257 1579 344 1624 tamen
367 1571 395 1624 in
419 1573 508 1624 dotem
551 1577 629 1638 atam
644 1571 760 1624 mulieris
782 1571 847 1624 here
867 1571 873 1582 '
897 1571 1003 1626 restitui
1020 1585 1067 1624 ne·
1121 1571 1217 1626 ditaris
1234 1575 1305 1626 esset
1321 1577 1348 1624 ει
1364 1571 1400 1624 sit
1417 1573 1529 1640 simplex
1546 1571 1679 1624 debitumz
1704 1569 1820 1638 ahoquin
1844 1573 1930 1626 omnis

259 1651 331 1694 cesse
349 1643 397 1690 est.
1119 1639 1222 1692 debitor
1239 1653 1306 1702 eam,
1331 1639 1374 1692 cui
1397 1639 1529 1706 obligatus
1552 1643 1622 1690 esset
1651 1651 1683 1690 ex
1706 1636 1794 1704 aliqua
1817 1639 1928 1702 ratione,

291 1701 330 1762 64
350 1703 959 1774 Cecrrsrnrrcslr'brosocuudoquaestionum
973 1705 1068 1758 Liber·
1119 1709 1135 1758 e
1169 1707 1325 1774 prohibetur
1348 1705 1398 1758 sibi
1420 1705 1527 1774 filioque
1550 1719 1599 1758 suo
1623 1705 1790 1770 coniungere.
1826 1705 1878 1758 Sed
1903 1711 1930 1760 et

258 1778 312 1827 tum
331 1771 495 1840 eundemque
511 1775 627 1826 tutorem
644 1771 762 1840 pupillae
779 1787 819 1836 eo,
838 1771 909 1840 quod
931 1773 959 1826 in
975 1771 1067 1824 matri·
1118 1773 1149 1838 is,
1169 1773 1215 1840 qui
1229 1771 1358 1852 pupillam
1380 1771 1497 1828 abstinet
1520 1771 1595 1826 bonis
1617 1771 1703 1840 patris
1726 1771 1780 1836 sui,
1797 1771 1931 1828 rationem

260 1837 375 1894 monium
398 1841 530 1894 colorata
551 1839 603 1906 ipsi
625 1839 708 1894 tutori
730 1853 778 1892 suo
802 1839 844 1892 rel
866 1839 920 1894 filio
944 1839 1001 1892 eius
1019 1843 1068 1902 est,
1118 1841 1176 1894 eius
1198 1855 1238 1894 rer
1261 1845 1398 1908 praestare
1415 1839 1495 1894 debet
1513 1843 1539 1894 et
1555 1839 1612 1894 fieri
1624 1843 1726 1908 potest,
1742 1843 1774 1892 ut
1791 1839 1841 1894 etsi
1851 1841 1872 1874 ¹³
1888 1839 1929 1894 in·

260 1913 272 1960 1
307 1911 415 1960 senatus
444 1905 614 1974 relegandum
648 1907 760 1960 censuit.
805 1905 918 1960 Senatus
945 1905 1068 1968 consulti,
1120 1907 1266 1962 consultius
1292 1907 1344 1962 hoc
1368 1907 1477 1970 iecerit,
1503 1913 1530 1960 et
1551 1907 1608 1960 boc
1626 1907 1731 1960 nomine
1758 1905 1929 1960 condemnari

276 1989 309 2026 uo
327 1973 502 2042 prohibentur
518 1977 621 2026 tutores
639 1979 666 2026 et
688 1973 735 2026 filii
760 1987 851 2026 eorum
869 1973 983 2042 pupillas
1001 1987 1065 2026 suas
1119 1975 1224 2028 debeat.
1251 1973 1299 2026 sed
1325 1979 1351 2028 et
1372 1975 1396 2028 si
1418 1975 1517 2042 optimo
1541 1973 1653 2026 consilio
1679 1987 1744 2026 usus
1775 1973 1809 2026 sit
1831 1973 1930 2026 auxilio

260 1991 360 2106 iuuere,
377 2047 444 2160 gulo
462 2041 585 2092 heredem
599 2055 704 2160 quoqne
720 2041 818 2092 tutoris
836 2047 991 2094 extraneum
1008 2055 1068 2092 sen-
1118 2041 1268 2110 praetoriae
1290 2041 1493 2106 iurisdictionis,
1526 2041 1588 2122 quia
1615 2055 1669 2094 non
1698 2039 1823 2094 solvendo
1853 2045 1933 2110 pater

260 2107 340 2162 tentia
363 2107 540 2176 emehardi,
566 2121 625 2160 cnm
647 2107 657 2158 i
676 2121 706 2160 eo
730 2107 896 2174 prohibuerit
917 2105 1070 2160 huiusmodi
1120 2107 1176 2162 eius
1204 2107 1367 2172 decesserat,
1393 2107 1475 2162 nihilo
1501 2125 1587 2162 minus
1612 2113 1716 2172 tamen,
1743 2107 1805 2176 quia
1829 2107 1930 2162 iudicio

260 2173 373 2242 nuptias,
392 2191 426 2228 ne
442 2173 560 2254 pupillae
576 2173 604 2228 in
620 2189 651 2226 re
667 2173 793 2228 familiari
815 2173 1069 2228 circumscribantur
1119 2177 1171 2230 hec
1187 2175 1297 2242 probari
1313 2179 1432 2246 oportet,
1455 2175 1637 2244 impediuntur
1656 2173 1779 2254 nuptiae:
1803 2189 1865 2226 nam
1884 2173 1929 2242 qui

260 2241 360 2308 abhis,
378 2241 423 2312 qui
440 2247 558 2296 rationes
576 2241 613 2296 eie
636 2247 727 2308 gestae
750 2241 850 2296 tutelae
866 2241 978 2296 reddere
996 2257 1068 2296 com·
1119 2245 1187 2296 bene
1204 2243 1314 2296 tutelam
1337 2247 1365 2296 ct
1388 2259 1420 2296 ex
1442 2241 1495 2296 fide
1520 2243 1725 2308 administravit,
1743 2241 1825 2296 nihilo
1842 2241 1933 2296 minus

260 2313 274 2362 2
308 2309 450 2376 pelluntur.
491 2309 578 2362 Tutor
603 2315 693 2362 autern
719 2309 813 2378 pupilli
835 2325 890 2362 non
913 2309 1070 2388 prohibetur
1120 2311 1285 2380 prohibetur.

260 2377 339 2428 filiam
362 2391 437 2430 suam
461 2377 594 2430 collocare
615 2377 717 2444 pupillo
735 2391 783 2430 suo
801 2377 830 2430 in
845 2377 1068 2430 matmmoniumi.
1154 2373 1194 2434 68
1213 2377 1331 2432 Pincus
1346 2377 1413 2434 libro
1436 2377 1574 2446 simpertum*
1594 2377 1632 2432 ud
1652 2381 1762 2432 secutur
1778 2377 1929 2432 consortum

293 2439 330 2500 65
351 2441 470 2498 Parcus
490 2443 558 2496 libro
576 2445 687 2514 septimo
704 2459 895 2514 responsorum
936 2443 1006 2506 Eos,
1025 2441 1069 2512 qui
1121 2443 1318 2514 Turpillianum
1352 2445 1414 2498 lure
1430 2445 1547 2512 gentium
1563 2445 1695 2500 incestum
1712 2443 1866 2510 committit,
1885 2443 1931 2512 qui

260 2509 1070 2632 tritissimisantitistis-mitt,⁸
1120 2511 1260 2632 initii
1275 2513 1929 2634 ,ttittlttsti*attributis

263 2593 519 2722 isdampmandatis
535 2645 673 2722 contineri.
698 2643 772 2696 Idem
785 2595 904 2698 eisdemi
923 2593 1070 2712 Reipcndit
1120 2651 1172 2710 tur,
1195 2619 1236 2702 rel
1257 2595 1373 2700 infinum
1397 2663 1476 2714 quam
1498 2647 1652 2716 impeditur,
1676 2647 1699 2702 ei
1716 2597 1822 2728 quiilcm
1838 2647 1929 2716 palem

261 2711 323 2764 mrlu
347 2711 468 2778 placere,
496 2719 546 2764 etsi
572 2715 665 2764 contra
691 2713 818 2764 mandata
843 2717 1011 2766 conuectum
1035 2713 1071 2766 sit
1119 2713 1229 2778 lecerit,
1246 2713 1344 2778 lenius,
1363 2713 1385 2768 si
1402 2729 1462 2768 vero
1481 2715 1550 2770 clam
1566 2715 1618 2770 hoc
1637 2715 1804 2780 commiserit,
1822 2713 1928 2782 grauium

260 2779 453 2830 matrimonium
479 2779 506 2830 in
532 2779 684 2848 prouincia,
710 2785 800 2832 tamen
827 2785 889 2848 post
920 2779 1070 2848 depositum
1121 2781 1238 2850 punitur.
1258 2781 1332 2836 cuius
1352 2781 1509 2836 diversitatis
1526 2781 1572 2836 illa
1589 2781 1656 2836 ratio
1675 2787 1729 2836 est:
1749 2783 1821 2836 circa
1838 2783 1928 2836 matri-

261 2845 390 2910 oificium,
418 2847 441 2900 si
465 2847 494 2900 in
519 2845 610 2900 eadem
635 2847 771 2900 voluntate
795 2855 958 2916 perseverat,
985 2849 1070 2902 iustas
1121 2851 1238 2902 monium
1253 2849 1325 2918 qnod
1343 2863 1375 2902 ex
1391 2851 1475 2904 latere
1491 2865 1545 2904 non
1562 2851 1629 2904 bene
1653 2851 1819 2906 contrahitur
1840 2851 1929 2918 palam

220 2955 222 2960 .
261 2913 365 2980 nuptias
383 2911 465 2968 effici:
491 2919 518 2968 et
534 2913 594 2968 ideo
617 2919 712 2982 postea
733 2913 831 2968 liberos
854 2919 932 2968 natos
950 2931 983 2968 ex
999 2917 1069 2968 iusto
1122 2917 1302 2986 delinquentes
1325 2923 1356 2970 ut
1373 2921 1491 2972 errantes
1500 2917 1522 2950 ¹⁴
1539 2917 1638 2972 maiore
1655 2933 1742 2986 poena
1760 2923 1929 2982 excusantur,

261 2981 445 3034 matrimonio⁶
463 2983 591 3052 legitimos
608 2995 676 3034 esse.
1122 2985 1189 3038 clam
1208 2983 1398 3038 committentes
1415 2991 1447 3038 ut
1465 2989 1634 3040 contumaces
1651 2983 1812 3052 plectuntur.

296 3043 334 3104 66
352 3047 433 3100 lenm
458 3049 526 3104 libro
557 3049 674 3104 secundo
699 3051 891 3102 sententiarum
937 3049 999 3102 Non
1031 3053 1071 3102 est

262 3115 468 3178 matrimonium,
494 3117 517 3170 si
542 3121 614 3170 tutor
638 3115 681 3168 uel
707 3121 817 3170 curator
842 3115 968 3184 pupillam
995 3131 1071 3170 suam

262 3181 330 3236 intra
347 3181 499 3238 vicesimum
524 3189 549 3236 et
573 3187 675 3236 sextum
700 3199 799 3236 aunum
821 3199 876 3236 uon
894 3183 1070 3252 desponsam⁷
1412 3235 1413 3238 ,
1482 3187 1561 3248 11115,

263 3253 377 3328 epatre¹
388 3265 437 3304 nec
455 3255 612 3328 testamento
631 3249 788 3304 destinatam
806 3249 889 3304 ducat
905 3265 1014 3328 orarem
1028 3249 1070 3304 vel
1367 3285 1413 3334 DE
1430 3277 1513 3334 IURE
1533 3287 1663 3338 DOTIUM

263 3331 319 3370 eam
341 3317 396 3370 iiho
420 3331 468 3370 suo
491 3323 596 3386 rungat:
627 3333 678 3386 quo
701 3317 774 3370 lacto
798 3323 910 3384 uterque
926 3315 1071 3370 miamatur
1664 3323 1670 3334 '

263 3389 288 3436 ει
309 3399 357 3452 pro
385 3385 513 3452 dignitate
538 3385 654 3452 pupillae
680 3391 756 3436 extra
779 3383 897 3436 ordinem
922 3389 1067 3436 coercetur.
1157 3383 1311 3440 iPeucos
1325 3385 1392 3438 lr'lrro
1410 3391 1508 3452 quarto
1526 3385 1627 3440 derium
1645 3385 1682 3438 cd
1696 3383 1824 3440 Sabinum
1851 3385 1929 3442 Dotis

263 3465 310 3506 nec
327 3451 445 3516 interest,
464 3451 534 3504 filius
552 3451 593 3504 sui
608 3451 672 3504 iuris
686 3467 721 3504 an
738 3451 766 3504 in
780 3451 865 3520 patris
878 3455 1011 3528 potestate
1026 3451 1068 3504 sit.
1121 3467 1203 3506 causa
1225 3457 1354 3530 perpetua
1377 3455 1429 3514 εει,
1457 3451 1512 3504 ειω
1530 3467 1590 3504 cum
1607 3457 1668 3506 roto
1687 3451 1741 3506 eius
1767 3453 1812 3522 qui
1829 3453 1876 3506 dat
1892 3455 1930 3508 ita

266 3523 276 3572 l
312 3517 448 3598 duraturis
465 3517 590 3572 libertum
606 3533 664 3570 eam
680 3519 817 3597 pupillam,
840 3533 918 3598 curus
940 3523 1070 3586 patronus
1122 3517 1342 3598 contrahitur,·ut
1359 3531 1463 3586 semper
1480 3517 1553 3598 apud
1570 3519 1693 3598 maritum
1710 3519 1761 3620 sit..⁷
1849 3589 1854 3600 Ι

262 3585 1071 3732 terribilissimistristitiis,
1121 3583 1929 3724 aitaidmlttrtttttttststt‘tt„titt

264 3721 347 3776 solum
362 3737 420 3774 mro
438 3727 536 3786 tutore,
555 3721 602 3774 ssd
619 3727 645 3776 et
662 3727 849 3800 postmortem
866 3735 923 3774 ems
940 3721 1010 3772 iihus
1027 3727 1070 3772 tu·
1122 3737 1188 3790 quas
1206 3721 1306 3776 nubere
1322 3727 1444 3790 possunt.

264 3789 329 3844 toris
351 3787 447 3842 ducere
470 3805 579 3844 uxorem
602 3789 757 3856 prohibetur
782 3803 855 3852 eam,
879 3787 954 3840 cuius
971 3787 1071 3840 tutelae
1156 3785 1174 3846 3
1198 3787 1343 3844 Uesaeuus
1364 3787 1432 3844 libre
1455 3789 1624 3858 sexagesimo
1654 3789 1731 3844 tertio
1755 3789 1792 3844 ool
1815 3789 1929 3844 edictum

265 3857 360 3910 rationi
377 3857 520 3910 obstrictus
537 3861 613 3924 pater
629 3855 693 3910 fuit:
717 3871 767 3910 nec
784 3861 849 3922 puto
867 3855 1007 3918 interesse,
1026 3869 1071 3908 ex·
1122 3857 1200 3910 Dotis
1218 3857 1358 3924 appellatio
1376 3871 1429 3910 non
1444 3855 1559 3910 refertur
1577 3855 1611 3908 ad
1626 3871 1658 3910 ea
1671 3855 1845 3922 matrimonia,
1861 3873 1929 3926 quae

266 3925 360 3978 stiterit
375 3923 399 3976 ei
412 3925 489 3976 heres
503 3921 573 3976 filius
588 3937 623 3976 an
637 3923 794 3976 abstinuerit
807 3927 919 3990 paterna
927 3921 1073 3976 hereditate
1124 3925 1268 3976 consistere
1284 3937 1338 3976 nou
1355 3929 1481 3990 possunt:
1504 3939 1590 3992 neque
1607 3923 1676 3976 enim
1694 3923 1741 3976 dos
1766 3925 1822 3978 sine
1838 3925 1929 3978 matri-

266 4003 300 4042 an
315 4005 365 4044 nec
380 3991 458 4044 heres
475 3991 527 4042 fuit
545 3989 622 4054 (forte
648 3991 822 4044 exheredatus
845 3995 892 4044 aut
913 3989 1072 4058 praeteritus
1123 3991 1209 4044 monio
1226 4005 1285 4044 esse
1298 3995 1393 4060 potest.
1409 3991 1569 4060 ubicumque
1577 3991 1656 4060 igitur
1665 3991 1825 4044 matrimonii
1834 4009 1929 4048 nomen

268 4059 470 4126 emancipatum:
499 4075 562 4112 nam
587 4063 612 4112 et
633 4057 690 4112 fieri
713 4063 816 4126 potest,
840 4063 872 4110 ut
887 4073 936 4126 per
952 4055 1073 4110 fraudem
1123 4063 1242 4124 nonest,
1260 4073 1309 4112 nec
1327 4057 1376 4112 dos
1394 4063 1441 4112 est.

266 4125 294 4178 iu
311 4141 370 4180 eum
388 4127 538 4180 collocata8
555 4125 626 4180 bona
642 4127 726 4192 patris
743 4131 853 4192 propter
869 4125 979 4178 tutelam
997 4139 1071 4178 reru·
1157 4123 1177 4182 4
1195 4125 1313 4180 Parrus
1328 4125 1395 4180 libro
1412 4131 1490 4180 sexto
1508 4125 1546 4180 ud
1562 4123 1692 4180 Sabinum
1726 4125 1755 4180 Si
1772 4129 1931 4196 proprietati

269 4195 280 4244 1
316 4193 371 4246 cari
395 4197 525 4260 oporteat.
564 4193 606 4246 De
626 4209 680 4246 uno
705 4193 821 4246 dubitari
843 4197 944 4260 potest,
968 4191 991 4246 si
1008 4207 1073 4246 arus
1124 4193 1211 4246 nudae
1233 4195 1261 4246 in
1283 4193 1371 4246 dotem
1396 4193 1474 4246 datae
1496 4207 1561 4246 usus
1583 4191 1686 4246 fructus
1710 4195 1866 4258 accesserit,
1889 4195 1929 4248 in·

268 4261 374 4312 tutelam
397 4261 477 4328 gessit
499 4275 533 4314 ue
551 4261 586 4312 tis
609 4275 643 4314 ex
664 4259 719 4312 fflio
744 4261 909 4328 emancipato
928 4265 1020 4324 natae,
1038 4273 1073 4312 an
1125 4267 1286 4314 crementum
1301 4261 1404 4314 videtur
1418 4261 1496 4324 dotis,
1505 4275 1560 4314 non
1575 4261 1628 4314 alia
1643 4261 1700 4324 dos,
1710 4261 1929 4330 quemadmodum

268 4327 355 4396 nepoti
373 4343 406 4382 ex
423 4327 508 4380 altero
536 4327 579 4380 '¹0
598 4343 655 4380 eam
669 4327 801 4382 collocare
814 4327 900 4406 possit
914 4327 968 4380 eive
983 4341 1073 4380 eman·
1126 4327 1149 4384 si
1182 4327 1229 4382 uid
1245 4327 1377 4382 alluvione
1394 4327 1559 4384 accessisset.

269 4393 353 4462 cipeto
371 4395 425 4450 siue
442 4395 560 4448 manenti
575 4395 603 4446 in
620 4399 762 4462 potestate,
780 4411 843 4462 qma
860 4411 909 4462 par
927 4394 1074 4450 affectionis
1129 4413 1130 4416 ¹
1158 4345 1182 4452 ἓ
1199 4395 1344 4450 Uarianos
1366 4397 1433 4450 libro
1460 4395 1595 4468 trigesimo
1614 4397 1707 4468 primo
1733 4397 1770 4452 od
1795 4395 1926 4452 Sabinum

269 4477 348 4516 causa
365 4463 542 4530 suspicionem
565 4461 666 4516 fraudis
692 4467 803 4516 amovet.
827 4463 876 4516 sed
899 4463 948 4516 etsi
964 4467 1074 4516 senatus
1124 4463 1285 4518 Profectioia
1307 4463 1355 4518 dos
1379 4469 1433 4528 est,
1458 4479 1527 4532 quae
1550 4477 1568 4516 a
1590 4469 1666 4534 patre
1682 4463 1724 4518 vel
1739 4469 1851 4534 parente
1867 4477 1928 4530 pro·

270 4531 416 4582 constitum
434 4529 525 4582 stricto
543 4529 601 4582 iure
618 4533 713 4582 contra
736 4543 828 4582 omnes
851 4535 954 4584 tutores
971 4531 1073 4594 nititur,
1126 4535 1137 4584 1
1173 4531 1246 4584 lecta
1271 4537 1311 4586 est
1337 4531 1368 4584 de
1392 4531 1472 4586 bonis
1496 4531 1539 4586 rel
1562 4531 1635 4586 lacto
1661 4531 1725 4586 eius.
1766 4531 1825 4584 Sive
1849 4529 1929 4594 igitur

270 4601 383 4650 atamen
400 4611 519 4650 summae
536 4595 683 4650 affectionis
701 4597 786 4650 auitae
808 4597 907 4650 intuitu
923 4597 1074 4650 huiusmodi
1123 4615 1221 4666 parens
1244 4597 1317 4654 dedit
1339 4599 1427 4654 dotem
1451 4597 1506 4654 sire
1522 4603 1683 4666 procurator¹
1702 4597 1758 4652 eius
1781 4597 1835 4650 sire
1851 4595 1929 4648 iussit

270 4665 285 4714 2
317 4663 425 4732 nuptias
438 4663 624 4718 concedendae
638 4669 708 4718 sunt.
732 4663 785 4716 Sed
800 4663 863 4716 etsi
878 4663 1074 4718 filiusfamilias
1124 4665 1205 4720 alium
1229 4665 1294 4720 dere
1317 4667 1384 4732 sire,
1403 4681 1464 4720 cum
1503 4667 1545 4720 uis
1575 4665 1690 4720 dedisset
1714 4663 1847 4732 negotium
1873 4663 1929 4718 eius

269 4733 339 4808 tutor
355 4733 458 4800 puellae
479 4731 522 4786 rel
545 4735 653 4786 curator
673 4729 739 4796 fuit,
764 4735 829 4798 puto
847 4733 888 4784 rel
905 4731 987 4800 magis
1004 4729 1075 4800 patri
1123 4747 1230 4804 gerens,
1253 4749 1350 4804 parens
1373 4739 1462 4788 ratum
1486 4685 1617 4798 intuerit,
1634 4729 1790 4808 proiectioia
1813 4729 1861 4784 dos
1880 4735 1927 4786 est.

271 4811 324 4852 erus
341 4815 394 4852 non
413 4803 535 4866 oportere
552 4813 610 4854 eam
627 4797 741 4852 nubere:
765 4797 894 4866 numquid
916 4813 964 4852 nec
988 4797 1073 4862 tratri,
1124 4805 1140 4854 2
1175 4801 1297 4870 Quodsi
1322 4803 1380 4870 quis
1405 4801 1476 4870 patri
1501 4799 1647 4856 donaturus
1673 4797 1758 4862 dedit,
1784 4797 1929 4852 Marcellus

272 4867 285 4916 3
319 4867 363 4944 qui
387 4867 478 4920 estin
501 4865 618 4918 eiusdem
641 4867 792 4934 potestate?
816 4865 867 4918 Sed
890 4867 1033 4930 videamus,
1052 4867 1074 4920 si
1123 4869 1191 4924 libro
1209 4873 1285 4924 sexto
1303 4869 1464 4938 digestorum
1481 4867 1587 4936 scripsit
1602 4867 1673 4920 hauc
1691 4879 1794 4934 quoque
1818 4873 1928 4936 epatre

270 4929 331 4984 Titii
354 4933 424 4988 filius
450 4935 554 4986 duxerit
579 4949 688 4988 uxorem
714 4949 780 4998 eam,
807 4949 876 5002 quae
899 4939 948 4986 tua
972 4933 1074 5002 pupilla
1124 4939 1139 4990 3
1173 4935 1320 5004 prolectam
1337 4951 1408 4990 esse:
1436 4943 1464 4990 et
1480 4939 1520 4990 est
1535 4951 1633 4988 rerum.
1669 4931 1721 4986 Sed
1738 4939 1765 4986 ει
1781 4933 1804 4986 si
1821 4939 1950 4988 curator¹

269 4995 332 5062 fuit,
355 5001 449 5056 deinde
467 5001 566 5056 Titium
589 5003 630 5056 rel
651 5001 735 5054 filium
760 5003 816 5056 eius
839 5001 1020 5070 adoptareris,
1039 5017 1073 5056 an
1123 5003 1216 5058 fumosi
1232 5005 1273 5058 vel
1290 5005 1391 5074 prodigi
1407 5005 1449 5056 vel
1467 5001 1581 5056 auinaue
1595 4999 1703 5056 alterius
1718 5000 1804 5059 dotem
1820 5001 1928 5068 dederit,

269 5069 456 5134 peremuntur⁹
478 5071 588 5138 nuptiae
605 5073 645 5132 (ut
665 5069 695 5122 in
711 5083 807 5138 genero
830 5071 956 5138 adoptato
975 5069 1074 5124 dictum
1124 5077 1140 5124 4
1175 5071 1293 5126 similiter
1316 5071 1431 5126 dicemus
1459 5071 1546 5124 dotem
1568 5067 1750 5190 proiecticiam
1774 5085 1838 5126 esse.
1875 5071 1928 5126 Sed

271 5139 318 5194 esti
345 5151 379 5190 an
405 5137 513 5206 adoptio
539 5137 699 5206 impeditur?
730 5137 801 5206 quod
826 5139 909 5208 magis
935 5137 1074 5192 dicendum
1124 5139 1190 5194 etsi
1212 5155 1345 5208 proponas
1368 5143 1518 5206 praetorem
1539 5151 1572 5190 re
1603 5137 1752 5206 praesidem
1774 5139 1928 5206 decrevisse,

271 5203 340 5256 est¹⁰
357 5205 423 5258 etsi
448 5209 572 5270 curator,
599 5205 660 5258 dum
685 5207 753 5272 gerit
776 5221 883 5272 cruam,
909 5205 1075 5274 adoptaverit
1124 5213 1253 5276 quantum
1276 5223 1308 5260 ex
1333 5205 1410 5260 bonis
1432 5205 1517 5272 patris
1538 5205 1579 5260 vel
1601 5206 1635 5261 ab
1652 5207 1773 5264 hostibus
1791 5209 1864 5276 capti
1881 5211 1929 5262 aut

271 5269 390 5326 maritum
408 5273 465 5326 eius
486 5273 603 5340 puellae,
628 5273 706 5346 cuius
722 5279 829 5326 curator
846 5279 894 5326 est.
920 5289 983 5326 nani
999 5273 1074 5326 linita
1125 5291 1142 5328 a
1166 5275 1313 5330 latronibus
1340 5273 1461 5342 oppressi
1484 5271 1555 5328 filiae
1579 5275 1607 5328 in
1632 5275 1720 5332 dotem
1745 5275 1835 5340 detur,
1861 5275 1929 5328 haec

272 5441 301 5504 (1)
319 5443 551 5506 qui]quamrisscr.
629 5445 660 5506 (a)
680 5443 866 5508 pupillamedrl.
953 5445 984 5506 (3)
1002 5447 1073 5510 uirgo
1125 5451 1167 5504 <tet
1187 5445 1234 5494 etsi
1244 5445 1291 5494 dol.
1302 5461 1353 5494 cum
1361 5443 1394 5496 R.
1404 5443 1570 5498 Schneidcro‘
1672 5451 1715 5514 (14)
1733 5443 1928 5500 aa'uaBrerurn.

272 5509 366 5572 nupsit]
377 5509 430 5560 viro
440 5509 603 5574 supersitscr.
689 5517 719 5566 (tl
739 5513 898 5560 matrimonio
908 5511 947 5560 F²
1041 5511 1074 5576 (s)
1159 5511 1202 5572 (15)
1220 5509 1309 5564 Subi.
1323 5521 1381 5564 ιιι.
1392 5521 1551 5568 a...1a.1t...rt
1569 5525 1656 5572 ar...so.
1673 5527 1768 5570 thail.
1784 5523 1874 5566 etati.
1890 5525 1926 5566 8⁰·

273 5577 461 5630 sodemdeLF²
536 5585 568 5646 (6)
586 5597 615 5632 ex
624 5581 690 5632 iusto
700 5581 859 5632 matrimonio
869 5581 915 5632 dcl.
985 5579 1017 5644 (tl
1035 5581 1077 5632 de·
1126 5581 1554 5646 earEd.2.e.1s.2s.st...or.823
1581 5585 1926 5652 Pop.8.31.lt·68...‘18.81;

270 5649 408 5710 sponsatam
423 5649 483 5698 Μ
582 5652 616 5715 (a)
634 5647 726 5698 collata
742 5651 797 5700 dett.
899 5653 933 5714 (a)
950 5663 1076 5712 peremen·
1125 5647 1191 5712 App.
1200 5659 1236 5700 τε.
1247 5657 1282 5700 84.
1291 5647 1440 5700 ea-Bna
1451 5653 1492 5716 29,
1500 5663 1562 5704 1.-
1580 5655 1617 5722 Os.
1630 5653 1688 5704 Occi.
1698 5655 1722 5714 5,
1730 5661 1762 5704 ιι.
1840 5651 1884 5712 (ιι)
1902 5651 1926 5698 et

271 5719 312 5766 tur
321 5713 360 5764 1⁴⁷²
426 5717 473 5782 (to)
489 5717 828 5770 nisiiamtntelalinitaest
843 5719 888 5768 ius.
958 5719 1001 5778 (n)
1019 5733 1075 5768 nam
1127 5713 1242 5766 dclHraL
1312 5717 1354 5778 (ιι)
1373 5717 1550 5784 ofiPoulueD.
1561 5723 1667 5786 42,5,18

275 5791 346 5842 linita
362 5793 412 5842 iam
427 5789 690 5856 tutelanuptapuella
701 5791 795 5842 illiscr.
917 5787 960 5850 (m)
980 5791 1017 5836 εει
1031 5809 1077 5840 scr.
1676 5851 1724 5904 38*
