4366 6258
252 369 405 422 DEPOSITI
427 373 492 418 VEL
504 369 648 420 CONTRA

252 535 321 610 qaod
344 551 377 588 ex
400 535 621 604 compensatione
640 549 702 592 rens
725 535 840 588 retinere
861 539 963 604 potest:
992 535 1062 588 sicut

251 605 325 668 enim,
344 617 405 656 eum
422 607 507 654 totum
524 607 585 670 peto
604 617 620 654 a
637 615 698 664 reo,
716 601 786 654 male
802 607 878 670 peto,
896 603 935 656 ita
952 607 979 656 et
995 599 1061 654 fide-

251 677 336 730 iussor
353 685 407 724 non
423 673 529 720 tenetur
545 667 603 736 ipso
621 667 679 720 iure
696 667 724 720 iu
740 669 867 724 maiorem
885 669 1062 736 quantitatem

251 753 329 812 quam
345 751 406 790 reus
425 733 596 788 condemnari
612 739 710 802 potest.

284 803 301 862 5
329 803 422 856 Gaias
441 801 509 856 libro
533 817 603 856 nono
630 801 669 856 ad
692 803 807 856 adiciam
827 801 998 872 provinciale
1032 799 1062 856 Si

251 871 311 1000 pald
330 885 347 922 a
364 869 519 924 fideiussore
536 873 642 938 petetur
655 871 670 936 ¹,
689 869 877 990 aespuissimum
902 875 942 922 est
966 869 1062 938 eligere

269 937 441 1002 deiussorem,
467 937 538 1006 quod
554 937 606 1006 ipsi
622 953 658 992 an
674 955 726 1006 quo
769 953 814 990 reo
839 937 963 1000 debetur,
989 953 1060 992 com-

251 1021 361 1084 pensare
377 1005 465 1060 malit:
489 1003 538 1060 sed
556 1009 582 1058 et
599 1005 622 1060 si
638 1011 782 1072 utrumqne
798 1003 861 1058 velit
879 1019 1059 1072 compensare,

250 1073 396 1134 audiendus
413 1075 462 1126 est.

285 1137 303 1198 6
326 1139 472 1196 Uarianos
491 1139 559 1194 libro
578 1139 734 1210 tripcnsima
752 1139 790 1192 aci
806 1137 936 1192 Sabinam
970 1137 1061 1192 Etiam

251 1207 320 1282 quad
337 1213 434 1262 natura
452 1207 572 1272 debetur,
590 1207 706 1260 venitin
725 1207 975 1276 compensationem.

284 1273 400 1332 'iluna
420 1275 487 1330 libro
506 1275 648 1330 vicensimo
667 1279 760 1328 octava
779 1273 816 1328 acl
832 1273 948 1330 edictam
983 1273 1061 1342 Quod

251 1349 277 1402 in
295 1343 362 1396 diem
380 1343 507 1408 debetur,
524 1359 579 1396 non
596 1341 826 1412 compensabitur,
845 1347 987 1411 antequam
1004 1341 1061 1396 dies

253 1423 264 1468 1
299 1411 395 1476 venite,
410 1411 777 1480 quamquamdarioporteat.
813 1411 1061 1466 Sirationemcom-

251 1477 412 1554 pausationis
430 1479 510 1532 iudex
527 1495 581 1532 uon
598 1477 735 1542 habuerit,
754 1477 828 1532 salva
845 1483 935 1534 manet
951 1477 1059 1548 petitio:

251 1561 298 1606 nec
321 1547 390 1602 enim
413 1547 453 1602 rei
476 1547 609 1600 inclinatae
632 1545 753 1616 exceptio
778 1547 847 1602 abici
863 1553 960 1616 potest.
989 1545 1062 1600 aliud

251 1617 342 1680 dicam,
362 1615 384 1670 si
401 1615 553 1684 reprobavit
569 1615 753 1684 pausationem
770 1615 847 1684 quasi
864 1633 918 1670 nou
933 1615 1062 1670 existente

251 1681 351 1804 debpto:
385 1687 450 1738 tunc
476 1683 545 1738 enim
571 1683 609 1738 rei
633 1683 768 1738 iudicatae
793 1683 856 1738 mihi
881 1683 990 1738 nocebit
1016 1699 1061 1738 ex·

252 1771 279 1810 ce
309 1767 343 1804 so.

280 1767 414 1876 {Galus
437 1819 504 1874 libra
530 1837 602 1874 nona
629 1819 666 1874 acl
689 1819 805 1876 edictam
824 1819 995 1890 provinciale
1029 1819 1061 1872 In

253 1887 492 1954 compensatiouem
509 1887 588 1942 etiam
605 1887 633 1942 id
647 1887 795 1954 deducitur,
813 1903 864 1966 qno
879 1887 985 1942 nomine
1001 1903 1062 1942 curn

252 1961 339 2012 aotore
356 1955 388 2008 lis
407 1959 558 2010 contestata
576 1961 630 2020 est,
655 1969 689 2010 ue
713 1957 861 2024 diligentior
883 1955 996 2026 quisque
1014 1955 1060 2008 de·

251 2021 354 2078 terioris
372 2023 534 2078 condicionis
551 2023 696 2090 habeatur,
720 2023 743 2080 si
767 2023 948 2092 compensatio
974 2023 999 2078 ei
1015 2023 1060 2080 de·

252 2109 283 2146 ne
300 2095 366 2144 etur.

283 2105 302 2218 ὃ
325 2157 444 2214 Paucas
467 2159 536 2214 libro
563 2161 717 2230 tripcnsima
744 2159 861 2214 secando
885 2161 922 2214 aci
946 2159 1061 2216 edictam

255 2227 282 2284 Si
299 2245 358 2282 cum
375 2227 429 2282 filio
446 2227 561 2284 familias
579 2233 626 2282 aut
643 2245 718 2284 servo
738 2233 877 2282 contracta
894 2227 929 2284 sit
947 2227 1062 2284 societas

252 2303 278 2352 et
294 2299 356 2366 agat
373 2295 494 2350 dominus
511 2297 553 2352 rel
569 2303 653 2366 pater,
673 2297 786 2352 solidum
803 2313 851 2366 per
866 2297 1060 2366 compensatio-

217 2407 218 2410 ,
252 2381 309 2420 nem
326 2379 477 2430 serranus,
495 2365 627 2434 quamvis,
653 2365 676 2420 si
693 2381 846 2434 ageremus,
871 2367 1012 2420 dumtaxat
1029 2365 1062 2420 de

254 2439 264 2488 1
299 2433 403 2502 peculio
429 2437 617 2502 praestaretur.
653 2433 707 2488 Sed
732 2435 756 2488 si
782 2451 841 2490 cum
867 2433 921 2488 filio
947 2433 1062 2488 familias

253 2507 359 2568 agatur,
383 2515 418 2554 au
441 2517 509 2580 qttae
532 2503 602 2570 patri
624 2501 772 2556 debeantur
795 2501 864 2556 filius
890 2517 1062 2572 compensare

252 2569 348 2638 possit,
372 2575 521 2638 queantur:
550 2575 576 2624 et
598 2569 680 2638 magis
706 2575 746 2624 est
770 2569 975 2636 admittendam,
1000 2569 1062 2638 quia

253 2653 318 2692 tinus
338 2641 492 2692 contractus
510 2643 565 2704 est,
584 2639 630 2692 sed
648 2655 709 2692 cum
728 2639 897 2704 condidone,
921 2643 952 2692 at
969 2647 1062 2694 caveat

253 2711 354 2776 patrem
368 2721 446 2760 suum
460 2709 548 2760 ratum
562 2707 724 2772 habiturum,
739 2707 767 2760 id
782 2711 822 2762 est
836 2723 889 2760 uon
905 2713 1061 2762 exacturum

252 2773 321 2842 quod
338 2773 361 2828 is
379 2773 596 2842 compensaverit.

287 2839 322 2898 10
347 2839 492 2896 Uarianae
507 2843 575 2896 libro
593 2845 782 2914 seaapmsimo
801 2845 878 2896 tatio
896 2841 933 2896 ad
947 2843 1062 2898 adiciam

253 2909 279 2962 Si
296 2909 374 2964 ambo
392 2911 457 2964 socii
476 2925 567 2980 parem
584 2911 776 2980 neglegentiam
794 2911 915 2966 societati
938 2911 1061 2964 adhibui-

252 2993 321 3044 mus,
348 2977 488 3032 dicendum
512 2983 552 3032 est
575 2977 693 3034 desinere
717 2995 765 3034 nos
790 2979 900 3034 invicem
918 2995 977 3034 esse
995 2979 1061 3034 obli-

251 3051 324 3116 gatos
342 3045 399 3116 ipso
418 3047 474 3100 iure
491 3049 706 3116 compensatione
724 3049 902 3116 neglegentiae
919 3047 1000 3102 facta.
1026 3047 1061 3100 si·

253 3115 304 3168 mili
323 3115 402 3170 modo
420 3115 562 3184 probatur,
587 3115 609 3170 si
626 3115 694 3170 alter
712 3131 744 3170 ex
762 3131 791 3170 re
809 3115 942 3170 communi
960 3115 1062 3184 aliquid

252 3181 368 3252 percepit
376 3183 395 3250 ³,
416 3185 483 3238 alter
500 3187 602 3238 tantam
616 3181 809 3252 neglegentiam
824 3183 981 3250 exhibuerit,
995 3199 1062 3252 quae

253 3253 342 3306 eadem
360 3253 507 3332 quantitate
524 3251 687 3318 aestimatur,
706 3253 949 3320 compensationem
962 3251 1062 3304 factam

255 3325 264 3374 t
300 3319 383 3374 viden
401 3325 427 3376 et
443 3319 501 3388 ipsu
520 3319 576 3374 iure
594 3319 705 3376 invicem
723 3319 915 3374 liberationem.
952 3319 980 3372 Si
1003 3319 1062 3388 quis

252 3387 328 3456 igitur
347 3403 519 3456 compensare
535 3393 630 3456 potens
654 3387 775 3452 solverit,
800 3387 940 3442 condimre
965 3387 1062 3454 poterit

253 3461 266 3508 2
302 3455 378 3526 quasi
396 3455 511 3510 indebito
531 3457 626 3508 soluto.
663 3455 792 3524 Quotiens
810 3469 843 3508 ex
861 3455 990 3510 maleficio
1010 3455 1061 3510 ori·

253 3529 295 3580 tar
320 3523 405 3588 aetio,
431 3529 462 3578 ut
487 3529 553 3592 puta
578 3539 609 3578 ex
633 3539 717 3578 causa
739 3523 838 3576 furtiva
862 3529 1063 3592 ceterorumque

253 3593 450 3658 maleficiorum,
476 3595 498 3646 si
516 3591 549 3646 de
567 3595 615 3646 eai
637 3591 791 3660 pecuniaria
812 3589 912 3660 agitur,
938 3607 1062 3660 compen-

253 3661 318 3716 satio
332 3662 420 3716 lacum
434 3661 528 3716 hahet:
548 3661 616 3714 idem
633 3665 674 3714 est
689 3667 715 3714 et
731 3661 753 3714 si
768 3661 924 3714 condicatur
939 3675 1062 3714 excausa

253 3729 358 3784 furtiva.
386 3727 433 3784 sed
452 3729 541 3796 etqui
564 3727 652 3784 noxali
674 3727 773 3784 iudicio
798 3727 966 3792 convenitur,
991 3743 1062 3782 com-

254 3803 267 3852 3
303 3799 486 3868 pensationem
503 3811 636 3864 opponere
660 3799 756 3864 potest.
792 3797 823 3850 In
847 3795 1062 3864 stipulationibus

256 3881 360 3934 quoque
377 3881 445 3934 quae
462 3865 546 3918 instar
563 3865 697 3918 actionum
715 3865 829 3928 habent,
853 3863 881 3916 id
899 3867 939 3918 est
956 3867 1062 3932 praeto·

253 3935 305 4000 riis,
323 3933 503 4001 compensatio
518 3933 607 3986 locum
620 3931 710 3998 hahet,
729 3937 756 3986 et
771 3931 917 3986 secandum
932 3931 1063 3986 lulianum

254 4007 306 4056 tam
322 4001 350 4054 iu
367 4003 426 4070 ipsa
442 4001 613 4070 stipulatione
627 4015 707 4070 qaam
722 4001 750 4054 in
765 4015 798 4054 ex
812 3999 942 4070 stipulatu
959 3999 1063 4054 actione

257 4069 352 4140 poterit
369 4069 438 4124 obici
455 4069 643 4138 compensatio.

287 4135 322 4194 11
350 4137 430 4192 lanu
452 4137 519 4192 libro
545 4137 697 4208 trigessimo
725 4135 860 4192 scrandc⁵
887 4135 924 4192 ad
949 4135 1063 4192 edictam

254 4207 318 4260 Cum
336 4207 402 4260 alter
419 4207 495 4258 alteri
512 4207 651 4274 pecuniam
669 4205 726 4260 siue
747 4205 851 4270 usuris,
875 4205 944 4258 aiter
968 4219 1062 4258 usura·

1051 349 1122 420 209*

1762 343 1839 418 xvi
1862 361 1890 418 2.
1904 349 1925 428 a

1112 531 1176 586 dum
1199 533 1247 596 sit,
1271 535 1364 600 quanti
1386 549 1445 588 mea
1468 533 1588 590 interfuit
1610 535 1682 586 certo
1705 531 1765 586 loco
1790 533 1855 586 dari.
1880 549 1924 586 re·

1112 597 1234 666 spondit:
1253 599 1276 652 si
1290 599 1377 652 Titius
1392 601 1469 668 petit,
1487 619 1545 658 eam
1559 613 1665 670 quoque
1676 597 1825 666 pecuniam,
1843 613 1924 666 quam

1112 669 1185 718 certo
1203 665 1262 718 loco
1280 665 1411 732 promisit,
1428 665 1455 718 in
1474 667 1715 736 compensationem
1732 663 1830 718 deduci
1843 679 1923 732 opor-

1114 735 1125 784 1
1162 735 1209 796 tet,
1228 731 1275 784 sed
1292 747 1353 784 cam
1370 747 1420 784 sua
1438 749 1530 800 causa,
1547 735 1575 790 id
1593 739 1634 790 est
1650 739 1681 788 ut
1697 731 1764 788 ratio
1782 731 1923 796 habeatnr,

1113 799 1205 868 quanti
1223 799 1287 852 Titii
1304 797 1454 852 interfuerit
1472 815 1502 856 eo
1519 803 1579 856 loco
1598 817 1649 870 quo
1667 799 1820 856 convenerit
1841 813 1924 868 pecu-

1112 865 1184 920 niam
1201 865 1284 920 daut

1149 931 1187 990 16
1210 933 1395 988 Parnassus
1423 931 1491 988 libra
1517 935 1594 988 tertio
1619 937 1804 1006 quaestionum
1840 931 1923 988 Gum⁷

1112 1001 1188 1054 militi
1215 1001 1390 1056 castrensium
1415 1001 1547 1054 bonorum
1571 1003 1654 1068 alius,
1682 1009 1830 1060 ceterorum
1856 1001 1925 1056 alius

1112 1069 1188 1122 heres
1207 1069 1311 1124 exstitit
1328 1073 1355 1124 et
1372 1069 1476 1122 debitor
1491 1067 1567 1120 alteri
1580 1069 1706 1126 heredum
1720 1073 1853 1142 obligatas
1868 1069 1925 1124 vult

1114 1135 1925 1262 t⁰atrtt.t¹¹tt.ttt¹ttstttttitattatflitttt

1111 1271 1246 1354 iudicatus
1262 1273 1332 1354 titio
1349 1273 1411 1354 'agit
1434 1287 1495 1326 cnm
1518 1269 1611 1324 eodem
1637 1271 1720 1354 Titia,
1745 1275 1791 1344 qui
1814 1279 1843 1356 et
1867 1273 1925 1344 ipse

1112 1339 1925 1486 {stratilatis0tttattttitt‘tatsitttr

1112 1477 1284 1532 humanitatis
1301 1477 1388 1546 gratia
1405 1483 1509 1546 tempus
1526 1475 1655 1544 indulgen
1671 1477 1818 1532 solutionis.

1148 1541 1186 1602 17
1204 1545 1285 1600 laun
1298 1547 1366 1602 libro
1379 1547 1472 1618 primo
1489 1559 1679 1618 responsorum
1712 1543 1776 1600 Ideo
1800 1547 1923 1602 condem·

1112 1619 1206 1680 natus,
1233 1615 1304 1684 quod
1329 1615 1454 1670 artiorem
1478 1629 1611 1668 annonam
1636 1611 1779 1666 aedilitatis
1805 1617 1925 1684 tempore

1112 1683 1248 1752 praebuit,
1274 1683 1464 1738 frumentariae
1489 1681 1617 1764 pecuniae
1643 1681 1746 1762 debitor
1772 1697 1827 1738 uon
1851 1683 1924 1740 ride-

1112 1753 1192 1818 bitur,
1211 1759 1237 1808 et
1253 1753 1313 1808 ideo
1331 1759 1575 1822 compensatronem
1592 1751 1708 1804 habehit.

1148 1817 1185 1878 18
1203 1821 1284 1876 Inna
1298 1821 1366 1876 libro
1390 1823 1467 1876 tertia
1491 1837 1680 1890 responsorum
1714 1819 1746 1872 lu
1769 1833 1824 1874 rem
1847 1835 1925 1876 suam

1112 1895 1270 1958 procurator
1296 1891 1374 1944 datas
1398 1895 1460 1958 post
1482 1889 1536 1942 litis
1560 1885 1794 1954 contestationem,
1822 1885 1845 1942 si
1868 1887 1925 1942 vice

1111 1963 1205 2012 mutua
1222 1957 1409 2022 conveniatur,
1433 1957 1566 2026 aequitate
1584 1957 1807 2026 compensationis
1824 1959 1924 2012 utetur.

1116 2031 1125 2078 1
1164 2025 1285 2080 Creditur
1309 2027 1482 2094 compensare
1499 2041 1554 2080 nou
1571 2041 1602 2080 co
1622 2025 1675 2080 'ur
1692 2023 1764 2094 quod
1781 2023 1827 2080 alii
1844 2039 1925 2092 quam

1112 2095 1226 2150 debitori
1243 2111 1291 2148 suo
1310 2095 1397 2160 dehet,
1416 2095 1534 2164 quamvis
1553 2043 1668 2148 ιιιιβιιιοι
1685 2095 1740 2148 eins
1754 2109 1805 2164 pro
1820 2107 1860 2158 ιο,
1879 2093 1926 2164 qui

1113 2163 1269 2218 convenitur
1286 2163 1319 2218 ob
1337 2161 1455 2218 debitum
1473 2163 1617 2232 proprium,
1635 2161 1698 2218 velit
1716 2175 1897 2230 compensare.

1148 2227 1187 2290 19
1213 2231 1293 2286 lara
1322 2231 1390 2286 libro
1417 2233 1555 2288 andecimo
1582 2247 1772 2302 responsuram
1812 2229 1925 2286 Debitor

1112 2299 1251 2368 pecuniam
1277 2299 1411 2368 publicam
1438 2317 1514 2356 servo
1538 2299 1645 2370 publico
1673 2301 1739 2356 citra
1761 2299 1925 2356 volantatem

1113 2383 1204 2424 eorum
1221 2369 1307 2434 solvit,
1325 2369 1422 2438 quibus
1440 2369 1557 2424 debitum
1571 2373 1644 2424 recte
1658 2369 1725 2424 solvi
1736 2367 1838 2438 potuit:
1857 2369 1924 2422 ohli-

1112 2437 1182 2506 gatio
1200 2437 1313 2506 pristina
1334 2437 1469 2504 mauebit,
1494 2437 1541 2494 sed
1564 2437 1671 2492 dabitur
1694 2437 1719 2494 ei
1742 2437 1924 2506 compensatio

1112 2505 1209 2574 peculii
1225 2505 1281 2572 fini,
1299 2505 1371 2576 qaod
1388 2521 1479 2560 sersus
1496 2507 1619 2576 pabhcus
1636 2505 1752 2560 habebit.

1147 2569 1187 2630 20
1205 2573 1286 2628 laun
1299 2575 1367 2628 libro
1385 2575 1464 2628 tortio
1480 2575 1581 2630 decimo
1595 2591 1785 2646 responsuram
1820 2571 1861 2628 Ob
1877 2591 1924 2628 ne·

1112 2641 1212 2710 gotium
1232 2641 1368 2712 copiarum
1386 2641 1560 2710 expeditionis
1574 2647 1693 2714 tempore
1707 2641 1863 2698 mandatam
1877 2659 1923 2698 ca-

1113 2715 1227 2764 ratorem
1245 2711 1450 2766 condemnatum
1468 2711 1608 2782 pecuniam
1625 2713 1682 2766 iure
1700 2711 1924 2782 compensationis

1113 2779 1226 2834 retinere
1243 2795 1297 2834 non
1313 2779 1428 2848 placuit,
1446 2779 1571 2848 quoniam
1589 2797 1620 2836 ea
1637 2797 1691 2836 non
1709 2785 1923 2848 compensantur.

1148 2845 1185 2902 21
1205 2845 1325 2902 Paucas
1339 2847 1407 2902 libro
1421 2849 1511 2918 primo
1525 2851 1710 2916 qrcacstc'cnam
1745 2847 1924 2918 Posteaquam

1113 2915 1215 2982 placuit
1238 2915 1307 2970 iuter
1330 2929 1422 2968 amnes
1446 2915 1474 2968 id
1499 2915 1569 2984 quod
1592 2915 1704 2970 invicem
1730 2915 1842 2970 debetur
1864 2915 1925 2986 ipso

1112 2983 1170 3036 iare
1188 2983 1367 3052 compensari,
1391 2983 1414 3036 si
1432 2989 1591 3052 procurator
1607 2983 1724 3038 absentis
1742 2983 1924 3050 conveniatur,

1113 3067 1168 3106 non
1192 3049 1298 3106 debebit
1321 3049 1353 3104 de
1376 3055 1434 3104 rato
1453 3067 1560 3116 carere,
1585 3051 1646 3118 quia
1670 3051 1734 3106 nihil
1759 3055 1923 3122 compensat,

1112 3119 1160 3172 sed
1178 3119 1211 3172 ab
1229 3117 1303 3172 initio
1322 3117 1408 3172 minus
1427 3119 1461 3172 ab
1481 3133 1511 3172 eo
1529 3117 1635 3188 petitur.

1147 3181 1187 3244 22
1206 3185 1357 3240 Scauroua
1381 3187 1448 3240 libro
1472 3187 1588 3242 scaccario
1606 3187 1792 3256 qaaestionem
1828 3187 1857 3242 Si
1875 3187 1922 3242 de·

1113 3253 1177 3308 beas
1196 3253 1304 3308 elecema
1322 3259 1369 3306 aut
1386 3253 1533 3318 hominem,
1551 3259 1641 3308 utrum
1658 3253 1826 3310 adversarius
1844 3255 1924 3322 volet,

1112 3321 1150 3376 ita
1169 3319 1348 3390 compensatio
1367 3321 1446 3374 huius
1465 3321 1547 3376 debiti
1565 3321 1728 3388 admittitur,
1752 3323 1775 3376 si
1799 3323 1923 3378 adversa-

1112 3389 1168 3442 rius
1186 3391 1275 3458 palam
1293 3387 1410 3454 dixisset,
1429 3393 1519 3442 atrum
1536 3389 1671 3442 voluisset.

1148 3451 1188 3514 23
1206 3455 1326 3510 Paucas
1339 3457 1407 3512 libra
1425 3473 1496 3510 nono
1514 3471 1704 3526 responsuram
1738 3457 1769 3510 Id
1787 3457 1858 3526 quod
1873 3475 1923 3526 pu-

1113 3525 1237 3594 pillorum
1254 3523 1361 3578 nomine
1379 3523 1491 3578 debetur
1516 3523 1538 3576 si
1561 3529 1633 3578 tutor
1655 3529 1744 3592 petat,
1768 3541 1822 3580 non
1845 3541 1925 3594 posse

1114 3591 1356 3660 compensationem
1373 3591 1444 3646 obici
1462 3591 1518 3646 eius
1535 3593 1678 3660 pecuniae,
1703 3607 1783 3662 quam
1805 3593 1863 3664 ipse
1881 3599 1923 3648 tu-

1113 3667 1156 3716 tor
1173 3677 1221 3714 suo
1240 3661 1345 3714 nomine
1363 3661 1513 3724 adversario
1532 3659 1635 3714 debeat
1944 3673 1946 3678 ·

1148 3727 1188 3784 24
1207 3727 1286 3784 Inna
1300 3729 1368 3784 libro
1387 3729 1464 3782 tertia
1483 3727 1649 3782 clamatorum
1683 3727 1764 3784 Iussit
1777 3727 1924 3798 imperator

1114 3795 1200 3850 aushri
1217 3795 1410 3918 ¹atdprobautem
1428 3795 1479 3850 sibi
1496 3811 1513 3850 a
1529 3793 1594 3850 fisco
1619 3795 1722 3862 deberi,
1746 3797 1850 3866 ((1ιο11ιο
1867 3799 1925 3866 ipse

1114 3879 1224 3920 consens
1237 3879 1276 3918 ur.

1477 4037 1559 4100 [11¹¹.

1316 4153 1475 4206 uueosrrr
1493 4153 1560 4208 vnn
1580 4153 1720 4206 caunas.

254 4277 317 4330 riam
341 4273 432 4338 debet,
457 4273 630 4328 coustitutum
653 4277 694 4328 est
717 4291 734 4330 a
756 4273 816 4330 diro
834 4273 930 4328 Severo
950 4289 1062 4328 concur·
1151 4269 1165 4328 1
1192 4269 1336 4328 Uarianos
1358 4271 1426 4328 libra
1451 4273 1607 4344 iripcasimc
1631 4271 1668 4326 acl
1684 4271 1798 4328 edictam
1832 4271 1873 4324 De
1893 4287 1922 4326 o·

255 4343 333 4398 sentis
360 4341 431 4412 apud
456 4347 597 4412 atrumque
623 4343 780 4412 quantitatis
805 4357 900 4396 usuras
926 4357 980 4396 non
1005 4357 1063 4396 esse
1113 4339 1194 4396 situm
1211 4344 1260 4406 est,
1278 4339 1347 4410 quod
1366 4339 1567 4396 custodiendum
1585 4339 1665 4396 alicui
1682 4339 1774 4396 datum
1793 4345 1848 4404 est,
1867 4287 1923 4394 iic-

255 4411 434 4480 praestandas.
1114 4413 1169 4462 tum
1188 4423 1221 4462 ex
1238 4423 1269 4462 eo
1287 4407 1358 4478 quod
1375 4409 1496 4478 ponitur:
1520 4407 1681 4480 praepositio
1707 4407 1776 4464 enirn
1793 4407 1826 4462 de
1844 4411 1924 4474 auget

291 4477 327 4536 12
354 4479 434 4534 lanu
456 4479 523 4548 libro
551 4479 738 4548 scaapcnsr'mo
763 4485 861 4548 quarto
887 4477 924 4534 ad
949 4479 1063 4534 edictam
1114 4477 1300 4548 depositumffl,
1318 4483 1349 4532 ut
1362 4477 1486 4534 ostendat
1500 4483 1586 4534 totum
1600 4477 1662 4532 fidei
1675 4477 1731 4530 eius
1745 4475 1923 4540 commissum,

255 4549 324 4602 Idem
341 4547 407 4602 iuris
425 4553 465 4602 est
483 4563 536 4602 non
554 4549 639 4602 solam
655 4547 683 4600 iu
697 4547 816 4616 privatis,
835 4561 925 4602 verum
941 4547 1021 4602 etiam
1035 4547 1063 4600 iu
1116 4549 1127 4600 1
1166 4545 1236 4614 quod
1262 4545 1297 4600 ad
1323 4545 1472 4600 custodiam
1499 4545 1537 4600 rei
1561 4545 1683 4616 pertinet.
1727 4543 1839 4598 Praetor
1863 4543 1922 4622 ,aits

257 4631 334 4670 causa
351 4615 410 4668 fisci
428 4615 609 4670 constantem.
642 4615 689 4670 sed
706 4621 732 4670 et
749 4615 772 4670 si
788 4615 900 4670 inuicem
917 4615 953 4670 sit
969 4631 1064 4672 usura·
1115 4613 1200 4682 ‘auca
1222 4629 1308 4684 neque
1329 4615 1458 4668 tumultus
1481 4629 1567 4684 neque
1589 4611 1703 4666 incendii
1727 4625 1812 4680 neque
1829 4625 1923 4666 numae

229 4701 238 4708 ‘¹
256 4683 294 4736 ria
310 4683 432 4752 pecnnia,
451 4683 570 4738 diversae
587 4687 676 4738 tamen
690 4683 744 4738 sint
757 4699 862 4748 usurae,
882 4683 1063 4752 compensatio
1115 4687 1209 4750 ‘neque
1231 4681 1362 4750 naufragii
1388 4697 1470 4736 causa
1493 4681 1641 4750 depositum
1664 4679 1713 4744 sit,
1739 4677 1767 4732 iu
1791 4677 1922 4746 simplum,

257 4751 334 4806 nihilo
353 4751 438 4806 miuus
455 4753 545 4806 locum
561 4751 642 4806 habet
658 4751 714 4806 eius
729 4751 801 4820 quod
815 4751 927 4806 invicem
944 4751 1062 4808 debetur.
1116 4751 1148 4786 ‘¹³
1155 4765 1246 4804 aarum
1271 4755 1359 4806 autern
1384 4765 1487 4816 rernm,
1514 4765 1582 4818 quae
1607 4763 1690 4816 supra
1716 4747 1923 4816 comprehensae

291 4815 327 4876 13
343 4819 423 4876 Inna
436 4819 504 4876 libro
519 4821 794 4900 scnapcnsimoscalc
805 4819 962 4876 adeliciam
989 4821 1065 4888 Quod
1115 4823 1200 4884 suut,
1224 4819 1252 4872 iu
1269 4819 1355 4888 ipsum
1373 4819 1401 4876 in
1419 4819 1541 4888 duplum,
1565 4819 1593 4898 ip
1610 4815 1734 4896 heredem
1757 4817 1827 4884 eius,
1851 4817 1923 4898 qupd

257 4885 345 4942 Labeo
365 4889 417 4954 ait,
442 4903 496 4942 nou
514 4893 555 4942 est
572 4903 628 4942 sme
644 4889 762 4954 ratione,
781 4893 822 4954 ut,
842 4889 864 4942 si
882 4889 925 4942 cui
941 4889 1065 4958 petitioni
1115 4887 1185 4944 ‘dolo
1203 4887 1272 4942 malo
1292 4887 1466 4942 cinefactum
1484 4901 1542 4942 esse
1558 4885 1661 4940 ducetur
1679 4901 1725 4954 qur
1741 4891 1860 4942 mortuus
1879 4891 1922 4952 stt,

257 4957 405 5022 specialiter
421 4957 554 5010 destinata
571 4963 612 5010 est
628 4957 822 5026 compensatio,
846 4957 875 5008 in
899 4957 993 5010 ceteris
1010 4975 1065 5012 uon
1115 4957 1152 5012 ‘in
1169 4957 1299 5038 simplum,
1318 4957 1389 5026 quod
1405 4957 1502 5026 ipsius,
1520 4955 1548 5008 in
1564 4951 1674 5022 duplum
1690 4951 1816 5010 iudicium
1834 4953 1922 5010 daho!

257 5023 395 5080 obiciatur.
1115 5029 1130 5080 ἰ
1164 5023 1261 5080 Mento
1285 5025 1333 5080 has
1357 5041 1453 5080 causas
1477 5021 1624 5092 deponendi
1649 5023 1782 5094 separarit
1805 5029 1922 5096 praetor,

292 5089 328 5148 14
342 5093 846 5164 Iaracnauslibrcquintodecimum
859 5091 949 5148 Cassio
977 5093 1063 5160 Quae*
1116 5109 1184 5164 quae
1202 5095 1337 5150 continent
1353 5093 1491 5148 fortuitam
1510 5107 1617 5146 causam
1636 5093 1807 5164 depositionis
1825 5109 1857 5148 ex
1875 5109 1923 5150 ue-

259 5173 368 5238 cumque
385 5179 433 5230 per
447 5161 629 5230 exceptionem
641 5163 740 5232 peremi
755 5167 876 5234 possunt,
893 5161 921 5216 in
939 5179 1064 5230 compen·
1117 5161 1239 5218 cessitate
1257 5161 1464 5226 descendentem,
1483 5177 1536 5216 uon
1555 5177 1588 5216 ex
1601 5163 1737 5218 voluntate
1750 5161 1922 5234 proficiscen·

259 5231 384 5284 sationem
401 5245 456 5284 non
473 5231 588 5284 veniunt.
1116 5237 1131 5286 3
1166 5237 1227 5286 tem.
1262 5233 1332 5284 Eum
1349 5235 1439 5290 tamen
1455 5229 1589 5298 deponere
1606 5233 1732 5288 tumrdtus
1749 5233 1791 5288 vel
1807 5231 1923 5288 incendii

293 5291 329 5352 15
345 5297 810 5368 Inuulibrosccandoepistularum
836 5299 981 5352 Pecuniam
991 5303 1064 5354 certo
1115 5299 1156 5354 rel
1174 5305 1321 5354 ceterarum
1339 5313 1481 5352 causarum
1495 5299 1580 5368 gratia
1592 5299 1795 5372 intellegendum
1810 5305 1859 5366 est,
1877 5299 1923 5370 qui

259 5359 316 5442 leco
334 5381 351 5418 a
368 5365 438 5420 Titio
456 5365 516 5420 dari
533 5365 672 5434 stipulatus
692 5383 763 5422 sum:
782 5365 805 5422 is
819 5367 886 5436 petit
900 5383 917 5422 a
929 5383 971 5422 me
986 5383 1065 5436 qrtam
1116 5367 1215 5422 naham
1238 5367 1317 5422 aliam
1339 5383 1448 5422 cansam
1472 5365 1620 5438 deponendi
1642 5371 1724 5426 habet
1758 5383 1820 5424 uam
1837 5367 1922 5422 innui·

260 5443 282 5482 ιι
299 5431 381 5490 debeo
399 5435 553 5504 pecuniam:
572 5451 686 5506 quaero,
704 5449 740 5488 au
756 5435 808 5490 hoc
826 5451 932 5506 quoque
950 5451 1065 5506 pensan·
1116 5443 1132 5492 4
1166 5451 1230 5490 nens
1254 5451 1286 5490 ex
1309 5435 1395 5490 causis
1421 5451 1503 5506 supra
1526 5439 1629 5510 seriptis
1652 5385 1807 5510 (ιιι-10011011.
1847 5437 1923 5492 Haec

261 5605 288 5666 (1)
307 5611 407 5672 petatur
415 5609 455 5660 1⁴⁷²
558 5611 589 5676 (1)
608 5609 741 5662 venisset

261 5675 292 5738 ω
323 5679 354 5726 e·
413 5679 447 5730 dd
826 5615 857 5678 {st
875 5609 1065 5680 petraponte²
1150 5609 1191 5676 (ιι)
1211 5609 1922 5678 Sab.1...a.s.s.1o...rs;attestantemPapa.

310 5695 321 5724 Γ
344 5697 411 5730 tas-e
448 5715 452 5728 .

554 5683 585 5746 a)
604 5679 765 5732 secundom.
777 5679 810 5728 11
902 5683 935 5746 (0)
954 5679 1064 5742 detuit,
1117 5679 1284 5744 as...ar;App.
1294 5687 1327 5730 aa.
1337 5679 1487 5732 aa-Baa
1500 5683 1537 5746 13,
1547 5683 1659 5750 a-Cfi
1673 5683 1731 5734 ccc.
1739 5683 1764 5742 1,
1774 5689 1801 5734 ss
1877 5679 1923 5746 (ιι)

261 5743 320 5794 datu
329 5745 362 5796 iri
371 5747 585 5818 dalamantiam
654 5749 686 5814 (1)
704 5749 726 5800 si
736 5765 793 5798 cum
803 5749 841 5800 F²
901 5751 933 5814 (8)
953 5749 1066 5798 miliatu
1117 5747 1257 5812 depositum
1268 5745 1313 5796 dol.
1406 5749 1448 5814 (11)
1467 5751 1586 5804 exinaF

261 5811 354 5878 (daim.
368 5819 385 5874 11
455 5819 489 5882 (a)
508 5817 612 5868 deditF
676 5819 720 5882 (to)
740 5833 869 5884 aquosas.

1687 5901 1719 5950 17
