4366 6258
236 367 354 420 1011111
374 367 447 416 ren.
468 369 550 418 aon.
572 367 662 418 ross.
684 369 803 418 rursus
1019 349 1083 424 ola
1684 351 1842 416 XXXVII
1862 361 1881 416 a

236 547 351 600 tonomm
364 539 565 606 possessionem,
583 553 637 592 non
650 543 729 606 putat
743 539 890 604 legatorum
904 553 950 592 eos
963 551 1025 606 per-
1076 539 1167 588 torum
1184 543 1268 604 esset,
1292 541 1337 608 qui
1355 543 1447 594 conha
1463 535 1570 592 mbulas
1586 533 1718 588 bonorum
1734 531 1884 606 possessio·

235 607 381 668 secutionem
395 605 501 658 babere.
529 605 691 658 constituere
707 605 787 670 igitur
803 605 876 672 apud
893 619 922 660 se
938 605 1025 670 debet,
1076 617 1137 654 nem
1154 605 1266 670 aceepit.
1941 635 1943 638 -

236 683 310 736 uuum
328 678 420 726 contra
436 671 542 724 tabulas
556 671 1026 740 bonorumpossassionampetatan
1111 665 1297 726 8erruros
1312 671 1398 726 libro·
1433 669 1621 742 uudruuesimo
1638 665 1677 720 od
1691 663 1806 718 edietum
1835 665 1881 720 Ἧ-

236 761 288 802 serc
302 741 415 808 legatum
432 743 622 806 persequatur:
641 739 665 792 si
681 739 789 804 elegerit
803 733 897 792 eontrd
909 737 1026 802 tabulas,
1077 735 1134 790 silis
1151 735 1239 802 portio
1257 685 1476 804 quemadmodum
1493 735 1648 806 accipienda
1664 733 1713 800 sit,
1736 731 1881 798 videamus.

236 829 280 872 neu
294 805 400 864 habebit
416 805 545 874 legatum:
563 803 587 858 si
599 805 715 872 legatum
729 805 842 872 elegerit,
860 823 892 862 ec
905 805 963 860 iure
974 805 1026 858 uti-
1077 817 1148 870 pone
1166 801 1232 856 duos
1250 819 1316 868 esse,
1334 805 1380 872 qni
1397 811 1491 860 contra
1506 805 1614 860 tabulas
1630 805 1762 858 bonorum
1776 815 1881 868 posses-

236 895 291 946 1111,
308 889 339 928 ne
354 877 428 942 petat
445 875 575 928 bonorum
592 871 788 940 possessionem
801 879 896 928 contra
909 873 1026 928 tabulas.
1079 869 1179 924 donem
1196 871 1342 940 accipiunt,
1365 889 1448 926 unum
1469 887 1527 928 esse
1548 889 1582 928 ex
1603 871 1693 926 liberis
1712 867 1881 940 parentibus·

237 957 249 1006 ³
277 947 303 1000 Si
318 943 375 1012 quis
393 947 488 994 eontra
503 939 610 994 tabulas
625 941 756 994 bonorum
770 941 966 1008 possessionem
980 955 1026 994 ao·
1078 953 1142 1006 que:
1160 937 1242 992 virilis
1259 937 1338 992 tertia
1355 939 1406 992 erit
1421 939 1523 1008 portio:
1547 939 1595 994 sed
1616 939 1641 994 si
1661 945 1717 994 tres
1736 941 1814 1004 sunt,
1837 937 1881 1006 qui

237 1013 333 1086 aperit,
355 1007 450 1064 deinde
466 1013 561 1076 postea
577 1009 734 1078 apparuerit
751 1021 812 1072 eum
827 1021 862 1062 ex
879 1007 920 1062 his
936 1007 1026 1062 liberis
1079 1009 1173 1060 contra
1193 1005 1300 1060 abde:
1321 1011 1495 1074 aeceperunt,
1519 1013 1615 1076 quarta
1637 1007 1687 1064 erit
1707 1005 1804 1060 virilis:
1830 1005 1882 1060 hoe

237 1101 280 1142 con
295 1077 385 1142 fusse,
406 1077 452 1144 qui
467 1091 527 1132 eam
544 1075 674 1130 bonorum
690 1075 888 1144 possessionem
904 1075 1042 1144 accipere
1078 1075 1149 1130 idem
1166 1077 1193 1128 et
1209 1075 1238 1126 in
1254 1073 1346 1142 legatis
1365 1075 1557 1130 observabitur.
1592 1075 1639 1132 sed
1661 1077 1684 1132 si
1706 1093 1776 1132 unus
1797 1075 1833 1130 sit
1850 1089 1884 1128 ex

236 1151 344 1224 possunt,
363 1161 395 1198 ex
412 1145 453 1198 his
484 1159 561 1198 amen
577 1159 649 1212 esse,
685 1145 765 1200 uibus
781 1143 870 1212 legata
886 1149 1026 1222 praestan·
1079 1141 1182 1210 liberis,
1205 1141 1251 1210 qui
1271 1141 1375 1222 aceepit
1396 1147 1491 1222 eontra
1505 1143 1612 1198 tabulas
1628 1145 1760 1218 honorum
1796 1151 1883 1216 ossas·

236 1231 293 1276 tur:
312 1213 424 1282 optinuit
450 1229 504 1268 non
531 1227 589 1266 esse
615 1213 640 1268 ei
665 1161 846 1282 denegandam
872 1213 1027 1290 petitionem
1079 1211 1192 1276 sionem,
1219 1211 1310 1282 plures
1338 1213 1404 1276 snut,
1433 1225 1479 1278 qur
1502 1225 1536 1264 ex
1560 1211 1650 1268 liberis
1675 1159 1884 1294 parentidusque

236 1291 377 1356 legatorum,
405 1281 459 1336 sire
485 1279 648 1334 ordinariam
676 1279 805 1334 bonorum
831 1295 1027 1348 possessiouem
1078 1279 1166 1348 legata
1183 1279 1370 1348 acceperamus
1388 1279 1492 1332 siahoo
1506 1279 1749 1350 accipiendumest,
1768 1287 1798 1336 ut
1811 1281 1884 1336 lilius

237 1363 249 1410 1
275 1351 375 1422 petierit
391 1351 445 1404 sive
463 1347 666 1402 Carbonianam.
699 1347 762 1402 Non
779 1349 866 1402 solum
883 1351 972 1402 autem
989 1349 1026 1402 le·
1077 1347 1237 1418 praeteritus
1256 1345 1390 1402 semissem
1407 1347 1521 1410 habeat,
1539 1347 1620 1402 ceteri
1637 1351 1740 1414 omnes,
1758 1349 1884 1420 quisunt

237 1427 312 1492 gutum
332 1417 477 1486 denegatur
497 1417 535 1482 ei,
558 1415 604 1484 qui
620 1417 751 1472 bonorum
767 1417 963 1486 possessionem
981 1431 1026 1470 au·
1082 1423 1091 1468 l
1128 1431 1162 1470 ex
1187 1413 1279 1470 liberis
1306 1413 1508 1482 parentibusue,
1536 1415 1677 1470 semissem,
1718 1417 1747 1474 si
1770 1419 1830 1488 quis
1851 1435 1884 1474 ex

237 1489 300 1570 cepit,
316 1487 498 1540 verumetiam
513 1485 537 1540 si
552 1483 701 1552 quidaliud
716 1483 1026 1552 excoluntateaoeepit.
1077 1483 1167 1540 liberis
1185 1481 1392 1552 parentibusque
1410 1487 1437 1536 et
1453 1483 1532 1536 heres
1547 1481 1685 1540 institutus
1706 1487 1742 1540 sit
1764 1491 1792 1542 et
1811 1487 1884 1554 legu-

237 1573 271 1612 1111
285 1567 444 1622 consequens
461 1557 515 1618 est,
533 1553 604 1622 quod
622 1553 742 1608 auhanus
760 1551 882 1622 scripsit,
906 1551 930 1606 si
949 1551 1028 1606 fratri
1077 1557 1135 1606 tom
1151 1549 1299 1616 necaverit,
1322 1555 1412 1604 omnm
1433 1555 1538 1604 1111111111]
1558 1551 1707 1618 portionem
1728 1553 1755 1608 ei
1777 1569 1884 1608 conser-

237 1639 276 1684 suo
290 1623 322 1676 im
340 1621 416 1676 uberi
433 1621 594 1676 substitutus
611 1621 648 1674 sit
664 1621 849 1690 acceperitque
873 1627 969 1676 centra
985 1627 1026 1674 ta-
1078 1637 1170 1676 ramus
1192 1635 1225 1678 ar
1253 1633 1311 1676 tero
1333 1623 1361 1674 et
1381 1619 1499 1688 legatum
1514 1633 1551 1672 an
1567 1617 1725 1674 alterutrum
1742 1621 1815 1690 quod
1832 1621 1885 1676 ele-

236 1693 300 1748 11111
320 1637 449 1744 donorum
468 1687 677 1770 possessionem,
706 1691 831 1758 denegari
852 1691 878 1744 ei
900 1705 1026 1760 perseeu-
1077 1689 1165 1756 gerit?
1188 1687 1884 1768 1111111ςὶ1111,1111111111111101111111111111,1111111,

236 1761 318 1816 bouem
339 1757 493 1812 hereditatis
519 1757 610 1812 fratris
633 1759 779 1828 impuberis
802 1759 915 1824 mortui,
944 1757 988 1812 eui
1011 1773 1029 1810 a
1078 1763 1093 1810 2
1128 1773 1161 1812 ne
1183 1757 1296 1826 amphus
1317 1755 1346 1810 in
1368 1761 1482 1824 utroque
1507 1771 1587 1838 quam
1609 1755 1710 1810 virilem
1731 1757 1821 1812 habet
1857 1757 1887 1810 Si

236 1833 248 1882 5
275 1831 345 1896 patre
366 1825 526 1880 substitutus
549 1831 598 1880 est.
638 1827 666 1880 Si
694 1827 782 1896 legata
809 1827 910 1882 fuerim
935 1825 1029 1882 relicta
1078 1825 1173 1882 adierit
1194 1825 1368 1880 hereditatem
1389 1825 1413 1880 is
1437 1823 1481 1878 uui
1496 1823 1885 1888 111111101111111111,111)11-

236 1895 309 1950 liberis
325 1897 352 1948 et
368 1893 510 1960 extraneis,
529 1893 592 1948 lieet
608 1899 782 1964 utrorumque
799 1897 945 1964 praestatio
964 1895 1026 1948 Fal·
1077 1899 1147 1948 tates
1164 1909 1223 1950 com
1243 1899 1315 1948 etam
1326 1909 1359 1948 ex
1373 1891 1532 1948 necessitate
1543 1907 1594 2014 fer
1606 1891 1763 1946 aditionem:
1781 1907 1884 1948 varum·

237 1961 306 2016 duliae
326 1961 423 2014 locum¹
436 1961 538 2016 laceret
554 1963 693 2032 legataque
710 1963 854 2020 liberorum
870 1963 1026 2028 resciderat,
1077 1967 1167 2016 tamen
1184 1963 1209 2016 ri
1227 1963 1325 2016 endum
1342 1965 1390 2026 est,
1409 1977 1443 2014 an
1460 1961 1494 2014 de
1508 1961 1542 2014 do
1554 1977 1569 2014 o
1583 1959 1688 2014 audone
1703 1963 1826 2014 teneatur
1840 1959 1887 2028 qui

236 2037 310 2084 amen
324 2045 395 2084 nnnc
413 2029 447 2082 ob
465 2029 525 2094 hoc,
544 2029 616 2098 quod
632 2031 766 2086 exmaneis
784 2047 839 2084 non
855 2035 1028 2098 praestantur
1078 2029 1142 2084 adit.
1178 2035 1205 2084 et
1220 2029 1305 2098 magis
1322 2035 1375 2094 est,
1393 2035 1434 2096 nt,
1453 2029 1477 2082 si
1493 2027 1665 2084 denuntiante
1682 2043 1727 2092 eo,
1745 2027 1791 2096 qni
1808 2043 1885 2094 prae·

237 2103 249 2152 b
276 2097 364 2164 legata,
382 2097 526 2152 liberorum
543 2105 682 2164 augentur,
718 2097 771 2152 Sed
789 2099 856 2152 etsi
874 2097 962 2166 portio
979 2099 1026 2152 he·
1077 2097 1172 2152 teritus
1190 2101 1295 2166 accepit
1312 2103 1405 2152 cauma
1416 2097 1524 2152 tabulas
1538 2097 1669 2152 hunorum
1682 2095 1886 2164 possessionem,

236 2161 339 2218 reditatls
362 2161 443 2218 luerit
464 2165 601 2234 adscripta
623 2167 659 2232 ei,
681 2167 726 2234 qui
750 2181 783 2218 ex
799 2165 891 2220 liberis
908 2167 1026 2234 parenti·
1078 2165 1122 2218 hic
1139 2163 1205 2218 adiit
1221 2165 1394 2218 hereditatem
1411 2165 1553 2234 pollicente
1570 2179 1602 2218 eo
1616 2165 1766 2234 portionem
1778 2161 1885 2226 vitlem,

237 2233 372 2296 haeraesi,
391 2247 426 2286 an
443 2233 469 2286 ei
485 2233 668 2286 conservanda
685 2233 733 2298 sit,
750 2239 780 2286 ut
799 2233 903 2288 soleut²
920 2233 1027 2302 legata?
1078 2233 1113 2284 sit
1134 2233 1206 2302 quod
1227 2233 1252 2286 ei
1272 2233 1417 2302 imputetur
1439 2239 1466 2288 et
1487 2233 1520 2288 de
1543 2233 1603 2288 dolo
1625 2233 1731 2286 eodone
1748 2235 1882 2284 teneatur:

236 2297 383 2352 aldianas
410 2299 563 2368 saepissime
591 2301 700 2370 scripsit
725 2299 753 2354 in
773 2299 899 2368 portione
922 2317 1027 2382 quoque
1078 2299 1174 2356 damno
1202 2301 1272 2356 enim
1301 2299 1393 2356 adficit
1421 2301 1609 2366 hereditatem,
1640 2299 1704 2354 dum
1733 2303 1884 2368 competunt

236 2365 371 2422 hereditatis
397 2367 467 2420 idem
490 2367 562 2434 quod
582 2367 611 2420 iu
631 2369 718 2436 legato
743 2367 923 2436 probandum,
953 2383 1027 2422 eurus
1079 2373 1093 2422 3
1127 2367 1272 2422 libertates
1302 2367 1332 2424 Si
1349 2367 1412 2436 quid
1428 2369 1506 2424 uxori
1523 2367 1655 2436 nuruique
1672 2367 1754 2422 fuerit
1770 2367 1886 2434 legatum

236 2433 349 2488 sententia
366 2433 495 2502 rescripto
514 2435 567 2488 divi
583 2435 624 2488 Pii
643 2435 818 2502 comprobata
836 2441 885 2502 est
905 2451 966 2488 eum
979 2437 1026 2490 he·
1078 2437 1215 2504 praeter¹⁰
1238 2435 1339 2500 dotem,
1368 2443 1480 2504 accepta
1505 2443 1599 2490 eontra
1622 2435 1729 2488 tabidas
1755 2435 1884 2488 bonorum

236 2499 344 2554 radiatas
366 2517 421 2554 non
444 2503 523 2555 modo
545 2503 717 2556 honestiore²
739 2503 830 2570 titulo,
854 2503 902 2556 sed
924 2507 951 2556 et
989 2503 1026 2568 le·
1078 2509 1093 2556 4
1128 2503 1296 2572 possessione
1309 2519 1363 2558 non
1376 2503 1564 2572 praestabitur.
1592 2503 1683 2558 Nurus
1693 2507 1811 2556 autema
1829 2501 1884 2570 pel-

236 2567 343 2646 1111111
365 2583 446 2648 onere
467 2569 628 2624 tribuantur.
661 2569 706 2622 Ad
730 2575 900 2624 sumentem
920 2521 1027 2626 modum
1078 2571 1177 2626 latione
1195 2575 1221 2626 et
1237 2587 1383 2640 pronururu
1401 2577 1557 2638 ceterasque
1573 2571 1704 2626 contineri
1719 2569 1794 2624 nulla
1808 2517 1884 2622 dubi-

235 2635 316 2688 tahbos
332 2649 453 2704 persoms
471 2635 681 2692 succurrendum
698 2641 752 2700 est,
775 2641 806 2690 ut
823 2637 951 2704 ampliore
968 2639 1026 2706 qui·
1079 2645 1092 2692 5
1128 2639 1194 2692 tatio
1212 2645 1261 2692 est.
1298 2639 1365 2694 Oura
1380 2643 1471 2692 autem
1488 2639 1557 2694 dotis
1574 2639 1680 2694 numium
1695 2639 1813 2704 tegatur,
1831 2652 1887 2691 non

235 2701 377 2782 decoquam
399 2703 468 2758 ririh
490 2705 611 2772 portione
631 2703 787 2760 heremanus
809 2703 873 2758 data
890 2707 1027 2774 usquead
1078 2711 1143 2774 puto
1161 2705 1197 2758 ad
1212 2705 1314 2760 uirilem
1331 2719 1441 2760 uxorem
1458 2723 1587 2760 uummre
1600 2705 1806 2774 redigendam¹¹‚
1825 2719 1886 2758 eum

235 2769 512 2836 mantuanensis
529 2773 656 2826 minorem
673 2777 763 2826 autam
780 2775 891 2826 eatenm
909 2773 1026 2828 aedanus
1079 2779 1094 2828 6
1128 2773 1223 2826 muher
1242 2773 1296 2828 ista
1317 2773 1352 2828 ad
1375 2789 1420 2828 aes
1443 2773 1558 2828 alienm
1579 2773 1676 2828 veniat.
1715 2773 1777 2828 Non
1799 2773 1885 2828 solum

236 2837 268 2892 iis
282 2837 436 2904 tribuantur,
455 2845 587 2908 qnatenus
605 2839 720 2908 scriptae
737 2839 817 2894 sint⁸.
847 2839 918 2894 idem
935 2841 1025 2894 obser·
1079 2845 1167 2896 autem
1195 2839 1284 2896 dotem
1312 2841 1494 2910 praelegatum
1502 2843 1524 2874 ¹²
1553 2847 1662 2910 praetor
1691 2841 1885 2910 complectitur,

236 2911 298 2960 ratur
314 2911 339 2960 et
356 2907 427 2960 cirea
443 2905 531 2974 legata
547 2907 640 2962 fideire
657 2905 807 2972 commissa,
825 2923 896 2974 quae
908 2907 950 2962 his
964 2907 1027 2962 data
1077 2925 1169 2962 uerum
1190 2909 1270 2962 etiam
1292 2911 1315 2962 si
1336 2925 1384 2978 pro
1404 2909 1466 2964 dote
1484 2909 1584 2978 ahquid
1601 2909 1682 2964 fuerit
1697 2909 1831 2974 mhetum,
1856 2913 1886 2962 ut

236 2977 247 3028 1
274 2973 372 3038 henot,
392 2975 456 3028 etin
469 2973 863 3029 mortiscausadonationibus
889 2973 918 3028 Is
930 2981 1026 3042 autem,
1078 2983 1145 3044 puta
1165 2975 1189 3030 si
1209 2975 1259 3030 dos
1280 2977 1308 3028 in
1329 2977 1409 3030 rebus
1431 2977 1467 3028 sit
1487 2983 1515 3030 et
1535 2993 1584 3046 pro
1605 2977 1686 3030 rebus
1708 2977 1733 3030 ei
1750 2975 1885 3056 quantitas

236 3039 270 3094 eui
284 3043 365 3108 portio
383 3039 537 3094 hereditatis
551 3047 731 3106 conservatur,
749 3049 840 3106 utrum
854 3043 978 3096 omnibus
992 3059 1028 3096 an
1077 3043 1246 3110 relinquatur
1260 3043 1303 3098 rel
1320 3049 1426 3096 uonna:
1445 3043 1508 3096 dum
1525 3049 1614 3098 tamen
1630 3043 1682 3098 hoe
1697 3049 1848 3098 nommetur
1856 3043 1885 3106 ¹³,

236 3115 321 3162 11111111
344 3109 460 3228 11111Ε111
482 3109 602 3176 personis
629 3107 717 3176 legata
740 3115 851 3176 cogatur
872 3109 1027 3178 praestare?
1078 3109 1151 3178 quod
1186 3125 1217 3164 ro
1235 3109 1296 3164 dote
1312 3109 1479 3178 relinquitur.

236 3175 341 3242 amoma
356 3191 404 3244 pro
425 3181 487 3228 atur
502 3175 619 3244 exeeptis
635 3175 758 3244 personis
772 3175 837 3230 solis
850 3175 1026 3244 praestanda:
1112 3173 1131 3232 9
1175 3191 1269 3230 socos
1287 3177 1355 3232 libro
1373 3177 1580 3248 quadrupertitas
1598 3179 1689 3246 primo
1712 3177 1749 3232 ud
1769 3177 1884 3232 edietum

236 3259 274 3298 ree
288 3249 373 3296 amen
390 3241 471 3298 solius
489 3241 627 3298 commodo
645 3243 673 3296 id
690 3243 768 3296 cedit.
804 3259 867 3296 nam
890 3243 914 3298 si
934 3243 1027 3310 legatis
1079 3241 1131 3298 Sed
1148 3249 1175 3298 et
1192 3243 1215 3296 si
1230 3243 1293 3312 plus
1310 3243 1345 3298 sit
1361 3243 1389 3296 in
1406 3243 1494 3310 legato
1512 3259 1592 3312 quam
1607 3243 1637 3296 in
1654 3243 1730 3310 dote,
1751 3243 1885 3300 ¹‘dabitur

235 3315 329 3366 sueram
350 3313 384 3364 sit
404 3311 492 3376 portio
515 3317 570 3362 tam
588 3309 731 3364 liberorum
747 3311 932 3378 parentiumre
948 3325 1027 3378 quam
1076 3311 1130 3364 illis
1146 3309 1226 3364 actia

236 3383 415 3442 araneorum,
442 3377 494 3444 idi,
524 3377 595 3446 quod
623 3379 755 3430 extraneis
783 3393 840 3432 non
866 3381 1026 3446 praestatur,
1114 3375 1152 3434 111
1175 3375 1319 3430 Uerrucosus
1334 3375 1402 3432 labro
1418 3375 1624 3448 quadrupesimu
1639 3377 1677 3432 ud
1689 3377 1805 3432 edietum
1832 3377 1884 3434 Sed

236 3445 309 3502 liberis
323 3443 510 3514 parentibusue
527 3445 695 3514 profuturum
712 3461 767 3500 nou
784 3445 947 3502 dubitamus
977 3445 1026 3514 igi-
1078 3451 1105 3498 et
1123 3445 1146 3498 si
1163 3459 1212 3512 pro
1226 3445 1289 3500 dote
1302 3459 1335 3498 ex
1348 3449 1425 3514 parte
1438 3445 1529 3512 aliqua
1541 3445 1651 3500 eandem
1663 3445 1787 3500 heredem
1799 3445 1884 3514 serip-

236 3523 270 3568 tur
283 3515 318 3568 ita
335 3513 438 3568 demum
455 3511 528 3582 quod
545 3513 677 3568 extraneis
699 3529 755 3568 non
796 3517 933 3568 raestatur
954 3527 1025 3566 eom·
1081 3517 1089 3564 1
1129 3511 1206 3576 serit,
1232 3511 1360 3566 tuendam
1380 3527 1439 3568 esse
1459 3517 1535 3580 puto.
1573 3511 1643 3568 Esse
1665 3519 1755 3568 1111111111
1775 3529 1886 3568 :morem

236 3583 368 3636 audeatur
385 3597 445 3634 eum
462 3595 508 3646 eo,
530 3581 576 3648 qui
594 3587 688 3634 contra
704 3529 813 3634 ahud:
830 3579 909 3648 petit,
932 3579 955 3634 si
971 3595 1026 3634 nou
1076 3579 1170 3632 mortis
1187 3585 1306 3648 tempore
1323 3579 1464 3646 augemus.
1499 3581 1524 3634 si
1544 3581 1624 3634 11111111
1641 3579 1730 3634 dotem
1746 3581 1884 3650 praelega-

236 3649 351 3718 legatariis
368 3649 456 3702 liberis
494 3649 682 3718 areuhbusque
701 3649 819 3700 dandum
836 3649 879 3702 sit.
1077 3645 1173 3700 rerit¹⁵
1190 3661 1274 3713 eaque
1290 3647 1383 3700 mortis
1400 3653 1453 3700 tem
1474 3663 1519 3702 ore
1536 3653 1620 3716 nupta
1635 3649 1677 3714 sit,
1695 3649 1798 3702 nahum
1812 3649 1884 3718 lega-

262 3715 432 3776 bleranus
446 3665 515 3772 teda
532 3717 656 3770 utucstmo
674 3717 753 3770 tertio
771 3715 936 3784 clipeatorum
968 3715 1025 3768 Sal·
1077 3721 1135 3766 tum
1158 3721 1212 3778 est,
1236 3713 1299 3782 qnia
1322 3715 1370 3768 dos
1391 3663 1511 3768 nondum
1532 3715 1674 3770 debeatur:
1704 3715 1752 3772 sed
1775 3733 1836 3772 cnm
1858 3723 1884 3772 et

236 3787 296 3840 rius⁵
310 3787 397 3840 Aristo
415 3783 518 3838 Iuliano
537 3783 657 3838 salutem.
693 3781 746 3850 Qui
768 3783 852 3838 filium
875 3783 1026 3852 emancipe·
1079 3787 1218 3834 constante
1241 3781 1407 3836 matrimonio
1429 3779 1554 3838 adversus
1577 3783 1687 3838 heredes
1704 3785 1791 3838 soceri
1808 3783 1883 3840 dabi-

235 3861 279 3908 tum
292 3853 411 3916 babebat,
425 3853 569 3920 praeterito
583 3865 614 3904 eo
625 3855 730 3918 petrem
741 3867 820 3904 suum
833 3855 859 3904 et
871 3855 1026 3904 extraneum
1077 3851 1152 3902 1111ιθ
1169 3849 1252 3914 actio,
1277 3847 1417 3904 dicendum
1440 3853 1482 3904 est
1503 3849 1584 3904 etiam
1600 3851 1797 3916 111111111111111ιτ
1814 3853 1884 3906 dotis

236 3919 340 3976 haedum
356 3919 471 3972 instituit
487 3921 515 3970 et
526 3919 599 3986 patri
611 3919 729 3986 legatum
743 3919 829 3972 dedit:
848 3917 918 3970 filius
934 3923 1027 3970 contra
1083 3915 1098 3964 2
1132 3913 1288 3980 petitionem
1298 3915 1472 3968 deridebere.
1493 3913 1661 3982 Nouamuia,
1673 3931 1742 3984 quae
1754 3917 1883 3974 abomni-

235 3989 324 4042 tubulas
340 3987 470 4042 bonorum
486 3985 682 4054 possessionem
699 3985 780 4054 petit:
804 4001 917 4054 quaero,
939 3985 963 4038 si
980 3989 1028 4038 aut
1078 3979 1129 4036 bus
1153 3981 1279 4050 gradibus
1300 3981 1491 4048 rubetarum,
1520 3981 1608 4050 legata
1641 3989 1770 4038 ‘raestare
1795 3987 1885 4038 sum¹⁸

236 4063 330 4126 uaeque
345 4055 519 4108 hereditatem
536 4053 636 4108 adisset
653 4057 701 4108 aut
717 4053 786 4108 alter
799 4069 833 4108 ex
845 4053 887 4108 his
901 4057 949 4106 aut
961 4067 1026 4106 neu·
1079 4057 1185 4118 oportet
1202 4049 1247 4120 qui
1265 4053 1359 4104 contra
1374 4049 1481 4102 tabidas
1497 4051 1575 4118 petit,
1598 3999 1650 4106 aad
1670 4067 1701 4106 ea
1722 4051 1793 4118 sola,
1815 4069 1884 4122 quae

235 4129 273 4192 ter,
289 4141 321 4178 au
337 4129 363 4178 et
380 4127 508 4192 quantum
524 4123 672 4190 legatorum
685 4121 792 4176 nomine
806 4121 878 4190 patri
889 4121 1025 4174 debeatur.
1078 4119 1107 4172 in
1124 4135 1154 4174 eo
1172 4117 1257 4186 gradu
1275 4117 1338 4172 data
1348 4117 1368 4150 ¹⁹
1385 4123 1455 4184 sunt,
1474 4123 1567 4172 eontra
1585 4135 1662 4188 quem
1675 4119 1804 4174 bonorum
1840 4135 1883 4174 os-

234 4193 367 4262 repondit:
386 4205 465 4260 saepe
483 4189 654 4244 animadverti
667 4191 739 4244 haue
750 4195 855 4258 partem
867 4189 956 4254 edicti,
974 4203 1028 4258 qua
1078 4187 1224 4242 sessionem
1247 4185 1359 4256 aceepit.
1398 4185 1446 4240 sed
1467 4201 1665 4256 nonnumquam
1686 4193 1780 4242 contra
1802 4137 1883 4242 adnm

235 4261 399 4340 emancipatus
414 4263 528 4326 accepta
542 4257 636 4312 eontra
647 4259 755 4312 tabulas
771 4259 903 4312 bonorum
919 4271 1026 4326 posses·
1079 4255 1185 4324 quidem
1202 4255 1313 4324 gradum
1326 4255 1410 4322 petita
1424 4259 1465 4310 est
1477 4255 1608 4310 honorum
1619 4255 1762 4324 possessio,
1778 4269 1811 4310 ex
1829 4255 1883 4306 alio

235 4329 296 4384 sione
315 4327 404 4384 liberis
428 4331 456 4382 et
476 4327 633 4396 parentibus
650 4327 738 4394 legata
756 4331 894 4394 praestare
911 4325 1026 4390 iubetur,
1077 4339 1140 4378 uero
1161 4325 1250 4392 legata
1269 4321 1431 4390 praestanda
1452 4329 1535 4378 sunt:
1554 4327 1585 4378 ut
1610 4337 1673 4402 eece
1694 4321 1762 4376 duos
1786 4321 1884 4388 gradus

235 4393 318 4452 habere
342 4395 483 4450 nonnullas
509 4395 742 4462 reprehensiones:
769 4411 832 4450 nam
860 4393 883 4448 si
911 4393 1026 4446 dodrans
1077 4391 1205 4446 haredum
1226 4391 1303 4456 feeit,
1325 4391 1520 4460 emancipatum
1540 4394 1687 4460 praeterat,
1714 4389 1748 4442 ab
1770 4393 1884 4456 utroque

234 4459 321 4530 legatus
337 4463 429 4544 fuerit,
452 4465 513 4532 plus
530 4463 673 4544 habiturus
690 4463 816 4542 ostieni
839 4463 966 4542 legatum
977 4461 1027 4516 erit
1077 4461 1197 4540 tamenff⁰
1211 4459 1303 4540 gradu·
1313 4459 1404 4540 liberis
1421 4465 1448 4514 et
1463 4459 1618 4540 parentibus
1632 4459 1719 4538 legata
1731 4455 1884 4536 adscripsit,

234 4529 1027 4668 1111111111111111111111111111111
1079 4535 1117 4652 t:
1129 4523 1885 4666 11111111

234 4663 274 4732 ita,
295 4681 326 4720 ne
348 4669 400 4724 sori
419 4671 463 4722 tus
486 4667 564 4722 heres
587 4669 701 4736 amplius
721 4669 823 4722 habeat
840 4683 921 4736 quam
937 4681 1026 4722 eman·
1077 4665 1163 4734 primo
1181 4613 1266 4734 gradi
1283 4663 1347 4720 data
1363 4669 1439 4720 sunt:
1462 4663 1503 4720 sin
1523 4679 1586 4718 uero
1607 4675 1685 4714 nemo
1703 4659 1767 4740 uiuit
1784 4675 1883 4728 eorum,

236 4733 336 4798 ripatus,
359 4741 385 4790 et
400 4685 553 4804 legatorum
569 4735 664 4790 modus
681 4741 888 4804 temperaretur,
910 4741 942 4788 ut
962 4735 1027 4790 nihil
1078 4747 1110 4786 aa
1127 4747 1196 4802 quae
1213 4749 1230 4788 a
1247 4735 1380 4804 sequenti:
1406 4733 1478 4802 quod
1499 4731 1524 4786 si
1545 4747 1578 4784 ue
1597 4745 1630 4784 ue
1647 4743 1680 4782 ex
1697 4743 1782 4810 primo
1798 4729 1885 4810 31111111

234 4799 284 4864 plus
305 4817 335 4854 ex
356 4803 449 4870 legatis
473 4803 508 4856 ad
530 4803 645 4870 aliquem
671 4803 822 4870 perveniat,
851 4819 930 4872 quarn
956 4803 1027 4872 apud
1062 4817 1213 4870 nequeas
1231 4801 1347 4856 seeundo
1365 4801 1504 4870 qnisquam
1520 4799 1549 4852 in
1565 4813 1595 4880 re
1613 4813 1646 4852 us
1659 4795 1741 4850 11111111
1751 4795 1884 4878 humanus,

235 4869 412 4938 emancipatum
436 4873 567 4926 bonorum
592 4871 770 4938 possessionis
793 4871 900 4926 numine
923 4887 1026 4926 reman-
1079 4885 1140 4924 eum
1159 4875 1273 4926 testator
1292 4869 1416 4936 moritur,
1437 4873 1503 4922 tunc
1526 4867 1560 4920 ab
1580 4869 1707 4922 untestato
1727 4879 1813 4934 magis
1835 4865 1884 4922 bo-

235 4945 312 4990 strum
328 4945 375 4992 est.
1077 4955 1173 4994 norum
1199 4937 1394 5010 possessionem
1420 4935 1563 5006 praeterito
1585 4933 1640 4990 filio
1663 4939 1814 5004 competere
1833 4951 1884 4990 nee

263 4999 498 5062 lanrnorruos
513 5007 581 5062 libro
598 5011 676 5060 secto
694 5005 796 5060 decimo
814 5005 1026 5076 desperationum
1077 5009 1165 5076 legata
1190 5009 1314 5078 uniquam
1341 5005 1516 5076 praestanda:
1544 5003 1616 5074 quod
1643 5005 1668 5060 si
1689 5011 1751 5074 port
1772 5011 1884 5062 mortem

235 5063 293 5124 Nam
312 5075 456 5128 secuudum
479 5073 694 5130 constitutionem
717 5073 769 5128 diri
785 5073 828 5128 Pii
847 5075 882 5128 ad
899 5075 1027 5130 Tuscium
1077 5077 1214 5132 testatoris
1237 5083 1300 5130 ante
1320 5075 1419 5128 aditam
1439 5073 1614 5128 hereditatem
1630 5073 1745 5128 instituti
1762 5075 1882 5130 decesse-

235 5131 399 5194 Fuscianum
422 5141 564 5196 Numidiae
588 5143 705 5224 legatum
727 5141 830 5212 placuit
851 5149 976 5210 parentes
1000 5151 1028 5200 et
1077 5145 1139 5210 rint,
1156 5149 1251 5200 contra
1266 5143 1339 5212 ipsos
1353 5143 1458 5212 quidem
1470 5143 1554 5198 rideri
1566 5143 1685 5212 petitam,
1703 5149 1884 5200 verumtamen

235 5197 318 5260 hberos
344 5209 456 5290 heredes
484 5225 591 5278 qnoque
618 5209 755 5266 institutos
782 5211 853 5264 tueri
879 5227 965 5278 usque
992 5211 1027 5266 ad
1078 5213 1113 5266 ab
1131 5213 1169 5268 eis
1186 5213 1279 5266 relicta
1295 5211 1383 5282 legata
1399 5227 1454 5266 non
1470 5227 1529 5266 esse
1550 5213 1723 5282 praestanda,
1745 5213 1793 5270 sed
1814 5229 1884 5284 quae

235 5277 324 5332 oedem
338 5279 440 5332 nalem
457 5279 576 5346 exemplo
594 5279 750 5348 legatorum,
769 5293 802 5332 ne
819 5279 880 5348 plus
897 5279 1028 5334 baberent
1078 5297 1096 5334 a
1112 5281 1264 5336 substitutis
1280 5281 1375 5334 relicta
1392 5285 1463 5336 sunt.

235 5347 262 5390 tx
275 5341 435 5398 institutione
451 5345 520 5400 tales
535 5363 675 5416 personae,
693 5363 773 5416 quam
790 5345 825 5400 ad
842 5361 904 5402 eum
916 5363 1026 5416 perren-
1114 5347 1150 5407 11
1171 5349 1290 5404 Pueros
1305 5347 1372 5404 libro
1390 5349 1597 5422 quadragessimo
1610 5353 1701 5426 primo
1718 5353 1757 5410 ud
1768 5351 1884 5410 edietum

238 5449 1884 5482 ἭῊᾘἮ

236 5503 261 5566 11)
275 5507 366 5588 111111Ρ
429 5515 462 5578 (1)
480 5515 629 5596 honestioF
692 5519 723 5582 (3)
743 5517 850 5568 suntF²
904 5517 1029 5596 Ι(1)111“«’
1078 5533 1127 5582 que
1138 5517 1170 5568 ad
1181 5517 1208 5568 id
1220 5519 1287 5582 qnod
1299 5521 1443 5576 eatindote
1457 5527 1502 5578 ius.
1594 5529 1649 5592 ’(11)
1667 5527 1814 5596 relegaverit
1822 5527 1884 5578 Hal.

236 5573 422 5660 111111111ερ11
500 5583 534 5646 (t)
551 5585 677 5662 mrusffl
751 5587 783 5650 (1)
801 5585 1026 5662 Matucaiuans·
1078 5589 1122 5648 (rt)
1141 5583 1264 5636 1111111ΡΞ
1374 5595 1417 5654 (11)
1436 5593 1627 5662 relegataeHal.
1737 5597 1783 5662 (11)
1802 5593 1890 5646 sami?

235 5647 412 5712 mamaeae
494 5651 529 5714 (a)
546 5649 612 5702 hbro
621 5653 702 5704 1111111Ἰ
785 5653 819 5718 (ol
837 5651 1026 5716 aeeepeuntF²
1077 5655 1122 5716 (111)
1141 5653 1297 5716 graduatall'
1359 5663 1408 5728 (11)
1424 5665 1553 5730 praeteriit
1561 5665 1592 5716 ub
1600 5665 1764 5730 utruqnerah
1776 5665 1884 5728 utroque

236 5711 417 5776 thietmare
464 5719 504 5782 (11)
523 5719 714 5772 radicandamF
759 5723 803 5786 (11)
821 5719 957 5786 relegatam
965 5721 1025 5772 Hui
1077 5721 1192 5776 itemeer.

236 5773 272 5842 (11)
288 5779 343 5832 dnm
351 5787 432 5834 11111111
440 5785 563 5838 hereditas
572 5803 601 5838 eo
609 5803 661 5838 non
668 5787 797 5842 minuetm
804 5809 850 5842 ser.
926 5791 969 5854 (11)
986 5803 1026 5836 ns-
