4366 6258
1037 349 1096 422 ιιι
1711 349 1838 412 XXXX
1862 355 1900 412 ιι

251 371 288 418 DE
309 371 463 416 tisanam
485 371 589 418 CAUSA

251 541 393 608 susciperc¹
414 537 503 606 ipsum
524 537 558 590 ad
575 539 630 590 litis
648 537 879 604 contestationem,
902 539 950 592 sed
968 535 1047 592 susti·
1099 537 1170 590 narn
1204 533 1266 586 Non
1283 535 1385 590 videmr
1401 533 1651 592 dominivolaatate
1668 541 1760 584 servus
1777 529 1805 580 in
1821 529 1902 584 liber-

250 607 363 668 ncndum‘
375 607 513 670 iudicium,
536 605 621 658 donec
638 605 672 658 de
688 605 812 660 libertate
828 607 974 658 indicetur:
998 621 1048 660 nec
1098 607 1155 656 tate
1179 615 1252 668 esse,
1277 617 1355 670 quem
1377 605 1498 660 ιιιιιιιιι
1520 601 1668 672 ignorasset
1685 611 1762 652 suum
1779 611 1857 676 esser·
1876 603 1904 652 et

251 675 324 734 videri
343 673 534 742 praeiudicium
555 671 674 726 libertati
695 671 753 726 fieri
775 677 823 728 aut
845 673 981 726 voluntate
999 675 1047 728 do·
1099 673 1141 724 est
1157 669 1209 722 hoc
1225 683 1329 724 verum:
1342 671 1375 748 ιιι
1398 673 1467 724 enim
1484 673 1590 726 demum
1606 667 1743 746 voluntate
1760 663 1860 718 domim
1874 667 1903 718 in

251 745 306 802 mini
320 743 347 796 in
364 741 487 794 libertate
505 755 565 792 eum
581 739 692 794 morari:
714 755 777 794 nam
798 739 921 794 ordinato
943 739 1048 796 liberali
1098 737 1221 790 libertate
1238 739 1287 802 est,
1305 753 1350 804 qur
1364 739 1557 802 possessionem
1571 739 1702 794 libertatus
1720 747 1752 788 ex
1766 733 1904 788 voluntate

250 811 336 870 iudicio
348 809 454 862 interim
464 823 513 876 pro
527 807 611 862 libero
623 807 745 874 habetur,
758 813 786 862 et
795 807 865 862 sicut
874 809 931 874 ipse
943 809 1047 876 ageret,
1099 805 1199 858 domini
1216 805 1393 874 consequitur.
1845 871 1851 880 Ι

251 887 282 938 ιιι
298 893 357 934 cum
372 877 430 946 ipso
449 889 555 944 quoque
572 877 614 944 agi
631 881 729 944 potest.
764 881 882 930 ceterum
900 891 933 928 ιι
952 879 1048 930 eventu
1133 867 1173 928 29
1191 871 1306 926 Annius
1319 871 1484 950 Maecenas
1506 875 1573 930 libra
1585 877 1678 946 prima
1696 871 1730 928 de
1745 887 1776 926 rc
1793 871 1906 950 militari

251 955 291 1006 ιιι
305 945 369 1000 utile
386 943 514 998 iudicium
530 943 599 998 erit³
616 949 663 996 aut
680 943 795 1008 nullum,
814 943 838 998 si
855 949 951 996 contra
967 945 1047 998 liber·
1100 939 1151 1006 aaa
1173 937 1207 994 de
1229 941 1352 994 libertate
1373 953 1422 994 ιιι
1439 939 1543 1008 litigans
1560 941 1675 996 necdum
1691 945 1822 998 sententia
1840 937 1904 992 data

251 1025 263 1072 ι
292 1017 372 1066 tatem
395 1011 595 1080 pronuntiatum
616 1009 704 1066 fuerit.
740 1011 767 1066 Si
790 1011 828 1074 ιι,
851 1011 945 1078 quiin
968 1011 1047 1066 liber·
1098 1007 1208 1060 militiae
1225 1023 1254 1062 se
1271 1007 1353 1072 dedit,
1372 1009 1413 1060 9ιι
1430 1009 1491 1076 pari
1508 1025 1589 1064 causa
1601 1013 1697 1066 ceteris
1709 1009 1790 1066 servis
1802 1009 1903 1062 haben-

251 1091 321 1138 tatem
338 1081 500 1148 proclamat,
520 1077 588 1132 furti
610 1085 657 1132 aut
679 1079 768 1134 damni
788 1077 885 1132 minna
906 1079 939 1130 ab
959 1079 1047 1146 aliquo
1099 1075 1150 1128 dus
1163 1081 1266 1130 estnec
1278 1081 1405 1130 exonerat
1418 1089 1485 1142 eum,
1503 1077 1574 1144 quod
1586 1093 1634 1144 pro
1646 1081 1731 1134 libero
1742 1079 1874 1132 habeatur
1884 1077 1904 1108 ¹⁰

251 1153 374 1220 arguatur,
392 1147 465 1202 Mela
482 1147 519 1200 ιιι
536 1147 641 1202 interim
659 1165 720 1200 eum
733 1161 827 1200 cavere
840 1147 936 1200 debere
949 1147 1047 1200 iudicio
1098 1143 1127 1196 in
1149 1143 1316 1212 quibusdam.
1352 1149 1378 1198 et
1394 1143 1456 1198 licet
1472 1143 1539 1196 liber
1562 1149 1722 1216 apparuerit,
1747 1153 1903 1204 exauctora-

251 1237 274 1278 ιι
289 1217 354 1280 sisti,
373 1233 406 1270 ne
423 1215 540 1270 melioris
558 1215 721 1272 condicionis
738 1213 774 1270 sit
791 1215 837 1282 qui
852 1213 951 1268 dubiae
968 1213 1047 1268 liber·
1100 1219 1158 1278 tus,
1175 1213 1204 1266 id
1221 1219 1263 1266 est
1278 1213 1372 1266 militia
1388 1219 1506 1266 remotus
1524 1213 1619 1266 castris
1635 1217 1796 1284 reicietur¹¹,
1814 1215 1905 1284 utique

251 1287 303 1342 tatis
326 1289 381 1348 ιιι,
407 1299 486 1350 quam
508 1285 554 1352 qui
576 1291 680 1338 certae:
704 1281 752 1336 sed
773 1283 957 1336 sustinendum
978 1281 1047 1336 iudi·
1100 1281 1144 1348 qui
1161 1295 1196 1336 ex
1212 1281 1338 1334 servitute
1355 1281 1384 1334 in
1400 1279 1549 1334 libertatem
1566 1281 1666 1348 petitus
1684 1285 1719 1336 sit
1736 1285 1777 1338 ιιι
1792 1285 1905 1354 quinon

251 1357 324 1416 oium,
346 1369 380 1406 ne
401 1351 592 1420 praeiudicium
614 1351 732 1404 libertati
752 1349 807 1402 ιιι.
844 1365 928 1418 aeque
947 1351 969 1404 ιι
987 1365 1047 1402 cum
1099 1349 1157 1402 sine
1178 1347 1239 1402 dolo
1261 1349 1331 1402 malo
1354 1351 1383 1402 in
1403 1347 1527 1402 libertate
1547 1355 1667 1402 moratus
1690 1357 1744 1404 est:
1774 1353 1818 1422 qui
1842 1367 1904 1406 vero

251 1435 393 1494 possessore
406 1419 519 1472 bominis
533 1417 600 1472 furti
612 1417 655 1486 agi
668 1417 793 1486 coeperit,
811 1417 907 1472 deinde
920 1419 952 1484 ιι,
971 1419 1047 1472 cuius
1099 1431 1148 1484 per
1165 1417 1324 1472 calumniam
1340 1417 1439 1486 petitus
1462 1417 1491 1470 in
1513 1417 1666 1470 servitutem
1688 1425 1742 1484 est,
1763 1419 1792 1474 in
1813 1421 1906 1474 militia

251 1489 344 1546 nomine
362 1489 503 1558 agebatur,
521 1487 549 1540 in
566 1487 717 1540 libertatem
733 1485 948 1552 proclamaverit,
968 1487 1047 1540 susti·
1102 1489 1113 1538 1
1149 1485 1315 1540 retinebitur.
1351 1485 1402 1552 Qut
1418 1485 1548 1554 ingenuus
1565 1485 1752 1552 pronuntiatus
1769 1495 1817 1554 est,
1836 1489 1860 1544 si
1876 1503 1905 1542 se

251 1557 355 1612 ιιιιιιιι
371 1557 506 1620 iudicium,
524 1561 562 1622 ut,
581 1555 604 1610 si
619 1555 688 1610 liber
704 1555 838 1610 iudicatus
855 1555 897 1624 sit,
914 1555 943 1609 in
960 1557 1048 1624 ipsum
1100 1553 1211 1608 militiae
1228 1553 1309 1618 dedit,
1327 1553 1397 1606 intra
1415 1555 1623 1622 quinquennium
1639 1557 1783 1608 retractata
1799 1563 1905 1612 senten-

251 1623 416 1680 transieratnr
428 1625 567 1678 iudicium:
587 1629 621 1688 et,
640 1623 664 1678 si
680 1623 813 1678 damnatio
832 1623 905 1678 facta
919 1627 962 1690 ιιι,
979 1625 1047 1678 iudi-
1099 1623 1137 1676 tia
1154 1639 1223 1678 novo
1232 1625 1254 1654 ¹²
1272 1621 1376 1676 domino
1394 1621 1544 1678 reddendus
1562 1627 1611 1676 ιιι.

251 1693 294 1750 ιιι
311 1693 441 1746 actionem
458 1693 549 1762 potius
566 1693 594 1746 in
611 1707 672 1746 eum
689 1691 811 1746 dandam.
1134 1687 1174 1750 30
1193 1691 1212 1746 Ι
1214 1705 1336 1746 carenos
1351 1693 1418 1744 libro
1435 1693 1527 1760 quinto
1543 1707 1580 1744 ccc
1592 1687 1702 1744 Minicio
1730 1687 1844 1746 Duobus
1859 1711 1905 1762 pe-

278 1759 314 1818 25
334 1759 426 1816 Gaius
445 1763 483 1816 ad
503 1761 618 1816 edictam
636 1763 777 1830 praecoca
798 1763 899 1816 urbani
920 1763 997 1816 tituta
1016 1761 1048 1816 da
1098 1761 1215 1814 tentibus
1226 1759 1360 1814 bominem
1369 1759 1398 1812 in
1407 1759 1559 1816 servitutem
1568 1773 1617 1828 pro
1625 1763 1703 1828 parte
1712 1757 1818 1812 dimidia
1829 1777 1905 1828 sepa-

251 1829 346 1886 literali
360 1845 444 1882 causa
478 1829 506 1884 Si
524 1829 567 1882 cui
586 1831 618 1882 dc
635 1831 758 1884 libertate
776 1845 825 1884 ιιι
842 1831 957 1898 litiganti
974 1831 1047 1896 optio
1098 1829 1190 1894 ratim,
1212 1829 1236 1882 si
1258 1843 1311 1882 uno
1332 1827 1432 1882 iudicio
1453 1827 1532 1890 liber,
1556 1829 1639 1882 altero
1662 1841 1754 1882 servus
1771 1825 1904 1882 iudicatus

250 1901 325 1966 legata
343 1897 384 1960 sit,
404 1913 587 1966 quaecumque
604 1897 751 1952 hereditate
768 1899 794 1952 oi
807 1899 902 1954 relicta
914 1897 1047 1962 dicuntur,
1100 1901 1149 1962 est,
1168 1895 1407 1950 commodissimum
1421 1899 1463 1950 ιιι
1476 1911 1508 1950 eo
1521 1909 1607 1964 usque
1622 1895 1680 1962 cogi
1692 1893 1802 1960 iudices,
1821 1895 1905 1948 donec

252 1973 261 2020 ι
292 1963 381 2018 eadem
404 1971 430 2018 et
452 1965 484 2020 de
502 1967 610 2034 optione
626 1965 738 2020 tractari
754 1971 876 2034 possunt.
911 1963 1049 2020 Interdum
1100 1963 1282 2018 consentiant:
1307 1965 1329 2018 si
1350 1963 1379 2018 id
1401 1979 1455 2016 non
1477 1965 1623 2032 continget,
1648 1963 1776 2016 Sabinum
1792 1961 1906 2016 retertur

251 2049 277 2086 ιι
296 2033 396 2098 integro
422 2033 499 2086 datur
521 2035 556 2086 ad
576 2035 727 2088 libertatem
748 2035 940 2102 proclamatio,
966 2033 1049 2086 veluti
1100 2031 1266 2086 existimasse
1287 2031 1350 2086 duci
1372 2047 1476 2086 servum
1499 2031 1596 2086 debere
1618 2031 1651 2084 ab
1674 2047 1707 2084 eo
1724 2031 1770 2098 qui
1786 2029 1905 2084 vicisset:

250 2101 306 2166 eius,
323 2101 368 2168 qui
386 2101 510 2154 adfirmat
521 2101 581 2156 ideo
596 2119 624 2156 se
638 2101 724 2170 primo
737 2101 836 2156 iudicio
851 2103 958 2164 victum,
977 2101 1049 2170 quod
1101 2099 1176 2152 cuius
1194 2101 1341 2154 sententiae
1359 2101 1467 2154 Cassius
1485 2115 1590 2170 quoqne
1608 2105 1648 2154 est
1667 2105 1695 2152 et
1712 2113 1759 2166 ego
1778 2115 1844 2152 sum.
1880 2103 1907 2150 ιι

250 2173 340 2224 statuta
357 2167 468 2224 libertas
485 2171 603 2224 nondum
619 2171 643 2224 ei
661 2169 801 2238 optigerat,
820 2185 900 2238 quam
916 2185 988 2224 nunc
1007 2167 1047 2222 di·
1100 2181 1165 2224 saue
1188 2167 1329 2222 ridiculum
1351 2173 1392 2222 est
1412 2167 1536 2222 arbitrari
1557 2185 1618 2222 cum
1639 2185 1687 2236 pro
1707 2171 1782 2236 parte
1800 2167 1907 2220 dimidia

251 2243 261 2290 ι
292 2237 327 2290 ιιι
344 2237 396 2290 sibi
413 2239 548 2308 obtigisse.
583 2239 661 2292 Licet
679 2237 758 2306 vulgo
776 2239 881 2294 dicatam
896 2243 960 2308 post
977 2237 1048 2290 ordi·
1100 2235 1175 2302 duci,
1197 2251 1246 2302 pro
1264 2241 1341 2304 parte
1358 2237 1508 2290 libertatem
1526 2235 1582 2290 eius
1600 2235 1677 2290 tueri.
1716 2235 1906 2288 1³commodius

251 2309 330 2356 nutum
345 2305 454 2360 liberale
467 2305 595 2360 iudicium
607 2305 749 2370 bominem,
764 2305 840 2362 cuius
854 2305 887 2362 de
899 2311 972 2360 statu
984 2321 1048 2360 con·
1100 2309 1189 2358 antem
1206 2307 1247 2356 est
1263 2305 1353 2360 favore
1369 2305 1500 2360 libertatis
1517 2305 1629 2358 liberum
1644 2305 1751 2374 quidem
1766 2319 1827 2358 eum
1841 2317 1905 2368 esse,

250 2371 368 2426 troversia
385 2381 438 2438 est,
460 2375 537 2428 liberi
557 2375 618 2428 loco
635 2389 707 2440 esse,
728 2379 833 2440 tamen,
856 2373 879 2428 si
896 2389 987 2428 servus
1006 2375 1048 2440 sit,
1100 2371 1222 2440 compelli
1239 2379 1329 2428 autem
1345 2373 1425 2444 pretii
1442 2373 1484 2428 ιιι
1499 2377 1602 2442 partem
1618 2373 1668 2426 viri
1688 2371 1752 2426 boni
1775 2371 1907 2426 arbitratu

250 2447 341 2494 cenum
359 2447 399 2494 est
416 2443 498 2496 nihilo
515 2443 603 2496 minus
620 2457 694 2506 eum,
719 2443 791 2512 quod
814 2443 838 2498 ei
861 2443 986 2496 tradatur
1007 2443 1050 2496 vel
1100 2441 1196 2494 victori
1211 2455 1260 2494 suo
1278 2447 1424 2510 praestare.

250 2509 394 2576 stipuletur,
417 2509 528 2578 perinde
550 2509 656 2566 domino
681 2509 822 2578 adquirere
844 2515 924 2578 atque
949 2509 972 2564 si
995 2527 1049 2564 non
1133 2505 1171 2566 31
1198 2507 1422 2564 Uarianosle‘bro
1431 2511 1523 2580 primo
1538 2525 1728 2582 responsorum
1759 2507 1858 2562 Filium
1871 2509 1905 2560 ob

249 2577 276 2632 de
290 2575 413 2632 libertate
427 2577 485 2632 eius
500 2579 687 2646 quaerebatur.
713 2581 819 2632 tantum
833 2577 866 2632 de
879 2581 1049 2648 possessione
1099 2577 1160 2644 hoc,
1178 2577 1250 2646 quod
1266 2579 1338 2646 patri
1354 2577 1431 2632 heres
1445 2577 1539 2644 extitit,
1557 2577 1694 2646 prohiberi
1708 2593 1724 2630 a
1737 2581 1815 2644 patre
1830 2593 1907 2630 suum

249 2643 399 2712 videbimus,
424 2661 483 2698 cnm
504 2649 591 2714 ipsum
608 2653 670 2714 post
686 2645 760 2700 litem
777 2647 926 2700 ordinatam
946 2647 1050 2702 desinat

249 2711 360 2766 dominus
377 2713 528 2782 possidere:
548 2713 595 2768 sed
611 2713 695 2782 magis
714 2719 765 2782 ιιι,
783 2719 814 2768 ιι
831 2713 969 2782 adquirat,
986 2715 1050 2770 licet

249 2781 276 2834 ab
293 2795 323 2834 eo
341 2797 396 2834 non
411 2783 588 2850 possideatur.
614 2787 642 2836 et
659 2797 720 2836 cum
733 2783 837 2852 placuit
848 2797 897 2850 per
909 2783 1049 2852 fugitivum

249 2863 344 2918 quoque
361 2863 411 2902 nos
428 2851 623 2916 possessionem
641 2849 779 2918 adquirere
795 2865 888 2918 posse,
912 2851 977 2920 quid
999 2853 1048 2904 mi·

248 2931 299 2970 rum
315 2917 394 2968 etiam
407 2933 460 2986 per
477 2917 556 2982 bunc,
575 2917 608 2970 de
625 2933 678 2984 quo
696 2933 864 2986 quaeramus,
883 2917 1005 2986 adquiri?

277 2979 314 3040 26
331 2983 412 3038 ioan
430 2985 497 3040 libro
519 2985 662 3040 uicensimo
686 2987 723 3040 ad
743 2985 860 3040 edictam
878 2987 1050 3058 provinciale

248 3051 293 3118 Qui
315 3067 348 3106 ιι
370 3053 494 3106 libertate
517 3055 545 3106 in
567 3053 721 3108 servitutem
743 3053 825 3124 petit,
855 3053 879 3106 ιι
901 3053 993 3110 iudicii
1016 3053 1049 3108 de

249 3121 366 3176 auctione
389 3121 512 3174 servandi
536 3135 618 3176 causa
639 3127 735 3176 contra
751 3121 902 3176 libertatem
920 3123 987 3190 agit,
1007 3121 1048 3176 in-

248 3189 366 3244 iuriarum
383 3187 488 3244 acdona
505 3205 559 3242 non
578 3191 740 3244 convenitur.

278 3253 314 3312 27
343 3255 489 3310 Uarianos
514 3257 581 3310 libra
606 3259 725 3310 secunda
750 3257 783 3310 de
809 3257 904 3334 officia
930 3259 1050 3310 consulis

249 3325 301 3378 Divi
316 3325 414 3378 fratres
430 3323 546 3378 Proculo
564 3329 592 3378 et
605 3325 728 3378 Munatio
745 3331 954 3392 reserrpserunt:
974 3325 1049 3378 ‘Cum

249 3393 385 3458 ‘Romulum
404 3391 436 3446 de
455 3391 529 3446 cuius
545 3397 617 3446 statu
632 3391 778 3460 quaeritur,
796 3391 937 3460 pupillaris
952 3393 1048 3448 aetatis

1100 2659 1204 2698 servum
1220 2645 1411 2700 manumissum
1427 2647 1456 2700 in
1472 2647 1625 2700 servitutem
1641 2651 1740 2712 petere.

1134 2711 1175 2770 32
1194 2713 1313 2768 Paucos
1327 2713 1395 2768 libro
1412 2719 1489 2768 cento
1507 2713 1665 2784 reputarunt
1699 2713 1740 2766 De
1761 2713 1839 2766 bonis
1861 2727 1906 2766 eo-

1099 2797 1167 2846 rum,
1186 2781 1231 2850 qui
1247 2797 1281 2836 ex
1299 2781 1425 2836 servitute
1442 2787 1489 2836 ιιι
1505 2783 1627 2836 libertate
1636 2781 1658 2814 ¹⁴
1674 2781 1704 2836 in
1717 2781 1907 2848 ingenuitatem

1099 2849 1226 2902 dedicati
1249 2855 1323 2916 sunt,
1347 2855 1455 2904 senatus
1479 2851 1629 2904 consultum
1652 2849 1830 2914 factumest,
1855 2865 1906 2916 quo

1101 2923 1211 2970 cavetur
1239 2917 1272 2970 de
1299 2917 1343 2970 bis,
1370 2917 1488 2986 quidem,
1517 2917 1562 2986 qui
1590 2933 1624 2972 ex
1653 2917 1779 2972 servitute
1805 2917 1908 2970 defensi

1101 2989 1198 3050 essent,
1215 2989 1247 3038 ut
1262 2983 1292 3038 id
1307 2983 1446 3038 dumtaxat
1462 2985 1568 3052 ferrent,
1588 2985 1659 3054 quod
1675 2985 1703 3038 in
1721 2985 1798 3040 domo
1818 2987 1906 3038 cuius·

1101 3067 1152 3120 que
1169 3053 1332 3106 intulissent:
1352 3055 1379 3108 in
1397 3067 1487 3106 eorum
1504 3059 1593 3106 autem
1610 3053 1696 3118 bonis,
1732 3053 1761 3106 ui
1774 3059 1837 3124 post
1851 3069 1906 3106 ma-

1100 3121 1289 3176 numissionem
1306 3129 1427 3190 repetere
1443 3121 1571 3190 originem
1589 3137 1665 3178 suam
1682 3071 1834 3188 volumem,
1855 3121 1907 3178 hoo

1100 3189 1227 3258 amplius,
1250 3195 1296 3256 ut,
1319 3189 1391 3256 quod
1407 3195 1470 3258 post
1487 3189 1719 3244 manumissionem
1737 3205 1842 3258 quoque
1860 3191 1906 3244 ad-

1100 3257 1244 3324 quisissent
1268 3271 1322 3310 non
1346 3271 1379 3310 ιι
1400 3271 1429 3310 ιι
1454 3257 1666 3324 manumissoris,
1697 3271 1786 3310 secum
1811 3259 1906 3324 ferant,

1100 3331 1190 3376 cetera
1199 3325 1272 3378 bona
1282 3323 1461 3392 relinquerent
1472 3325 1518 3390 illi,
1538 3339 1571 3378 ex
1583 3327 1658 3378 cuius
1670 3323 1771 3378 familia
1783 3325 1905 3380 exissent.

1134 3387 1173 3448 33
1198 3391 1279 3446 Insa
1301 3391 1368 3446 libro
1391 3391 1527 3460 sinpntare'
1548 3393 1582 3446 dc
1607 3393 1713 3448 liberati
1733 3409 1816 3448 cansa
1856 3393 1907 3460 Qui

249 3463 292 3530 ιιι,
309 3477 344 3514 an
362 3461 482 3528 exigente
492 3459 576 3514 Varia
590 3459 702 3514 Hedone
718 3465 804 3514 matre
822 3465 849 3514 et
867 3461 1050 3514 consentiente
1100 3459 1187 3514 sciens
1204 3461 1317 3514 liberum
1334 3459 1404 3524 emit,
1424 3459 1542 3526 quamvis
1559 3467 1586 3514 et
1602 3461 1647 3514 ille
1664 3475 1693 3514 ιι
1710 3465 1847 3530 pateretur
1862 3477 1906 3516 ve-

248 3529 329 3586 ‘Vario
347 3529 472 3582 Hermete
494 3533 593 3582 tutore
605 3529 641 3582 ad
663 3533 768 3596 tempus
793 3529 943 3596 pubertatis
966 3545 1050 3584 causa
1100 3527 1169 3592 nire,
1187 3535 1278 3582 tamen
1294 3541 1349 3582 non
1364 3533 1453 3598 potest
1471 3529 1653 3582 contradicere
1671 3529 1697 3584 ei
1714 3529 1760 3598 qui
1776 3529 1811 3582 ad
1828 3529 1907 3584 liber·

248 3597 394 3652 ‘dfferenda
412 3597 459 3662 sit,
482 3601 587 3652 vestrae
608 3595 745 3664 gravitatis
767 3601 808 3650 est
830 3613 863 3650 ex
884 3595 936 3650 fide
956 3613 1048 3664 perso·
1098 3601 1182 3650 tatem
1198 3595 1362 3664 proclamat:
1380 3595 1428 3652 sed
1439 3597 1461 3652 ιι
1477 3597 1521 3650 alii
1536 3613 1597 3652 eum
1608 3597 1743 3664 ignoranti
1753 3599 1907 3664 vendiderit,

251 3673 261 3736 ι
292 3665 412 3720 ιιιιιιιι4
434 3665 505 3732 quod
527 3665 591 3718 utile
609 3671 650 3718 est
666 3663 782 3732 pupillo,
804 3663 984 3718 constituere'.
1021 3665 1050 3718 Si
1100 3663 1275 3732 denegabitur
1292 3665 1316 3718 ei
1332 3663 1515 3734 proclamatio.

248 3749 402 3804 capersana
420 3733 489 3784 desit
506 3733 661 3800 cognitioni,
685 3747 753 3800 quae
776 3733 856 3784 alicui
878 3735 966 3786 status
984 3747 1048 3784 con·
1134 3727 1176 3790 34
1197 3731 1343 3786 Uarrnrcs
1357 3733 1425 3786 libra
1442 3733 1578 3812 sinqutari
1589 3733 1787 3802 pandectarum
1820 3733 1906 3802 Impe-

248 3801 394 3856 trcversiam
411 3799 536 3864 iaciebat,
554 3799 583 3854 in
599 3799 693 3854 eadem
708 3805 848 3854 causaest
878 3799 906 3852 ui
920 3799 954 3854 de
967 3799 1048 3854 liber·
1100 3805 1176 3854 rator
1195 3799 1348 3854 Antoninus
1373 3801 1511 3854 consdtmt
1533 3815 1588 3852 non
1610 3801 1676 3852 alias
1700 3799 1734 3852 ad
1757 3803 1908 3856 libertatem

248 3875 296 3924 tate
317 3883 366 3924 sua
388 3869 488 3936 litigat,
517 3883 571 3936 qua
594 3865 660 3934 fuit,
689 3867 845 3936 priusquam
887 3867 1049 3922 elibertate
1099 3867 1336 3936 proclamationem
1362 3867 1486 3934 cuiquam
1510 3867 1728 3936 permittendam,
1757 3869 1807 3922 nisi
1832 3871 1907 3936 prius

249 3937 446 3994 controversiam
467 3937 597 4004 patiatur:
620 3949 687 3990 sane
703 3937 756 3990 hoc
773 3937 906 4000 lucratur,
931 3937 1047 4004 quodis
1100 3935 1358 3988 administrationum
1379 3935 1497 3990 redonas
1518 3937 1674 4000 reddiderit,
1703 3951 1770 4004 quas
1796 3953 1857 3990 cum
1880 3939 1907 3990 in

231 4007 288 4076 qui
308 4021 366 4060 eam
389 4009 476 4060 status
500 4003 707 4058 controversiam
723 4003 841 4058 iaciebat
857 4003 957 4056 amittit
974 4019 1049 4056 suam
1100 4003 1226 4056 servitute
1244 4009 1315 4058 esset
1329 4001 1464 4072 gessisset.

248 4089 357 4130 causam.
391 4087 441 4126 neo
464 4087 496 4126 ea
518 4087 561 4126 res
582 4073 726 4140 ingenuum
749 4069 897 4126 faciteam
923 4073 969 4140 qui
993 4087 1049 4126 non
1134 4067 1175 4126 35
1198 4069 1382 4126 Pammenes
1402 4071 1470 4126 libro
1493 4087 1563 4126 nono
1587 4087 1778 4156 responsorum
1812 4075 1907 4128 Servos

247 4141 304 4198 luit:
326 4159 376 4198 nec
396 4141 467 4196 enim
483 4139 595 4210 penuria
611 4139 756 4196 adversarii
773 4139 963 4210 ingenuitatem
980 4141 1049 4194 solet
1100 4137 1136 4192 ad
1157 4137 1250 4208 templi
1272 4139 1433 4206 custodiam,
1463 4139 1534 4208 quod
1561 4139 1696 4194 aedificari
1718 4141 1790 4196 Titia
1815 4143 1907 4210 ιοιιιιι,

248 4211 363 4266 tribuere.
398 4213 471 4264 recte
493 4213 573 4278 atque
596 4207 689 4264 ordine
710 4207 812 4264 iudices
835 4213 900 4278 puto
917 4207 1047 4276 tacturos,
1100 4205 1248 4262 destinatos
1272 4221 1359 4276 neque
1379 4207 1555 4262 manumissos
1577 4207 1682 4264 heredis
1704 4225 1762 4264 esse
1781 4213 1906 4264 concutit.

248 4281 267 4332 si
281 4281 350 4336 hanc
366 4279 479 4332 formam
496 4277 595 4332 fuerint
612 4275 750 4332 consecuti
757 4279 776 4342 ⁵,
799 4281 842 4342 ut,
866 4277 913 4330 ubi
933 4277 1048 4330 deestis
1133 4271 1175 4332 36
1193 4275 1275 4330 inan
1294 4275 1362 4330 libra
1379 4275 1536 4330 duodecimo
1553 4293 1744 4348 responsorum
1778 4279 1908 4334 Dominus

248 4345 510 4470 ιιιιιιιιι
526 4343 1049 4484 nuntiasseniintiasse
1100 4343 1431 4482 ιιιιιιιιιιιιι
1445 4345 1827 4482 §mustacium
1853 4347 1906 4400 li

248 4457 322 4536 caus'a
339 4483 495 4538 sententiam
512 4483 634 4552 proferri.
670 4483 715 4534 et6
738 4483 761 4536 si
779 4483 963 4552 cognoverint,
985 4495 1047 4550 pro·
1133 4477 1174 4538 37
1192 4479 1404 4536 Canarsrnnrrs
1415 4481 1482 4536 libra
1493 4483 1611 4536 secundo
1624 4483 1811 4552 quaestionum
1838 4481 1906 4534 Con-

248 4551 361 4606 nnntiare
385 4551 520 4606 debebunt
542 4567 647 4606 servum
668 4549 741 4606 illius
763 4565 819 4604 non
840 4549 938 4606 rideri:
961 4563 1048 4618 neque
1098 4549 1188 4604 ventio
1203 4549 1310 4618 privata
1325 4565 1412 4618 neque
1429 4565 1533 4604 servum
1550 4567 1711 4620 quemquam
1727 4565 1812 4618 neque
1827 4549 1906 4602 liber-

248 4615 306 4672 baec
323 4635 366 4674 res
384 4619 536 4686 captionem
552 4621 635 4672 ullam
652 4619 747 4684 babet,
769 4633 831 4672 cum
847 4635 902 4674 non
917 4619 1048 4686 ingenuus
1098 4621 1157 4686 ιιιιι
1173 4617 1287 4672 ιιιιιιιιιι
1304 4615 1392 4672 iacere
1408 4623 1506 4688 potest.

248 4687 432 4754 pronuntietur,
452 4687 499 4742 sed
516 4701 607 4742 servus
624 4703 679 4742 non
694 4687 785 4742 videri.
811 4687 884 4768 quod
901 4687 924 4740 si
941 4703 975 4742 ex
992 4701 1047 4740 ser·
1133 4681 1174 4744 38
1190 4687 1310 4740 Paucas
1320 4687 1388 4742 titre
1401 4689 1494 4758 quinta
1506 4687 1608 4742 decimo
1620 4699 1810 4756 responsorum
1835 4683 1905 4736 Pau-

248 4753 321 4810 vitute
338 4755 366 4810 in
382 4755 573 4824 ingenuitatem
590 4769 620 4808 se
637 4755 743 4824 allegat,
761 4755 855 4810 melius
873 4755 999 4822 iecerint,
1025 4755 1049 4810 si
1099 4753 1142 4808 lus
1159 4753 1305 4824 respondit,
1322 4755 1354 4822 si,
1371 4761 1403 4810 ut
1419 4757 1585 4824 proponitur,
1607 4761 1669 4824 post
1685 4751 1831 4822 perfectam
1849 4753 1906 4806 sine

248 4823 415 4890 cogniticrmm
432 4823 671 4888 circumduxerint,
689 4839 723 4878 ne
740 4825 798 4878 sine
815 4823 967 4880 adversario
985 4839 1047 4946 qno·
1099 4821 1155 4876 ulla
1172 4823 1328 4878 condicione
1346 4825 1502 4894 emptionem
1539 4831 1614 4880 osten
1637 4825 1740 4890 emptor
1764 4835 1796 4874 ex
1813 4821 1906 4874 volun-

248 4891 360 4946 nnntient
377 4893 521 4960 ingenuum
538 4891 633 4954 videri,
652 4891 704 4944 nisi
721 4909 817 4962 magna
834 4909 918 4948 eausa
935 4909 985 4948 sua
1004 4897 1049 4948 eat
1099 4897 1155 4946 tate
1174 4891 1460 4958 condecernentes,
1484 4895 1579 4962 qmbus
1603 4887 1774 4958 profiteretur
1795 4903 1824 4942 se
1845 4897 1906 4958 post

247 4963 270 5008 et
286 4959 414 5014 evidentes
438 4961 610 5028 probationes
632 4967 777 5026 suggerant
798 4963 945 5016 secundum
966 4961 1047 5014 liber-
1100 4965 1203 5014 certum
1229 4967 1335 5030 tempus
1361 4961 1584 5016 manumissorum
1609 4971 1668 5036 eum
1694 4973 1773 5026 quem
1797 4965 1905 5024 emerat,

247 5025 320 5080 tatem
341 5029 579 5094 pronuntiandum:
608 5031 639 5080 ut
661 5029 741 5080 etiam
763 5029 848 5082 rasori
866 5035 894 5084 to
917 5029 1049 5082 Hadriani
1100 5029 1255 5084 denudari
1272 5029 1438 5086 easlitteras
1457 5029 1491 5082 ad
1512 5025 1729 5080 constitutionem
1750 5025 1803 5080 divi
1820 5027 1906 5080 Marci

248 5093 261 5140 2
293 5095 448 5150 continetur.
475 5095 552 5164 Quod
570 5095 593 5152 ιι
608 5095 641 5160 ιι,
659 5095 704 5164 qni
720 5109 771 5164 pro
788 5111 838 5150 sua
867 5097 979 5152 'bertam
994 5097 1047 5150 liti·
1102 5105 1113 5148 1
1150 5097 1292 5166 pertinere.
1323 5097 1396 5152 idem
1413 5095 1551 5164 respondit
1568 5093 1783 5150 constitutionem
1799 5095 1905 5164 quidem

247 5165 294 5232 gat,
311 5161 387 5228 desit,
405 5163 587 5218 contradictor
602 5179 666 5218 vero
683 5179 811 5232 praesens
827 5165 870 5230 ait,
888 5167 983 5220 melius
999 5167 1049 5218 erit
1100 5165 1154 5220 divi
1169 5165 1257 5220 Marci
1274 5167 1309 5218 ad
1325 5167 1476 5220 libertatem
1496 5177 1589 5216 eorum
1611 5161 1801 5232 mancipiorum
1824 5167 1904 5232 pcrti-

246 5233 375 5304 ιιιιιιιιιτ
387 5247 498 5286 oausam
509 5233 567 5288 eins
578 5233 787 5302 sententiamque
795 5231 924 5300 proferrir
944 5235 966 5286 ιι
979 5233 1049 5288 enim
1099 5249 1172 5300 nere,
1190 5249 1259 5302 quac
1275 5235 1327 5288 bac
1344 5233 1401 5302 lege
1417 5229 1554 5296 ιιιιιιιιιι,
1571 5235 1603 5284 ut
1616 5237 1678 5300 post
1692 5239 1797 5302 tempus
1811 5249 1905 5286 manu-

246 5289 355 5362 aqueum
374 5305 469 5356 contra
484 5301 635 5356 libertatem
652 5301 758 5356 dabit⁸c
776 5299 881 5356 evenire
895 5305 985 5356 autem
999 5317 1048 5370 po·
1100 5303 1279 5356 mitterentur:
1307 5299 1355 5356 sed
1378 5299 1491 5354 eundem
1515 5299 1633 5354 favorem
1658 5301 1788 5356 libertatis
1812 5317 1904 5356 conse-

248 5363 305 5440 test,
327 5371 358 5420 ut
382 5369 462 5422 etiam
483 5371 580 5426 absens
602 5371 705 5424 vincam:
730 5385 792 5422 nam
809 5371 900 5438 potest
917 5371 1049 5424 sententia
1099 5371 1220 5440 quendae
1236 5383 1318 5422 causa
1336 5367 1415 5422 etiam
1431 5383 1490 5422 eam
1507 5369 1614 5434 mereri,
1636 5387 1686 5440 pro
1708 5385 1761 5440 qua
1784 5369 1904 5422 dominns

248 5433 319 5494 ιιιιι
336 5437 483 5488 secundum
498 5437 648 5492 libertatem
665 5437 738 5494 ferri.
1098 5437 1215 5506 pretium
1229 5437 1342 5504 accepit,
1356 5439 1387 5488 ut
1401 5437 1525 5500 ancdlam
1538 5455 1614 5494 suam
1625 5439 1830 5502 manumitteret,
1845 5453 1905 5492 cum

275 5493 313 5554 28
332 5501 501 5558 Pomponius
521 5503 588 5560 libre
608 5505 765 5560 duodecimo
788 5503 827 5560 ad
842 5503 969 5568 Quintum
988 5503 1049 5558 Mn·
1100 5511 1115 5558 2
1149 5503 1220 5558 idem
1233 5503 1312 5556 etiam
1325 5503 1450 5558 libertam
1460 5503 1602 5562 habitmus
1614 5509 1658 5562 it.
1688 5505 1842 5574 Quaesitum
1856 5509 1904 5572 ιιι,

246 5667 273 5734 (1)
289 5671 428 5728 deberetne.
510 5677 545 5742 (ι)
562 5641 694 5740 ageretlw
774 5679 808 5744 (a)
824 5677 1046 5728 siseoundumins.
1097 5677 1230 5728 tatemscr.
1299 5679 1334 5744 (a)
1351 5681 1582 5736 condemnatnsins.
1649 5683 1903 5748 (1⁰)babebaturser.

248 5735 421 5818 ltleoqueins.
489 5745 524 5810 (a)
541 5747 684 5798 secutiedd.
752 5749 786 5812 (a)
805 5747 885 5796 etdel.
951 5747 985 5810 (t)
1003 5761 1047 5794 au·
1097 5745 1140 5810 (11)
1157 5745 1327 5800 eicietnredd.
1387 5751 1431 5816 (12)
1449 5753 1692 5818 novolantiqnoscr.
1751 5751 1796 5816 (m)
1814 5751 1902 5800 luura-

248 5817 294 5866 ιιι
303 5809 348 5874 ιιι,
357 5811 440 5876 ingeri
448 5831 494 5864 scr.
545 5813 580 5878 (a)
597 5815 710 5878 proferri,
720 5815 740 5864 ιι
749 5813 865 5878 liquebit,
875 5815 962 5864 contra
970 5811 1047 5862 liber·
1098 5817 1287 5866 nosnotntinr.
1354 5819 1612 5882 (14)libertinitate8
1697 5881 1698 5884 Ἴ

1670 5897 1703 5948 st
