4366 6258
787 753 919 830 LIBER
941 749 1206 826 raisssmus
1229 749 1439 840 QUARTUS.

659 943 700 1006 1²,
1134 937 1192 992 eius
1210 935 1245 988 ed
1262 943 1365 990 ceteros
1383 935 1642 992 fideicommissarios
1655 935 1783 1004 pertinet:
1801 939 1863 1004 post
1877 935 1936 992 111111

341 1041 389 1090 1³³
405 1039 593 1090 emm
611 1039 680 1090 VEL
698 1039 846 1092 tm
862 1039 1015 1090 ffltfflss·
1135 1001 1937 1126 111111111111111111111111

314 1135 326 1192 l
352 1137 497 1192 cranaos
511 1135 578 1192 libro
596 1141 690 1210 quinto
713 1141 747 1194 dc
767 1139 890 1192 amathas
906 1137 1085 1194 tribunalibus
1133 1137 1236 1192 libertis
1262 1137 1461 1206 libertabusque
1488 1137 1589 1192 cibaria
1615 1143 1642 1192 et
1666 1137 1791 1192 vestiaria
1816 1151 1832 1190 a
1855 1137 1935 1194 liberis

277 1205 305 1260 Si
322 1205 447 1260 alimenta
464 1203 563 1258 fuedut
579 1207 680 1276 legata,
705 1205 759 1262 dici
779 1209 869 1276 potest
891 1205 971 1260 etiam
988 1219 1085 1274 aquam
1135 1207 1191 1260 suis
1214 1205 1365 1274 eisdemque
1388 1205 1530 1260 heredibus
1547 1205 1680 1276 praestari
1696 1205 1773 1260 iussit
1789 1205 1863 1258 nulla
1880 1219 1935 1260 con·

276 1273 362 1340 legato
384 1273 486 1354 inesse,
510 1273 533 1326 si
555 1273 583 1328 in
607 1291 639 1330 aa
661 1273 769 1342 regione
791 1273 890 1326 tirerint
911 1273 1013 1342 legata,
1037 1273 1085 1328 ubi
1135 1273 1238 1354 dicione
1261 1272 1366 1354 addita:
1391 1289 1504 1354 quaero,
1517 1289 1578 1354 tan,
1601 1275 1624 1330 si
1646 1273 1707 1354 sine
1726 1273 1833 1354 patroni
1854 1273 1935 1330 liberis

276 1341 608 1486 1111111111
632 1413 724 1462 aa.
745 1407 939 1486 111111
961 1407 1002 1486 s:
1026 1409 1084 1486 qs,
1133 1341 1936 1486 111111111111111111111111111

276 1475 376 1528 libertis
398 1475 693 1554 ahmentapeliqnerit,
719 1477 746 1528 et
766 1489 789 1528 s:
805 1475 884 1542 legat:
901 1473 1085 1554 ineuntlseru
1135 1475 1207 1544 quod
1231 1477 1325 1544 pehtis
1352 1491 1458 1540 eorum,
1488 1491 1557 1544 quae
1581 1481 1740 1530 testamento
1766 1489 1832 1544 pure
1856 1473 1936 1544 legata

277 1549 303 1596 et
325 1541 412 1610 rogati
432 1541 553 1612 legatam
575 1547 773 1606 manumittere,
797 1541 832 1596 ad
853 1541 1084 1598 fidercommrssum
1134 1549 1204 1608 sunt,
1224 1559 1279 1598 non
1297 1549 1440 1612 competat.

276 1609 459 1678 admittuntur,
477 1617 507 1666 ut
525 1617 552 1666 et
568 1611 621 1666 diri
638 1623 744 1690 quoque
761 1609 872 1666 Severus
890 1615 918 1666 et
932 1611 1083 1666 Antoninus
1169 1609 1287 1668 5111111
1300 1609 1368 1666 labro
1386 1609 1525 1666 andecimo
1542 1627 1733 1682 responsorum
1758 1609 1849 1666 Verba
1862 1617 1935 1666 testa·

278 1683 289 1732 1
326 1681 528 1748 rescripserunt.
570 1677 609 1732 Et
629 1679 693 1732 hcet
719 1677 753 1732 ad
774 1675 870 1732 fiscum
892 1679 963 1732 bona
986 1677 1086 1732 luerint
1135 1679 1230 1732 menti:
1256 1677 1388 1734 ‘omuibus
1410 1677 1512 1734 libertis
1535 1679 1633 1734 nostris
1658 1679 1757 1734 cibaria
1773 1679 1935 1748 praestabitis

277 1745 412 1814 devoluta,
436 1763 469 1802 ex
487 1747 583 1816 quihus
601 1745 726 1798 alimema
743 1743 904 1810 debeantur,
923 1747 1085 1814 praestanda
1135 1751 1192 1816 ‘pro
1215 1747 1325 1800 arbitrio
1349 1751 1456 1812 resno,
1475 1759 1530 1800 non
1552 1747 1719 1814 ignorantes,
1742 1747 1826 1816 quot6
1847 1761 1880 1800 ex
1901 1747 1935 1804 his

276 1819 351 1880 sunt,
371 1815 449 1870 sicuti
465 1813 489 1868 si
506 1813 541 1868 ad
558 1813 702 1882 quemlihet
719 1827 900 1868 successorem
916 1813 1083 1870 transissent.
1136 1819 1221 1866 ‘caros
1244 1813 1392 1870 habuerim'
1435 1813 1499 1870 item
1521 1813 1574 1870 alio
1596 1813 1671 1870 loco:
1696 1813 1875 1886 ‘Prothymum
1890 1813 1935 1870 Po-

309 1877 328 1940 3
352 1883 497 1938 Uarrnsus
511 1881 578 1936 libro
596 1879 712 1936 :amada
731 1881 764 1936 de
780 1881 873 1952 officio
892 1881 1010 1938 causalis
1035 1881 1083 1936 So·
1135 1883 1311 1952 ‘lychronium
1326 1881 1473 1952 Hypatium
1493 1881 1662 1936 commendo:
1688 1887 1720 1936 ut
1742 1885 1786 1936 et⁷
1808 1883 1935 1940 vobiscum

275 1951 331 2008 lent
353 1951 453 2006 iudices
477 1965 510 2006 ex
532 1963 615 2002 causa
631 1947 816 2004 alimentorum
832 1949 942 2004 libertos
960 1949 1083 2014 dividere,
1135 1951 1198 2004 ‘sint
1212 1957 1239 2002 et
1254 1949 1353 2004 cibaria
1386 1951 1517 2014 raestetis,
1535 1951 1615 2020 peto'.
1652 1965 1758 2018 quaero,
1773 1967 1809 2004 an
1823 1951 1935 2008 omnihus

276 2019 396 2088 quotiens
414 2017 503 2088 plures
521 2023 584 2072 sunt
600 2017 720 2084 heredes,
737 2033 773 2072 ne
789 2035 806 2072 a
820 2017 927 2088 singulis
941 2017 1083 2074 heredibus
1135 2017 1236 2072 cibaria
1253 2015 1351 2072 debent
1367 1967 1428 2072 iani
1444 2035 1479 2072 an
1495 2017 1536 2072 his
1555 2033 1622 2086 quos
1637 2019 1827 2074 commendarit
1841 2023 1867 2072 et
1884 2035 1935 2074 oum

276 2087 424 2142 minutatim
441 2085 566 2140 alimenta
582 2091 704 2156 petentes
722 2087 925 2156 distringantur:
947 2101 1026 2154 quam
1044 2085 1083 2140 di·
1133 2085 1276 2140 heredibus
1295 2101 1353 2140 esse
1371 2085 1467 2142 iussit?
1490 2085 1659 2140 Modestinus
1673 2087 1810 2156 respondit
1823 2087 1935 2142 omnibus

275 2155 401 2212 visionem
422 2155 533 2234 perinde
555 2155 625 2210 tueri
648 2161 754 2224 oportet
777 2161 857 2224 atque
874 2155 897 2210 si
913 2159 990 2224 pater
1007 2153 1083 2208 lami-
1134 2153 1236 2208 libertis
1260 2153 1360 2208 cibaria
1382 2155 1477 2208 relicta
1493 2153 1619 2224 proponi,
1643 2169 1755 2224 quorum
1772 2155 1879 2210 modum
1895 2155 1935 2210 riri

275 2223 324 2278 lias
341 2225 399 2294 ipse
414 2221 523 2302 hbertos
542 2221 680 2278 divisisset.
716 2223 803 2280 solent
826 2229 853 2278 et
873 2241 955 2278 unum
979 2223 1083 2292 eligere,
1134 2221 1199 2278 boni
1216 2221 1327 2278 arbitrio
1345 2221 1516 2302 statuendum
1532 2235 1599 2278 esse.
1727 2291 1731 2302 Ι
1861 2291 1866 2302 ι
1921 2291 1926 2302 ·

275 2291 1084 2430 sattadassattat:attatttttttt
1134 2285 1882 2424 ...tttstdttttsstt.tt..ttttttttt
1896 2291 1937 2438 11

276 2429 356 2482 dunt:
376 2429 542 2496 ‘Exemplum
559 2429 641 2482 libelli
658 2427 715 2482 dati
731 2429 796 2482 mihi
810 2445 827 2482 a
840 2429 941 2484 libertis
954 2427 1011 2482 Silii
1025 2429 1085 2484 misi
1135 2427 1192 2482 sine
1208 2427 1251 2482 his
1268 2427 1305 2482 ali
1322 2443 1420 2496 corpus
1437 2443 1491 2482 nou
1507 2431 1610 2496 potest:
1636 2433 1724 2482 cetera
1746 2443 1814 2496 quae
1838 2427 1872 2482 ad
1916 2445 1936 2482 s-

276 2497 367 2562 uabis,
385 2495 471 2552 sciens
490 2497 525 2550 ad
541 2497 690 2566 exemplum
702 2497 782 2550 istam
795 2513 851 2552 rem
863 2497 1004 2566 pertinere,
1022 2497 1085 2566 quia
1136 2495 1260 2564 ciplinam
1276 2497 1411 2566 pertinent
1427 2495 1513 2566 legato
1530 2511 1586 2550 uon
1604 2495 1782 2560 conducatur,

276 2563 361 2620 ‘multi
382 2565 546 2620 testamentis
571 2565 625 2620 suis
648 2565 782 2634 praestari
803 2563 903 2620 libertis
923 2563 1017 2620 iubent
1038 2581 1083 2620 ne·
1154 2559 1188 2620 Ἰ7
1208 2563 1326 2618 Partus
1346 2563 1415 2618 libro
1433 2569 1531 2634 quarto
1550 2563 1650 2620 deamo
1668 2581 1857 2634 responsorum
1894 2563 1936 2618 uisi

276 2631 414 2698 ‘cessaria
438 2649 507 2704 quae
530 2633 592 2704 quia
614 2633 714 2686 minimi
737 2633 804 2688 aeris
821 2639 898 2700 sunt,
922 2633 957 2688 ad
974 2633 1084 2688 nihilum
1136 2631 1209 2686 ahud
1225 2637 1380 2686 testatorem
1397 2633 1512 2692 sensisse
1528 2631 1666 2704 probetur.

277 2701 474 2770 perducuntur,
493 2719 553 2758 cum
569 2701 660 2770 plures
675 2701 786 2758 heredes
801 2707 947 2772 coeperunt
959 2719 1008 2772 per
1023 2719 1083 2756 suc·
1140 2731 1141 2734 ¹
1169 2695 1188 2758 8
1207 2699 1391 2754 Panamara
1411 2701 1479 2756 libro
1501 2701 1614 2770 septimo
1636 2717 1825 2772 responsorum
1859 2699 1936 2756 Pecu-

276 2773 417 2826 ‘cessiones
440 2771 560 2826 existere.
602 2787 655 2842 qua
683 2771 715 2826 de
740 2787 822 2826 causa
844 2777 909 2842 puto
937 2787 984 2826 ros
1010 2777 1084 2826 recte
1136 2767 1196 2824 uiae
1220 2773 1319 2824 sortem
1345 2767 1476 2824 minentis
1500 2767 1656 2824 libertorum
1682 2767 1840 2824 destinatam
1862 2785 1936 2824 unum

276 2839 418 2906 ‘facturos
442 2839 464 2894 si
487 2839 639 2896 convocatis
656 2839 776 2896 Fauillae
794 2839 937 2896 heredibus
954 2855 1083 2908 procura·
1135 2853 1168 2892 ex
1193 2837 1334 2892 heredibus
1361 2837 1507 2892 secundum
1532 2838 1696 2894 voluntatem
1724 2837 1843 2892 defuncti
1867 2853 1935 2908 prae·
1960 2855 1963 2888 1

276 2909 419 2962 toribusve
442 2923 533 2962 eorum
556 2907 760 2974 constitueritis,
792 2909 835 2962 cui
863 2923 879 2962 a
905 2907 1000 2962 ceteris
1027 2907 1084 2962 dari
1136 2905 1276 2974 cipientem
1295 2919 1387 2962 cavere
1404 2921 1458 2960 non
1475 2905 1698 2974 essecogendum
1716 2921 1749 2960 ex
1766 2915 1881 2974 persona
1898 2905 1935 2962 de·
1959 2911 1961 2926 ⁵

277 2977 381 3030 ‘debeat
418 2977 524 3042 counio,
548 2991 581 3030 er
604 2977 679 3032 cuius
700 2977 789 3032 usuris
806 2977 930 3030 alimenta
946 2983 1083 3048 praesten—
1134 2973 1279 3028 ficientium
1292 2979 1385 3044 partes
1399 2973 1573 3028 coheredibus
1586 2975 1691 3028 restitui
1704 2973 1818 3044 placuit:
1838 2973 1873 3030 ob
1887 2989 1936 3028 ean

278 3051 338 3098 ‘tun
374 2993 480 3124 11111111
502 3049 592 3100 autem
614 3045 636 3100 is
662 3045 708 3118 qui
731 3045 844 3128 accipiet
866 3059 960 3124 carcre
983 3043 1085 3114 eisqui
1134 3043 1216 3166 iiim'
1238 3041 1353 3112 speciem
1376 3047 1572 3112 postmortem
1594 3043 1711 3096 omnium
1732 3043 1886 3096 hbertorum
1903 3043 1935 3096 iu·

277 3115 387 3168 ‘dabunt
404 3113 568 3168 rediturum
585 3129 628 3180 se,
648 3121 679 3168 ut
696 3129 808 3184 qmsque
825 3127 858 3168 ex
875 3113 976 3168 hbertrs
992 3111 1083 3170 deces-
1154 3111 1219 3168 eb1t1

1236 3127 1290 3166 non
1308 3111 1436 3180 competit
1452 3111 1522 3166 actio
1540 3125 1590 3166 nec
1607 3111 1680 3166 utilis
1698 3111 1812 3166 dabitur.
1842 3109 1936 3166 diversa
1959 3123 1962 3168 ς

276 3181 349 3238 ‘serit
366 3181 451 3238 aliove
469 3199 521 3252 quo
539 3181 617 3238 modo
635 3181 787 3240 incivitate
805 3199 863 3238 esse
881 3181 1000 3250 desierit,
1024 3187 1083 3238 tan-
1136 3195 1219 3234 causa
1237 3185 1278 3234 est
1295 3179 1360 3244 eius,
1379 3181 1424 3234 oui
1440 3181 1586 3250 legatorum
1604 3179 1695 3234 divisio
1710 3179 1864 3234 mandatur:
1883 3195 1935 3234 nan
1960 3239 1961 3242 Ἴ

276 3259 341 3306 ‘tum
365 3265 397 3306 cx
422 3257 508 3316 sorte,
533 3257 662 3320 quantum
684 3251 792 3306 efficiet
805 3267 854 3322 pro
871 3253 995 3322 portione
1013 3267 1083 3308 com·
1133 3261 1167 3304 'ea
1184 3265 1227 3304 res
1245 3255 1413 3318 praesentem
1431 3251 1481 3304 ac⁸
1497 3249 1698 3304 momentariam
1715 3265 1807 3304 curam
1823 3247 1935 3318 iniungit,

277 3319 404 3390 ‘putatio’.
447 3319 530 3376 Divus
558 3321 622 3376 Pius
653 3319 756 3376 Rubrio
788 3319 893 3376 cuidam
922 3319 1083 3390 Telesphoro
1136 3319 1320 3398 alimentorum
1343 3333 1406 3372 vero
1430 3317 1802 3398 praebendorumnscessitas
1820 3319 1935 3374 oneribus

276 3389 425 3458 rescripsit:
450 3387 586 3446 ‘Consules
604 3391 705 3444 vocatis
723 3389 779 3454 his,
797 3405 813 3444 a
831 3391 926 3460 quibus
943 3389 1019 3446 robis
1037 3391 1084 3444 ali-
1136 3393 1277 3442 menstrms
1295 3391 1376 3456 atque
1393 3401 1489 3442 anaurs
1506 3385 1694 3442 verecundiam
1713 3403 1818 3456 quaque
1835 3385 1935 3456 pulsan·

276 3463 374 3512 ‘menta
390 3457 481 3512 deberi
498 3473 531 3512 ex
548 3473 630 3514 causa
647 3457 842 3514 fideicommissi
859 3457 1020 3526 constiterit,
1043 3461 1085 3514 vel
1136 3457 1206 3512 tibus
1224 3455 1405 3524 adstringitur.

277 3531 375 3582 ‘omnes
392 3527 426 3580 ab
443 3541 498 3582 uno
515 3527 557 3580 rel
573 3525 647 3580 iacta
664 3543 713 3598 pro
730 3529 808 3580 rata2
825 3525 1011 3582 distributione
1025 3529 1084 3608 quis
1170 3521 1293 3582 91er
1315 3525 1383 3580 libro
1410 3535 1503 3580 cataro
1528 3541 1718 3596 responsorum
1758 3523 1819 3578 Alio
1848 3523 1936 3580 herede

277 3595 329 3650 ‘at8
352 3593 486 3664 aquibus
513 3595 587 3664 perci
605 3595 680 3662 istis,
710 3595 861 3650 decernent.
900 3593 982 3650 fiscus
1007 3611 1083 3662 emm,
1134 3593 1459 3662 institutoitascripsit:
1484 3591 1935 3664 ι1111111,(111811111111111

276 3665 308 3718 ‘si
325 3679 356 3718 eo
374 3663 479 3718 nomine
496 3663 559 3730 quid
576 3611 610 3718 11]
629 3679 660 3718 eo
677 3663 754 3718 robis
770 3661 917 3730 deberetur,
936 3665 1085 3734 exemplum
1137 3667 1179 3718 ‘ex
1199 3661 1347 3718 hereditate
1368 3675 1429 3716 mes
1447 3661 1594 3732 redegeris,
1615 3661 1668 3718 illis
1685 3661 1797 3718 alumnis
1814 3661 1880 3716 meis
1898 3662 1936 3716 des

276 3739 417 3802 ‘sequetur
450 3733 505 3786 iam
526 3749 597 3786 nunc
614 3733 705 3788 sciatis
723 3739 815 3802 partes
833 3749 939 3798 eorum,
962 3733 1008 3802 qui
1031 3733 1084 3788 sol·
1136 3731 1256 3800 *siugulis
1279 3729 1362 3786 denos
1382 3745 1479 3786 aureos
1496 3729 1658 3802 eandemque
1675 3745 1802 3786 summam
1819 3737 1960 3800 peneste;

276 3799 369 3856 ‘vendo
394 3817 451 3856 esse
477 3799 616 3866 desierint,
641 3817 694 3856 uon
718 3799 852 3870 pertinere
875 3799 1000 3856 adorus
1024 3803 1083 3856 reli·
1136 3801 1203 3854 ‘esse
1225 3799 1299 3864 volo,
1324 3799 1401 3852 cuius
1425 3813 1458 3854 ex
1480 3797 1641 3854 incremento
1666 3815 1711 3854 eos
1734 3799 1805 3856 alere
1828 3805 1854 3852 te
1871 3799 1935 3854 volo:

278 3875 399 3938 ‘quorum
415 3869 559 3924 heredum'.

1136 3867 1275 3934 ‘reliquum
1291 3867 1417 3922 restitues
1434 3865 1560 3922 Numerio
1578 3867 1725 3922 conliberto
1744 3867 1854 3922 nosmc'.
1888 3883 1935 3922 res·
1959 3921 1960 3924 ,

310 3935 534 3994 iMonasrrnns
550 3937 618 3994 libro
636 3937 737 3994 decimo
754 3953 945 4008 responsorum
980 3943 1039 3994 Tot:
1055 3959 1086 3992 τε
1135 3935 1231 4008 pondi,
1255 3925 1383 4006 'quamvis
1410 3933 1558 3992 distrahere
1582 3937 1654 3990 bona
1680 3933 1763 3992 Gaius
1788 3937 1866 3992 Seius
1892 3935 1961 3990 alio

277 4001 463 4078 ἀπελευθέροις
479 4013 583 4060 vaicra
600 3999 792 4076 ἀπελευθέροις
808 4027 871 4074 μου,
897 4003 940 4060 od:
964 4007 1037 4068 ζῶσα
1055 4009 1086 4060 eb
1136 4003 1237 4074 scripto
1255 4003 1353 4060 herede
1372 4021 1428 4060 non
1443 4005 1543 4074 possit,
1566 4011 1656 4060 amen
1673 4021 1747 4072 eum,
1772 4005 1935 4068 alumnisre·

276 4095 305 4128 re
323 4077 357 4140 τῆ
382 4071 501 4146 διαθήκῃ
527 4079 557 4128 i‘v
578 4093 609 4126 τε
630 4077 672 4142 τῷ
697 4071 846 4142 aadratllcp
870 4069 1045 4148 ἠλευθέρωσα
1068 4073 1084 4140 ἢ
1135 4075 1225 4154 liciam
1248 4073 1390 4154 pecuniam
1408 4079 1542 4128 1111111111
1559 4089 1591 4128 ac
1607 4075 1745 4138 restituat,
1767 4073 1935 4154 111111111111·
1960 4089 1961 4092 ’

277 4129 462 4214 ἐλευθερώσω,
487 4141 607 4224 iachdau:
614 4141 756 4226 βούλομαι
772 4141 805 4196 τὰ
823 4149 853 4196 ta
868 4147 945 4198 Χίοις
961 4163 1013 4212 μου
1028 4165 1084 4210 χω-
1136 4141 1206 4196 duam
1223 4147 1296 4196 recte
1310 4147 1455 4262 ρὲ1111111111
1463 4163 1473 4198 τ
1488 4141 1560 4212 qnod
1574 4141 1607 4196 de
1620 4141 1755 4210 superfluo
1769 4143 1878 4212 proban
1890 4157 1935 4198 non
1958 4179 1962 4214 ,3

276 4219 328 4294 pia,
348 4215 392 4264 ἐπὶ
405 4213 447 4280 τῷ
462 4215 567 4264 acicam
584 4211 669 4276 ζωοης
681 4231 734 4278 μου
749 4209 903 4294 ἐλάμβανον
917 4215 1086 4276 οτοιχεῖοθαι
1139 4217 1149 4264 1
1185 4213 1283 4280 potest.
1344 4225 1390 4264 11111
1413 4225 1518 4290 qusque
1539 4211 1662 4264 liberium
1678 4209 1824 4276 intereos,
1848 4209 1935 4282 quibui

278 4285 367 4336 αυτοῖς
392 4285 516 4352 artoptas
542 4283 587 4332 aot
611 4285 767 4348 βεστιαριου
794 4279 933 4348 andaoni.
976 4297 1084 4350 quaero,
1136 4277 1250 4344 cibaria,
1267 4279 1329 4332 item
1349 4279 1501 4334 scatianum
1517 4285 1647 4350 patrona,
1667 4293 1736 4348 quae
1752 4279 1809 4334 viva
1826 4285 1935 4348 praesta·

277 4365 356 4420 quam
372 4349 490 4404 habeant
507 4347 738 4420 significationem,
763 4353 852 4404 utrum
872 4355 903 4404 ut
920 4363 953 4402 er
969 4349 1084 4418 praediis
1135 4347 1197 4414 bat,
1214 4345 1334 4416 reliquit,
1355 4351 1428 4402 recte
1445 4345 1677 4402 fideicommissum
1692 4345 1837 4416 petiturum
1854 4345 1935 4402 existi·

276 4419 401 4474 ahmeuta
423 4417 475 4488 ipsi
499 4417 606 4486 capiant
629 4433 665 4472 an
681 4433 743 4472 vero
761 4423 792 4472 ut
809 4423 914 4486 praeter
930 4417 1041 4488 praedia
1058 4423 1085 4474 et
1135 4417 1217 4482 mari,
1240 4417 1286 4486 qui
1308 4431 1413 4472 annuos
1435 4415 1527 4486 viginti
1550 4431 1646 4472 aureos
1663 4421 1691 4470 et
1707 4417 1899 4472 menstruumf
1927 4421 1965 4498 'i

277 4487 377 4542 cibaria
395 4495 421 4542 et
437 4487 561 4542 vestiaria
578 4487 612 4540 ab
629 4487 728 4540 herede
744 4487 912 4608 percipiant?
947 4491 973 4542 et
996 4493 1084 4542 utrum
1135 4491 1253 4540 mentum
1270 4491 1350 4554 atque
1366 4485 1456 4540 vinum
1474 4483 1630 4554 acceptavit.

276 4555 424 4626 proprietas
447 4571 482 4610 an
504 4555 695 4610 ususfructus
719 4555 826 4610 re'ctus
850 4555 909 4610 esti
938 4561 965 4610 et
982 4555 1005 4610 si
1020 4571 1083 4624 pro·
1171 4551 1209 4612 10
1228 4553 1310 4606 Inna
1325 4555 1393 4608 libro
1410 4571 1483 4608 nono
1499 4567 1690 4624 responsorum
1730 4553 1797 4608 ilum
1819 4569 1888 4606 unus
1910 4567 1935 4606 es
1959 4563 1964 4614 133

276 4625 375 4692 pristas
392 4625 486 4678 relicta
502 4625 544 4688 sit,
563 4623 663 4692 aliquid
680 4627 770 4678 tamea
787 4621 950 4692 superfluum
966 4623 1083 4678 invenia-
1135 4620 1277 4678 heredibus
1301 4627 1401 4676 aemam
1424 4621 1566 4690 pecuniam
1588 4621 1740 4690 praecipere
1759 4621 1848 4676 iussus
1866 4625 1935 4678 esset

276 4699 321 4748 tur
336 4691 365 4746 in
381 4691 522 4756 reditibus,
547 4707 627 4760 quam
651 4695 691 4746 est
713 4693 741 4744 in
759 4693 908 4762 quantitate
925 4691 1085 4746 cibariorum
1136 4689 1169 4744 de
1187 4689 1262 4744 cuius
1280 4689 1370 4744 sorte⁰
1386 4689 1488 4744 libertis
1506 4689 1631 4744 admenta
1647 4693 1803 4756 praestaret,
1820 4688 1935 4762 heredes

277 4767 303 4816 et
324 4759 521 4824 sortiariarum,
545 4775 581 4812 au
603 4759 639 4812 ad
660 4759 785 4814 heredem
804 4765 936 4828 pascuae
951 4759 1084 4828 pertinet?
1136 4773 1242 4828 quoqne
1258 4757 1364 4812 heredis
1381 4755 1417 4810 ad
1432 4757 1647 4828 praeceptionem
1664 4757 1767 4810 admitti
1782 4755 1891 4838 placuit
1918 4767 1936 4808 st

277 4833 303 4882 ct
325 4827 349 4882 si
370 4827 468 4882 momui
490 4827 571 4898 ahqui
589 4843 623 4882 ex
639 4825 740 4882 libertis
758 4827 825 4894 sint,
848 4843 884 4882 an
905 4843 969 4898 pars
992 4841 1084 4882 eorum
1134 4833 1224 4880 tamen
1237 4825 1328 4894 plures
1342 4825 1453 4882 heredes
1467 4825 1546 4880 heres
1559 4825 1679 4890 haberet,
1697 4825 1869 4880 intentarem
1886 4823 1935 4898 qui,

276 4897 312 4952 ad
327 4895 584 4952 fideicommissarios
601 4897 756 4966 superstites
774 4897 907 4966 pertinet?
934 4901 961 4950 et
983 4911 1020 4952 an
1042 4895 1084 4950 dis
1136 4893 1195 4950 dem
1212 4893 1333 4948 defuncti
1348 4893 1434 4964 prima
1451 4893 1520 4948 facie
1537 4891 1674 4962 refragari,
1691 4893 1739 4948 sed
1752 4891 1935 4962 aliudprcban

276 4965 404 5020 cedente⁵
431 4963 626 5020 fideicommissi
652 4963 819 5020 morientium
841 4963 998 5020 libertorum
1022 4981 1083 5032 por·
1135 4977 1189 5018 non
1213 4967 1350 5032 oportere:
1379 4961 1443 5032 quid
1466 4963 1550 5026 enim,
1576 4963 1600 5016 si
1623 4967 1725 5016 ceteros
1747 4961 1857 5016 heredes
1880 4971 1935 5018 suot
1959 4953 1963 4980 ³

275 5035 362 5088 tiones
391 5033 426 5088 ad
451 5031 560 5088 heredes
587 5047 679 5088 eorum
704 5047 739 5086 an
762 5033 897 5088 testatoris
921 5033 1084 5088 decurrant?
1136 5029 1243 5086 evitavit
1265 5035 1293 5084 et
1314 5029 1430 5100 quietam
1453 5047 1485 5086 ao
1502 5029 1678 5086 verecundam
1694 5035 1774 5100 atque
1790 5029 1870 5084 etiam
1886 5029 1935 5086 ido·

276 5101 441 5158 Modestinus
464 5101 613 5180 respondit:
647 5101 769 5156 videntur
796 5101 859 5154 mihi
887 5101 946 5170 ipsa
967 5101 1084 5222 praedia
1134 5113 1226 5164 neam,
1248 5099 1352 5154 libertis
1374 5097 1530 5164 consulens,
1553 5097 1661 5152 domum
1683 5099 1758 5166 sequi
1780 5097 1893 5152 maluit?
1915 5097 1936 5150 et

277 5183 335 5224 esse
351 5167 452 5224 libertis
469 5169 576 5234 rehcta,
599 5173 630 5222 ut
652 5169 732 5290 &aa
752 5167 865 5224 dominio
882 5169 951 5222 baec
986 5169 1085 5224 abeant
1133 5167 1194 5222 ideo
1212 5167 1247 5220 ab
1265 5167 1389 5222 omnibus
1406 5165 1548 5222 heredibus
1565 5165 1670 5222 heredis
1685 5167 1810 5222 ahmanta
1822 5173 1935 5234 praesta·

277 5245 303 5290 et
320 5253 375 5292 non
390 5251 438 5306 per
456 5237 542 5292 solum
558 5253 636 5292 usum
698 5241 770 5290 ctum
793 5241 820 5292 et
841 5237 901 5290 ideo
925 5241 952 5290 et
974 5237 999 5290 si
1037 5237 1085 5292 nid
1140 5239 1148 5286 t
1181 5235 1291 5290 buntur.
1309 5233 1404 5290 Verbis
1415 5233 1612 5290 fideicommissi
1622 5249 1689 5302 pure
1697 5233 1857 5290 manumisso
1866 5245 1935 5302 prae

1960 5157 1965 5230 1

1960 5279 1963 5306 t

277 5305 439 5426 {ipitffluum
460 5305 489 5358 in
510 5305 639 5384 reditibus
680 5305 792 5384 namin
815 5303 921 5384 cibariis
946 5305 1009 5426 ergt,
1052 5319 1084 5360 oc
1134 5301 1464 5426 teritiqsdrpqupigemporis
1478 5301 1833 5426 alimentareddcndahsunt,
1852 5317 1935 5374 quam·

277 5373 595 5498 missabriuriosaiitegmtiigrii
619 5371 1084 5514 ἢεᾱᾱοῗωιῗ111018111θ1111111ῗ161111111
1134 5377 1251 5494 1111111111
1263 5377 1463 5496 11111111111111
1475 5385 1552 5494 11111111)
1553 5377 1701 5510 6111111111αέ
1702 5385 1825 5496 11111118
1829 5383 1935 5510 orm

1626 5557 1794 5564 „..........-.—-........
1799 5559 1867 5564 ........-
1871 5559 1908 5566 ...-
1913 5553 1934 5562 ..r
1961 5551 1965 5568 y.

310 5617 339 5678 (1)
358 5611 480 5674 Sat.1.2;
492 5617 615 5676 Ed.3.‚.s;
629 5613 770 5682 Pap-ama.
781 5625 875 5676 somam
885 5615 1084 5682 App-15...1s.·-
1135 5611 1245 5678 inditio,
1259 5615 1392 5678 utquanta
1400 5611 1847 5684 viramsacaipiebantsuppetantiis
1856 5611 1935 5666 cibarii

281 5685 342 5736 Bor.
353 5683 393 5746 44,
403 5693 428 5732 11
486 5683 519 5746 (1)
536 5685 713 5750 proparataF
767 5687 798 5744 (11
816 5685 896 5736 atdal.
948 5681 981 5752 (t)
1000 5685 1083 5736 idest:
1135 5684 1160 5734 et
1173 5683 1284 5734 vestiarii
1298 5683 1406 5734 nondue.
1508 5685 1540 5748 (s)
1558 5697 1591 5734 an
1604 5687 1662 5734 anto
1677 5683 1742 5734 diem
1755 5683 1934 5736 cedeutamscr,

277 5749 385 5802 libertis
397 5749 582 5816 libertabusque
595 5751 669 5816 meis,
690 5767 752 5818 qnos
768 5751 825 5800 viva
842 5751 882 5802 vel
896 5751 924 5804 iu
938 5755 1084 5804 testamento
1136 5753 1168 5818 (t)
1187 5751 1278 5816 qums
1358 5753 1390 5816 (il
1409 5759 1524 5804 etutrcr.
1622 5759 1656 5816 (1)
1675 5753 1740 5804 aas
1816 5747 1935 5818 (91111111

278 5821 335 5872 iure
349 5817 471 5872 codicillis
482 5821 614 5870 manumisi
626 5821 831 5884 manumissore,
845 5821 900 5872 dari
915 5819 970 5872 solo
983 5821 1084 5886 praedia
1135 5819 1218 5872 usuris
1226 5839 1271 5874 scr.

1961 5619 1968 5950 ἰ
