4376 6266
271 359 347 426 XVI
368 361 522 428 a—Xtii
544 367 558 428 1
1066 353 1128 428 tlt
1498 373 1499 376 ’
1784 379 1939 428 manniri

305 545 344 608 33
362 547 462 604 hreno
478 547 545 602 libro
563 549 642 604 senio
652 545 866 616 posterioratus
884 545 1007 604 locotello
1022 537 1092 616 epe
1130 547 1274 604 exhibitam
1292 545 1440 614 vindicare,
1458 545 1521 616 quia
1538 563 1631 602 servus
1648 547 1676 600 in
1694 543 1848 616 deponendo
1866 547 1939 598 tuum

270 621 430 672 tenatorum
464 617 561 696 Servus
584 621 646 670 tuus
663 615 804 696 pecuniam
822 617 972 698 eumd-ttio
989 615 1017 670 in
1034 631 1077 670 se·
1128 617 1171 670 ius
1190 615 1306 672 deterius
1323 615 1414 697 iacere
1430 631 1485 670 non
1501 617 1641 696 potuisset.

269 683 1030 822 ttttttttttttttdsttt.iustiti-tt
1045 697 1078 806 ii
1128 679 1938 822 ..itttt‘lltstttt‘instititutistt

267 823 341 900 Attio
359 793 522 900 reddereti’ir.
548 835 627 900 posse
645 819 700 900 dixi
718 837 777 876 eum
794 837 834 888 co,
853 793 924 900 a'ud
939 793 1075 888 quemne·
1128 823 1246 890 acceptis
1273 793 1424 890 depositum
1449 817 1559 898 reddere
1583 819 1711 886 voluerit,
1738 817 1855 888 quamvis
1883 817 1938 870 sino

267 893 356 958 posita
373 895 451 954 essct,
469 895 564 944 incerti
581 901 667 956 agere,
684 889 713 942 id
730 897 771 946 est
786 889 822 946 ad
837 905 871 942 ex
900 889 1031 952 bendum,
1049 895 1077 942 et
1127 903 1203 942 mora
1221 895 1248 942 et
1263 889 1446 958 incorruptum
1463 885 1615 942 reddiderit.

805 1645 939 1724 LIBER
960 1645 1177 1724 SEPTIMUS
1198 1645 1400 1722 uenimus

656 1873 687 1932 1¹
1121 1831 1723 1968 tullissit.,instituistis
1730 1835 1870 1966 11111111
1885 1847 1934 1954 isi.

472 1991 625 2042 Mgppgqp
643 1989 710 2038 VEL
729 1987 869 2038 CONTRA,
1157 1967 1175 2026 5
1199 1969 1319 2024 Peisius
1342 1969 1410 2024 libro
1437 1969 1591 2038 trigessimo
1617 1965 1734 2022 secuodo
1760 1967 1798 2022 cd
1821 1967 1935 2022 edictum

1126 2041 1137 2092 1
1173 2037 1319 2106 Diligenter
1326 2037 1406 2106 igitur
1414 2035 1479 2090 fines
1490 2035 1609 2090 mandati
1616 2035 1781 2090 custodiendi
1787 2041 1863 2088 suut:
1874 2051 1936 2088 nam

302 2107 314 2164 i
335 2107 455 2162 Pronus
476 2107 543 2162 libro
567 2107 721 2176 tripeorimo
745 2103 880 2158 ιειιιιιιίο2
897 2103 936 2158 od
956 2103 1073 2158 edictum
1124 2107 1168 2176 qui
1187 2107 1307 2172 excessit,
1325 2103 1399 2160 aliud
1417 2103 1479 2172 quid
1495 2103 1585 2158 facere
1601 2103 1707 2158 ridetur
1724 2111 1765 2170 et,
1784 2103 1808 2156 si
1824 2119 1933 2172 suscep·

264 2175 396 2244 Obligatio
413 2173 533 2230 mandati
550 2189 681 2230 consensu
704 2171 918 2226 connubentium
941 2171 1071 2228 consistit.
1124 2179 1138 2228 2
1173 2179 1230 2228 tuin
1244 2171 1467 2242 uonimpleverit‚
1481 2175 1595 2226 tenetur.
1629 2173 1724 2240 ltaque
1736 2171 1758 2226 si
1775 2169 1934 2224 mandavero

266 2251 276 2298 ι
314 2245 376 2300 ldcc
394 2245 580 2314 pernumium
597 2241 759 2312 quoquerel
776 2257 822 2310 per
839 2241 980 2310 epistulam
997 2255 1071 2294 nian-
1122 2241 1179 2308 tibi,
1196 2247 1227 2296 ut
1244 2241 1352 2296 domum
1370 2241 1491 2296 Seianam
1511 2245 1617 2296 centuni
1634 2255 1734 2294 emeres
1752 2247 1835 2308 tuque
1851 2237 1934 2292 Titia·

263 2317 278 2368 2
314 2313 406 2368 datum
424 2313 522 2380 suscipi
536 2317 632 2380 potest.
667 2311 735 2362 Item
752 2311 805 2364 sive
824 2311 904 2378 ‘rogo'
923 2309 977 2364 sire
995 2307 1072 2362 ‘volo’
1123 2325 1185 2362 nain
1202 2311 1296 2366 emeris
1313 2311 1392 2380 longe
1409 2311 1516 2364 maioris
1534 2307 1626 2378 pretii,
1651 2313 1757 2362 centum
1781 2313 1869 2362 tannen
1888 2313 1934 2362 aut

263 2383 317 2436 sire
341 2381 453 2436 ‘mando'
478 2381 531 2434 sive
554 2381 605 2434 alio
629 2393 796 2448 quocumque
817 2379 897 2434 verbo
927 2375 1071 2446 scripserit,
1123 2381 1138 2432 3
1173 2379 1251 2432 etiam
1259 2379 1377 2444 minoris,
1388 2393 1441 2432 non
1449 2377 1545 2432 videris
1553 2377 1677 2446 implesse
1686 2377 1848 2430 mandatum.
1866 2375 1934 2430 Item

263 2455 277 2504 3
313 2449 431 2504 mandati
454 2449 523 2506 actio
547 2455 597 2502 est.
632 2449 698 2500 Item
719 2445 924 2500 mandatumst
950 2447 978 2500 in
1004 2445 1073 2498 diem
1122 2447 1144 2502 si
1161 2447 1320 2502 mandavero
1338 2447 1395 2510 tibi,
1414 2451 1444 2498 ιιι
1460 2445 1572 2500 fundum
1586 2461 1674 2500 meum
1689 2449 1794 2500 centum
1808 2443 1935 2498 venderes

262 2521 279 2570 4
314 2517 415 2572 differri
438 2521 465 2572 et
481 2519 531 2572 sub
550 2515 705 2572 condicione
722 2515 844 2568 contrahi
860 2521 957 2584 potest.
992 2513 1071 2566 Mau·
1122 2521 1205 2584 tuque
1229 2531 1289 2568 eum
1312 2515 1457 2580 nonaginta
1478 2513 1626 2566 vendideris
1650 2519 1677 2566 et
1699 2517 1789 2582 petam
1811 2509 1932 2576 fundum,

263 2585 354 2638 datum
371 2585 422 2638 nisi
437 2585 582 2652 gratuitum
599 2583 700 2636 nullum
724 2587 777 2636 est:
801 2597 864 2634 nain
887 2581 1014 2650 originem
1039 2595 1072 2634 ex
1122 2597 1177 2636 non
1196 2581 1314 2636 obstabit
1334 2581 1400 2634 mibi
1424 2579 1560 2650 exceptio,
1583 2581 1635 2632 nisi
1658 2585 1685 2634 et
1707 2581 1838 2648 reliquum
1862 2581 1933 2644 mibi,

262 2651 351 2706 otficio
375 2657 456 2720 atque
481 2653 597 2706 amicitia
618 2649 715 2716 trahit,
743 2647 904 2704 contrarium
928 2649 1008 2718 ergo³
1031 2653 1072 2704 est
1123 2649 1194 2718 qnod
1212 2649 1287 2704 deest
1304 2649 1433 2704 mandatu
1449 2665 1521 2714 meo,
1545 2653 1666 2716 praestes
1683 2653 1710 2702 et
1726 2647 1875 2702 indemnem
1892 2663 1934 2702 me

262 2719 351 2776 officio
377 2735 492 2774 merces:
518 2719 708 2774 interveniente
734 2717 802 2772 enim
827 2717 941 2786 pecunia
966 2731 1010 2772 res
1036 2715 1071 2770 ad
1122 2723 1139 2770 4
1172 2733 1220 2786 per
1238 2717 1327 2770 omnia
1344 2731 1493 2770 conservos.
1529 2715 1610 2770 Servo
1635 2729 1741 2784 quoque
1764 2715 1885 2770 domiuus
1910 2717 1934 2770 si

261 2785 422 2842 locationem
439 2791 465 2840 et
483 2787 684 2842 conductionem
702 2785 789 2854 potius
806 2785 924 2854 respicit.
1121 2785 1289 2854 praeceperit
1307 2791 1380 2840 certa
1403 2801 1506 2838 sumnia
1529 2799 1584 2838 rein
1607 2785 1736 2848 vendere,
1760 2785 1803 2838 ille
1826 2783 1934 2838 minoris

297 2851 507 2910 2Gn1usli'bro
521 2855 637 2910 secriodo
653 2851 878 2908 cottidianarum⁴
911 2851 1071 2906 Mandatum
1121 2851 1282 2918 vendiderit,
1309 2853 1429 2908 similiter
1453 2851 1589 2908 vindicare
1615 2867 1674 2908 eain
1700 2851 1821 2906 dominus
1844 2857 1934 2920 potest

261 2921 402 2978 internos
426 2923 606 2986 contrahitur,
629 2921 684 2976 sive
706 2937 765 2974 mea
787 2927 892 2974 tantum
931 2921 1000 2974 ratia
1022 2919 1072 2974 tibi
1121 2937 1171 2976 nec
1188 2921 1243 2974 ulla
1260 2923 1416 2992 exceptione
1439 2919 1627 2986 summoveri⁸,
1651 2919 1704 2974 nisi
1724 2919 1884 2974 indemnitas
1910 2919 1934 2974 ei

261 2991 384 3044 mandem
402 2991 457 3046 sive
475 2991 559 3046 aliena
576 2995 681 3046 tantum
698 2989 753 3044 sive
773 3003 834 3042 mea
857 2995 883 3042 et
906 2937 993 3044 {filma
1016 2989 1072 3044 sive
1121 2995 1136 3044 5
1171 2995 1330 3058 praestetur.
1365 2989 1461 3044 Melior
1483 2995 1572 3044 autem
1596 3003 1678 3044 cansa
1700 2989 1852 3042 mandantis
1874 2987 1933 3040 fieri

220 3079 221 3082 ¹
261 3073 321 3112 mea
339 3065 366 3114 et
381 3065 429 3112 tua
446 3061 501 3114 sive
517 3065 564 3112 tue
588 3063 614 3114 et
637 3057 730 3112 ahena.
758 3056 828 3126 quod
851 3059 874 3112 si
896 3063 944 3112 tna
965 3061 1072 3112 tantuin
1121 3063 1224 3128 potest,
1249 3057 1283 3124 si,
1308 3073 1368 3112 oum
1384 3055 1434 3110 tibi
1450 3057 1632 3122 mandassem,
1656 3061 1685 3110 ut
1703 3057 1824 3112 Stichum
1841 3055 1932 3110 decem

261 3127 348 3194 gratia
364 3127 413 3182 tibi
430 3127 565 3194 mandem,
591 3143 783 3196 supervacuum
807 3133 848 3180 est
869 3127 1026 3180 mandatum
1045 3131 1072 3180 et
1122 3141 1229 3190 emeres,
1247 3131 1278 3180 ιιι
1295 3141 1355 3180 euin
1372 3127 1480 3180 minoris
1496 3127 1590 3178 emeris
1604 3127 1645 3178 vel
1659 3125 1796 3190 tantidem,
1814 3129 1845 3178 nt
1859 3123 1932 3178 alind

265 3199 275 3248 1
314 3197 348 3250 ob
369 3195 397 3250 id
419 3197 492 3250 nulla
516 3211 548 3250 ex
572 3211 602 3252 eo
626 3195 751 3264 obligatio
769 3195 895 3250 nascitur.
931 3195 994 3250 Mea
1010 3199 1071 3246 tan·
1122 3195 1264 3264 quicquam
1290 3211 1365 3250 servo
1392 3193 1544 3250 accederet:
1568 3199 1681 3262 utroque
1704 3195 1774 3248 enim
1797 3209 1862 3246 casu
1886 3201 1932 3246 aut

229 3311 230 3314 ,
262 3269 319 3318 tum
336 3265 422 3334 gratia
437 3265 577 3318 intervenit
594 3263 762 3328 mandatum,
785 3263 866 3318 veluti
890 3263 912 3316 si
929 3263 978 3316 tibi
995 3277 1071 3316 nian-
1121 3281 1175 3318 non
1191 3265 1263 3318 ultra
1280 3265 1395 3332 pretium
1412 3267 1459 3316 aut
1475 3263 1546 3316 intra
1562 3261 1676 3330 pretium
1693 3261 1788 3332 iecisti.

263 3331 330 3398 dem,
349 3337 378 3386 ιιι
395 3331 499 3400 negotia
516 3349 576 3388 mea
593 3347 669 3400 geras
686 3331 728 3386 vel
744 3339 775 3386 ut
789 3331 902 3386 fundum
920 3331 984 3386 milii
1001 3345 1070 3386 eme·
1150 3327 1173 3388 ’6
1197 3331 1342 3388 Uerrinis
1364 3331 1431 3386 labro
1461 3331 1617 3400 trigciisimo
1641 3331 1734 3400 primo
1758 3329 1796 3384 oct
1817 3327 1932 3382 edictum

263 3403 276 3452 2
312 3415 354 3454 res
379 3401 421 3454 vel
445 3407 477 3454 ut
501 3417 549 3470 pro
576 3415 618 3454 me
643 3399 795 3454 fideiubeas.
836 3401 932 3454 Aliena
956 3403 1070 3464 tantum
1121 3397 1149 3454 si
1165 3399 1351 3454 remunerandi
1367 3399 1454 3466 gratia
1469 3399 1556 3454 honor
1573 3397 1728 3464 intervenit,
1747 3397 1797 3452 erit
1813 3397 1932 3450 mandati

262 3469 343 3520 veluti
360 3469 383 3522 si
400 3469 449 3522 tibi
466 3469 596 3534 mandem,
613 3473 644 3520 ut
661 3469 724 3520 Titii
740 3469 846 3538 negotia
862 3483 967 3538 gereres
983 3467 1024 3520 vel
1040 3471 1071 3520 ut
1123 3473 1134 3522 1
1172 3469 1251 3522 actio.
1287 3467 1316 3520 Si
1341 3469 1385 3520 cui
1406 3467 1488 3520 luerit
1509 3467 1677 3532 mandatum,
1700 3471 1731 3520 nt
1754 3463 1862 3532 negotia
1884 3465 1931 3518 ad-

264 3541 278 3588 3
313 3535 424 3590 fundum
442 3535 466 3590 ei
484 3553 582 3592 emeres
599 3537 640 3590 vel
657 3541 687 3588 ut
704 3553 752 3604 pro
771 3553 801 3592 eo
819 3537 973 3590 fideiubeas.
1007 3535 1071 3588 Mea
1121 3537 1296 3602 ministraret,
1319 3535 1372 3590 hac
1389 3535 1495 3590 actione
1513 3535 1562 3586 erit
1580 3535 1775 3590 conveniendus
1793 3547 1842 3586 nec
1859 3539 1932 3586 recte

264 3605 402 3670 stelione,
420 3605 501 3658 veluti
518 3607 541 3658 si
557 3603 606 3658 tibi
624 3603 759 3670 mandem,
776 3611 807 3658 nt
824 3619 883 3658 mea
901 3609 927 3658 et
944 3601 1007 3658 Titii
1025 3619 1072 3656 ue·
1121 3605 1286 3672 negotiorum
1303 3609 1437 3670 gestorum
1456 3619 1516 3656 com
1534 3619 1563 3658 eo
1583 3607 1688 3670 agetur:
1712 3619 1762 3656 nec
1786 3601 1854 3654 euim
1871 3601 1931 3654 ideo

262 3673 333 3738 gotie
350 3687 453 3742 gereres
471 3673 512 3726 vel
529 3677 558 3724 ut
575 3671 640 3726 inihi
658 3679 684 3724 et
699 3671 768 3726 Titio
785 3673 897 3726 fundum
916 3685 1016 3724 eineres
1029 3671 1072 3724 vel
1122 3677 1162 3726 est
1179 3673 1311 3740 obligatus
1329 3671 1401 3740 quod
1416 3671 1521 3738 negotia
1535 3671 1623 3740 gessit,
1641 3685 1732 3724 veroin
1745 3669 1845 3724 idcirco
1861 3669 1932 3738 quod

263 3745 279 3792 4
314 3745 345 3794 ut
359 3757 406 3808 pro
420 3757 462 3794 me
477 3745 502 3794 et
517 3741 586 3796 Titio
602 3739 755 3794 fideinbeas.
790 3739 849 3794 Tua
865 3747 891 3796 et
905 3755 973 3806 mea,
990 3739 1072 3792 veluti
1121 3739 1275 3794 mandatum
1293 3739 1452 3808 susceperit:
1472 3739 1585 3808 denique
1602 3745 1708 3792 tenetur
1725 3745 1751 3794 et
1766 3737 1789 3794 si
1804 3755 1859 3792 non
1872 3753 1931 3806 ges-

264 3809 432 3862 simandeni
456 3809 517 3874 tibi,
541 3815 571 3862 ut
594 3809 643 3862 sub
668 3807 755 3862 usuris
773 3809 894 3862 crederes
914 3809 952 3874 ei,
976 3807 1021 3876 qui
1043 3807 1071 3860 in
1122 3813 1136 3862 2
1172 3809 1257 3862 sisset.
1295 3809 1323 3862 Si
1339 3823 1435 3876 passus
1454 3807 1502 3862 sim
1520 3809 1635 3876 aliquem
1650 3823 1700 3876 pro
1724 3823 1766 3862 me
1788 3805 1932 3860 iideiubere

228 3921 230 3924 .
264 3883 278 3928 5
314 3893 369 3932 rem
386 3893 472 3930 ineam
489 3881 663 3930 mutuaretur.
699 3877 758 3930 Tua
776 3883 802 3930 et
821 3877 920 3940 ahena,
944 3875 1025 3930 veluti
1048 3877 1072 3928 si
1120 3877 1161 3930 vel
1178 3877 1245 3930 alias
1262 3875 1433 3940 intervenire,
1452 3877 1569 3928 mandati
1586 3881 1677 3930 teneor
1695 3879 1734 3940 et,
1753 3875 1803 3928 nisi
1822 3889 1870 3942 pro
1889 3875 1929 3928 io·

263 3945 312 4000 tibi
329 3945 464 4010 mandem,
482 3953 513 4000 ut
530 3945 600 4000 Titio
618 3943 668 3998 snb
685 3945 773 4000 usuris
791 3945 925 4000 crederes:
950 3943 1021 4012 quod
1039 3943 1070 4008 si,
1121 3945 1173 4000 rito
1198 3945 1257 4014 quis
1279 3943 1460 3998 intercesserit
1483 3947 1530 3998 aut
1546 3943 1664 3998 donandi
1680 3943 1767 3998 animo
1787 3949 1833 3994 aut
1850 3957 1929 4008 nego·

264 4019 295 4066 ut
312 4015 369 4066 sine
386 4015 474 4068 usuris
493 4015 627 4078 crederes,
652 4013 738 4066 aliena
761 4019 864 4066 tantum
886 4013 973 4082 gratia
989 4011 1070 4066 inter·
1122 4017 1136 4066 3
1169 4013 1254 4066 ιιιιιιι9
1271 4027 1374 4080 gerens,
1393 4011 1440 4066 erit
1458 4013 1576 4066 mandati
1591 4011 1669 4066 actio.
1705 4011 1755 4066 Rei
1769 4009 1854 4078 turpis
1871 4011 1930 4064 nul-

264 4087 279 4138 b
314 4083 554 4138 venitmandetum.
590 4079 649 4134 Tua
659 4087 747 4136 autem
754 4083 839 4150 gratia
847 4079 987 4136 intervenit
996 4095 1070 4134 mau-
1121 4083 1175 4136 lum
1197 4081 1353 4136 mandatum
1376 4085 1417 4134 est
1440 4085 1467 4134 et
1488 4081 1548 4134 ideo
1565 4081 1617 4134 hac
1635 4081 1740 4134 actione
1757 4093 1812 4132 non
1829 4083 1929 4146 agetur.

265 4151 369 4216 datum,
394 4153 474 4204 veluti
491 4151 513 4204 si
530 4147 651 4204 mandem
668 4149 729 4216 tibi,
752 4155 783 4204 ut
800 4149 927 4216 pecunias
944 4155 1004 4204 tuas
1021 4165 1070 4216 po·
1121 4155 1137 4204 4
1171 4149 1200 4204 Si
1216 4149 1265 4204 tibi
1282 4149 1442 4204 mandavero
1461 4147 1532 4216 quod
1548 4165 1608 4202 inca
1625 4165 1679 4202 non
1695 4147 1831 4210 intererat,
1850 4147 1931 4200 veluti

264 4219 316 4274 tius
334 4219 362 4272 iu
379 4219 522 4288 emptiones
555 4217 704 4270 raediorum
719 4217 832 4272 colloces
847 4233 926 4286 quam
941 4219 1070 4282 faeneres,
1120 4223 1151 4270 nt
1167 4233 1215 4286 pro
1235 4217 1294 4272 Seio
1312 4215 1471 4270 intervenias
1488 4217 1530 4270 vel
1547 4221 1577 4270 ιιι
1595 4217 1665 4270 Titio
1683 4215 1785 4278 credas,
1804 4213 1854 4268 erit
1866 4213 1930 4278 milii

263 4287 306 4342 vel
323 4303 355 4340 ex
373 4285 475 4342 diverso
492 4293 522 4342 ut
537 4237 659 4342 {acueres
677 4285 765 4354 potius
783 4301 862 4354 quam
878 4287 906 4340 in
924 4285 1070 4354 emptiones
1121 4291 1208 4348 tecum
1226 4285 1345 4338 mandeti
1363 4285 1446 4348 actio,
1470 4289 1500 4336 ut
1519 4283 1610 4338 Celsus
1627 4283 1695 4338 libro
1714 4285 1825 4354 septimo
1845 4281 1929 4350 diges-

265 4355 434 4426 praediorum
452 4357 578 4412 colloces:
605 4353 679 4408 cuius
696 4353 798 4422 generis
816 4355 972 4408 mandatum
988 4351 1071 4420 magis
1122 4359 1136 4408 b
1171 4359 1260 4408 torum
1283 4353 1389 4420 scribit,
1415 4357 1440 4406 et
1463 4369 1509 4420 ego
1529 4351 1578 4406 tibi
1595 4369 1654 4406 sum
1672 4351 1812 4420 obligatus.
1847 4351 1931 4404 Plane

266 4423 404 4478 consilium
422 4429 462 4478 est
479 4441 558 4492 quam
574 4423 729 4476 mandatum
746 4427 773 4476 et
790 4423 823 4474 ob
838 4423 864 4474 id
878 4439 933 4476 non
949 4427 988 4476 est
1003 4421 1071 4476 obli·
1122 4423 1145 4476 si
1161 4423 1210 4474 tibi
1227 4421 1386 4476 mandavero
1406 4421 1476 4488 quod
1493 4425 1539 4474 tua
1552 4421 1688 4484 intererat,
1706 4421 1779 4474 nulla
1793 4417 1842 4472 erit
1855 4435 1930 4472 man-

266 4493 403 4560 gatorium‚
414 4491 475 4560 quia
489 4507 565 4546 nemo
581 4507 613 4546 ex
628 4489 736 4544 consilio
752 4489 891 4558 obligetur,
902 4489 1004 4544 etiamsi
1017 4503 1072 4542 non
1122 4489 1178 4544 dati
1202 4489 1286 4554 actio,
1310 4489 1362 4544 nisi
1383 4503 1442 4540 mea
1466 4503 1571 4556 quoque
1588 4487 1719 4542 interfuit:
1745 4491 1806 4552 aut,
1832 4487 1863 4542 si,
1876 4501 1931 4540 non

267 4561 389 4630 expediat
407 4561 430 4614 ei
453 4559 497 4612 cui
521 4561 665 4622 dabatur⁵‚
690 4559 752 4624 quia
774 4557 886 4612 liberum
910 4563 951 4612 est
976 4557 1071 4626 cuique
1122 4573 1193 4612 esses
1210 4557 1345 4622 facturus,
1370 4555 1421 4610 nisi
1443 4573 1491 4624 ego
1515 4555 1695 4620 mandassem,
1720 4557 1770 4610 etsi
1792 4569 1851 4606 mee
1873 4569 1927 4606 non

266 4627 338 4698 apud
355 4643 383 4682 se
401 4627 546 4696 explorare,
563 4645 599 4682 an
616 4627 739 4694 expediat
755 4625 806 4678 sibi
824 4625 969 4680 consilium.
1123 4631 1137 4680 6
1171 4623 1305 4690 interfuit,
1328 4631 1418 4678 tamen
1435 4625 1485 4678 erit
1501 4623 1620 4678 mandati
1637 4623 1716 4678 actio.
1751 4621 1832 4690 Apud
1850 4621 1929 4674 Iulia-

301 4693 318 4754 3
344 4695 462 4750 Plutus
489 4695 556 4750 libro
580 4695 735 4764 trigessimo
758 4693 873 4746 securido
896 4693 934 4746 acl
956 4693 1070 4748 edictum
1121 4711 1184 4746 num
1200 4693 1268 4748 libro
1286 4693 1364 4746 tertio
1383 4691 1484 4746 decimo
1502 4691 1663 4760 digestorum
1677 4693 1826 4760 quaeritur:
1844 4689 1867 4742 si
1883 4689 1928 4742 do·

266 4765 408 4818 Praeterea
424 4765 453 4818 in
472 4779 552 4818 cansa
568 4761 686 4816 mandati
704 4761 783 4816 etiam
805 4759 870 4816 illud
892 4763 1016 4826 vertitur,
1040 4765 1071 4814 ut
1121 4761 1206 4816 minus
1230 4761 1337 4816 iusserit
1360 4765 1559 4828 procuratorem
1577 4777 1655 4812 suuni
1673 4765 1773 4812 certain
1789 4757 1929 4826 pecuniam

265 4833 371 4888 interim
387 4849 438 4888 nec
454 4831 563 4888 melior6
581 4845 663 4886 causa
679 4829 828 4884 mandantis
845 4829 903 4882 fieri
918 4831 1011 4896 possit,
1029 4829 1070 4882 in-
1121 4843 1225 4882 sumere
1244 4835 1269 4882 et
1286 4829 1424 4882 foenerare
1440 4827 1557 4896 periculo
1577 4843 1626 4882 suo
1643 4829 1696 4892 ita,
1714 4833 1744 4882 ut
1762 4831 1847 4882 certas
1864 4841 1928 4880 usu-

269 4909 279 4954 1
316 4903 422 4954 terdum
437 4899 542 4964 melior,
560 4897 676 4956 deterior
692 4915 754 4954 vero
772 4913 921 4966 numquam.
957 4897 995 4952 Et
1013 4897 1070 4966 qui·
1121 4913 1164 4950 ras
1184 4897 1287 4952 domino
1313 4897 1440 4966 penderet
1463 4897 1615 4960 dumtaxat,
1639 4895 1662 4948 si
1684 4895 1769 4962 pluris
1791 4893 1929 4948 faenerare

267 4971 326 5024 dem
344 4969 366 5024 si
383 4969 505 5022 mandavi
521 4969 584 5034 tibi,
606 4971 637 5020 ut
660 4967 775 5034 aliquam
796 4981 852 5020 rem
874 4965 939 5018 mihi
962 4981 1070 5030 emeres,
1121 4967 1265 5034 puniisset,
1288 4965 1345 5032 ipse
1368 4965 1531 5028 lucraretur,
1554 4963 1582 5016 in
1607 4963 1763 5016 creditam¹⁰
1788 4963 1928 5030 pecuniam

266 5055 315 5092 neo
328 5037 360 5090 de
371 5037 456 5104 pretio
474 5035 614 5104 quicquain
632 5035 714 5086 statui
730 5039 811 5102 tuque
830 5033 921 5098 emisti,
939 5033 1071 5100 utrimque
1121 5033 1236 5098 ridetur,
1254 5035 1353 5100 inquit,
1372 5031 1514 5100 accepisse.
1540 5031 1620 5098 plane
1637 5031 1661 5084 si
1678 5031 1793 5084 omnium
1811 5029 1927 5098 negotio·

267 5109 282 5156 ι
317 5103 387 5158 actio
401 5103 528 5156 nascitur.
563 5101 642 5170 Quod
657 5101 680 5154 si
692 5101 806 5170 pretium
821 5101 901 5156 statui
914 5105 996 5168 tuque
1010 5101 1070 5168 plu·
1120 5117 1179 5154 rum
1196 5105 1254 5154 erat
1271 5101 1295 5152 ei
1312 5099 1503 5154 administratio
1521 5097 1661 5162 mandata,
1683 5097 1802 5152 mandati
1825 5113 1929 5166 quoquc

266 5171 303 5224 ris
321 5173 414 5236 emisti,
432 5169 538 5240 qiddain
554 5175 717 5238 negaverunt
731 5173 759 5222 te
776 5169 893 5222 mandati
908 5167 1008 5222 habere
1025 5183 1071 5220 ac·
1122 5185 1182 5224 eum
1205 5167 1302 5234 teneri,
1325 5165 1546 5236 quemadmodum
1564 5167 1631 5220 solet
1647 5165 1767 5220 mandati
1784 5165 1867 5218 teneri
1885 5165 1927 5218 de·

267 5239 378 5302 tionem,
398 5239 499 5292 etiamsi
515 5245 624 5308 paratus
643 5251 714 5290 esses
730 5235 758 5290 id
775 5239 846 5304 qnod
863 5235 966 5290 excedit
981 5235 1071 5290 remit·
1122 5243 1136 5290 7
1170 5237 1254 5302 bitur,
1280 5235 1326 5304 qui
1349 5235 1486 5290 creditoris
1509 5233 1551 5288 sui
1574 5233 1680 5302 negotia
1702 5235 1790 5302 gessit.
1826 5233 1928 5288 Marius

267 5313 336 5358 tere:
360 5323 473 5376 namque
494 5307 612 5376 iniquum
635 5309 675 5358 est
698 5321 751 5358 uon
774 5319 831 5358 esse
854 5305 918 5358 mihi
943 5317 1002 5356 cum
1025 5303 1070 5358 illo
1121 5305 1221 5358 Paulus
1263 5305 1353 5356 uidam
1376 5301 1541 5356 fideiusserat
1556 5319 1605 5372 pro
1624 5303 1667 5356 Da
1685 5303 1765 5356 huide
1782 5303 1928 5356 mercedem

268 5373 408 5438 actionem,
426 5373 449 5428 si
466 5375 539 5440 nolit,
556 5375 594 5428 illi
610 5389 680 5438 vero,
698 5373 722 5428 si
737 5373 807 5436 velit,
825 5389 927 5428 mecum
946 5385 1011 5426 esse.
1121 5377 1216 5442 pactus
1235 5323 1269 5426 ο1ι
1287 5389 1363 5426 snam
1379 5369 1574 5426 fideiussionem
1592 5377 1618 5424 ct
1635 5319 1685 5426 ειι11
1701 5371 1805 5426 nomine
1820 5371 1926 5424 alterius

302 5439 321 5494 4
341 5439 432 5494 Gaius
446 5441 513 5496 libro
530 5439 645 5496 secutidc
662 5455 752 5494 rernm
770 5441 992 5494 cottt'cltuuurcnn⁷
1019 5437 1072 5494 Sed
1121 5455 1154 5494 ex
1172 5445 1267 5494 eventu
1283 5441 1337 5494 litis
1355 5443 1462 5494 caverat
1479 5437 1530 5494 sibi
1547 5443 1647 5494 certam
1665 5441 1839 5508 quantitatem
1856 5439 1925 5494 dari:

305 5611 333 5674 (ι)
353 5611 482 5662 Scurio.
493 5619 747 5664 8...tt.12··.2t.2t.2t·
765 5623 853 5662 iasa
869 5623 966 5672 ai...ae;
980 5611 1070 5662 Ειιιι.
1123 5627 1255 5662 aureorum
1264 5611 1303 5662 ps
1388 5613 1421 5676 (a)
1440 5609 1590 5662 ιιιιιιιιιιι1η
1684 5609 1716 5678 (a)
1735 5611 1926 5676 renuntioque

269 5689 305 5728 ns.
316 5689 351 5728 so.
361 5677 527 5740 io...ii;Pap.
541 5689 559 5728 ι.
571 5689 658 5730 ia...is.
670 5679 835 5744 sa...oi;App.
845 5679 990 5732 on-Boe
1005 5681 1071 5740 ι4,ι.
1123 5679 1285 5730 deteriorscr.
1373 5681 1405 5746 (v)
1424 5677 1462 5728 vel
1472 5681 1719 5734 aureoromodd.l’²
1809 5683 1842 5746 (s)
1860 5697 1926 5732 sum·

269 5745 351 5808 -Gf
363 5745 423 5794 lost.
434 5743 457 5804 3,
467 5743 579 5802 26300d.
591 5745 614 5804 4,
623 5755 650 5796 35
796 5745 828 5808 (b)
847 5745 1073 5796 ιιιιιιιιιιιοιιιιιιλῑ2
1123 5747 1264 5798 movebitur
1272 5767 1318 5800 scr.
1390 5749 1424 5812 (9)
1442 5749 1567 5800 suumius.
1629 5751 1681 5816 ⁴(1t)
1700 5751 1822 5802 creditum
1832 5753 1884 5804 cdd.

270 5815 302 5874 (3)
321 5811 562 5884 veronokersdcek
677 5815 709 5878 (4)
728 5827 808 5864 rerum
818 5815 1012 5866 cottidianarum
1020 5815 1074 5864 aire
