4366 6258
275 361 339 424 XX
361 367 420 430 4.5
497 429 498 432 ,

277 543 347 600 ditor
364 545 427 598 nihil
446 543 518 598 eliud
534 541 599 594 iuris
615 543 709 608 habet,
733 541 783 596 nisi
805 547 835 598 ut
851 543 937 598 solvat
953 541 1034 610 priori
1052 545 1078 594 et

277 619 309 666 10
341 613 400 666 loco
419 611 474 664 eius
492 609 624 664 succedat.
659 609 687 664 Si
704 609 785 680 priori
797 611 947 682 hypotheca
962 609 1077 678 obligata

275 681 318 744 sit,
336 679 401 732 nihil
414 691 474 732 vero
490 679 524 732 de
535 679 684 732 venditione
698 679 855 744 convenerit,
870 677 1001 758 posterior
1015 693 1076 730 vero

276 749 309 800 de
325 745 475 812 hypotheca
491 745 627 798 vendenda
645 747 810 812 convenerit,
833 761 918 800 remus
941 751 983 796 est
1005 745 1077 812 prio-

275 829 330 864 rem
347 811 475 878 potiorem
490 827 559 866 esse:
578 829 639 866 nam
653 817 680 866 et
692 813 721 864 in
734 813 843 880 pignore
857 813 953 880 placet,
968 811 992 864 si
1004 811 1077 878 prior

277 879 426 932 convenerit
443 877 475 932 de
491 879 613 946 pignore,
636 881 699 934 licet
720 881 858 946 posteriori
881 895 924 934 res
946 877 1076 946 tradatur,

275 945 363 998 adhuc
380 945 509 1012 potiorem
526 961 582 1000 esse
599 947 720 1016 priorem.

314 1009 349 1066 13
369 1013 487 1066 Pronus
499 1013 565 1066 libro
581 1015 674 1092 quinto
684 1013 864 1066 udPtoutium
899 1011 1014 1066 Insulam
1028 1013 1077 1066 tibi

275 1079 380 1132 vendidi
397 1085 424 1132 et
440 1079 495 1132 dixi
511 1079 606 1148 prions
624 1081 686 1132 anni
702 1081 854 1148 pensionem
871 1079 948 1142 mihi,
965 1093 1077 1146 sequen-

275 1147 341 1198 tium
364 1147 413 1200 tibi
435 1161 602 1200 accessuram
623 1147 811 1216 pignorumque
834 1147 867 1200 ab
885 1145 1011 1214 inquilino
1030 1146 1076 1201 da·

275 1219 363 1266 torum
388 1213 429 1266 ius
451 1219 591 1282 utrumque
614 1219 766 1268 secuturum
777 1219 792 1268 ¹.
828 1215 916 1268 Nerva
938 1213 1076 1280 Proculae,

275 1281 327 1334 nisi
345 1279 379 1332 ad
396 1285 534 1348 utramque
551 1281 703 1348 pensionem
719 1283 830 1350 pignora
846 1279 1012 1346 sufficerent,
1034 1283 1076 1336 ius

275 1349 391 1402 omnium
416 1349 554 1414 pignorum
579 1347 691 1414 primurn
717 1351 752 1402 ad
777 1363 818 1402 me
842 1347 988 1414 pertinere,
1016 1351 1077 1414 quia

275 1417 340 1468 nihd
357 1423 447 1482 aperte
466 1415 564 1468 dictum
584 1421 666 1478 esset,
691 1431 725 1468 an
748 1415 920 1470 communiter
944 1429 976 1468 ex
994 1417 1076 1468 omni-

275 1483 325 1536 bus
351 1483 504 1550 pignoribus
530 1497 631 1536 summa
655 1499 703 1550 pro
729 1489 789 1536 1111
812 1485 941 1536 servetur:
968 1483 990 1536 si
1015 1483 1077 1552 quid

275 1559 432 1618 superesset,
451 1549 486 1604 ad
503 1555 537 1604 te.
572 1549 701 1604 Pronus:
722 1551 789 1604 facti
812 1551 930 1618 quaestio
955 1555 1008 1614 est,
1031 1551 1078 1604 sed

274 1617 412 1670 verisimile
430 1617 513 1670 estid
536 1623 648 1682 aetum,
661 1621 691 1670 ut
713 1619 824 1686 primam
847 1619 996 1686 quamque²
1013 1633 1076 1684 pen-

273 1683 374 1738 sionem
391 1685 530 1754 pignorum
548 1699 630 1738 causa
647 1691 775 1752 sequatur
782 1685 800 1734 ³.

312 1749 349 1806 14
366 1751 445 1804 Iolen
456 1753 524 1806 libro
539 1757 635 1822 qttorto
650 1751 751 1806 decimo
766 1749 802 1804 od
808 1749 945 1804 Plautium
980 1751 1008 1804 Si
1023 1767 1077 1804 non

274 1819 395 1874 dominus
410 1819 512 1874 duobus
528 1819 636 1874 1111111111
651 1835 706 1874 rem
721 1817 828 1870 diversis
843 1823 897 1872 tem
917 1819 1005 1874 oribus
1020 1819 1077 1888 pig-

273 1887 413 1954 neraverit,
431 1887 503 1956 prior
518 1889 606 1956 potior
621 1893 669 1952 est,
688 1885 814 1954 quamvis,
833 1885 855 1940 si
869 1903 885 1940 a
919 1887 1008 1942 'versis
1023 1903 1077 1940 non

273 1955 384 2008 dominis
401 1957 497 2024 pignus
514 1955 683 2024 accipiamus,
701 1969 839 2022 possessor
855 1955 948 2008 melior
966 1955 1009 2008 sit.

311 2021 346 2078 15
365 2023 517 2078 lunulibro
526 2025 694 2094 senoqesimo
704 2027 796 2076 octono
806 2021 966 2078 antedictum
988 2023 1077 2076 Etiam

272 2089 425 2158 superficies
446 2093 475 2144 in
497 2093 582 2146 alieno
607 2091 662 2144 solo
680 2089 769 2156 posita
785 2089 888 2158 pignori
905 2091 963 2144 dari
979 2097 1076 2158 potest,

263 2157 429 2224 1111111111,
452 2163 483 2212 ut
500 2161 588 2226 prior*
608 2171 687 2212 causa
712 2157 746 2210 sit
770 2157 867 2210 domini
890 2159 953 2224 soli,
977 2159 1001 2212 si
1023 2175 1077 2212 non

272 2227 390 2280 solvatur
406 2227 429 2280 ei
446 2227 580 2280 solarium.
825 2257 828 2264 .

309 2291 345 2350 16
364 2295 482 2348 Pronus
493 2293 560 2350 libro
569 2295 646 2348 tertio
656 2293 840 2362 quaestionum
867 2293 992 2348 Claudius
1001 2293 1077 2346 Felix

272 2363 383 2416 eundem
401 2361 511 2416 fundum
527 2363 612 2416 tribus
629 2361 803 2430 obligaverat,
821 2361 1006 2430 Eutychianos
1022 2361 1077 2428 pri-

271 2433 373 2494 mum⁵,
401 2429 495 2484 deinde
521 2431 653 2494 Turboni,
679 2429 757 2482 tertio
783 2429 843 2484 loco
869 2429 914 2482 alii
941 2429 1076 2482 creditori:

272 2515 332 2552 cum
346 2497 515 2566 Eutychiana
531 2497 563 2548 de
577 2497 634 2550 iure
648 2499 715 2550 snoo
732 2497 847 2560 doceret,
866 2501 992 2564 superata
1007 2497 1078 2564 apud

270 2567 384 2620 iudicem
401 2581 417 2616 a
433 2563 510 2616 tertio
530 2563 660 2616 creditore
675 2579 730 2618 non
746 2565 965 2632 provocaveratlr
985 2565 1076 2618 Turbo

272 2633 342 2702 apud
360 2631 440 2684 alium
454 2631 567 2684 iudicem
581 2631 665 2684 victus
680 2633 872 2700 appellaverat:
891 2632 1076 2700 quaerebatur,

271 2709 360 2754 utrum
376 2699 470 2752 tertius
488 2699 603 2752 creditor
621 2699 700 2752 etiem
719 2699 870 2752 Turbonem
887 2713 1015 2768 superare
1032 2699 1076 2752 de-

264 2769 352 2830 beret,
371 2767 416 2836 qui
431 2767 544 2834 primam
562 2767 751 2832 creditricemss,
770 2783 804 2820 an
823 2783 854 2820 eo
868 2773 971 2820 remota
986 2767 1076 2820 Turbo

272 2835 377 2890 tertium
402 2833 562 2888 excluderet.
589 2835 667 2902 plane
690 2851 750 2888 cnm
773 2835 867 2888 tertius
891 2833 1006 2890 creditor
1022 2835 1077 2902 pri·

271 2919 342 2956 mum
360 2901 393 2956 de
411 2917 461 2956 sua
477 2903 591 2972 pecunia
608 2903 718 2968 dimisit,
741 2905 770 2956 in
791 2903 881 2958 locum
904 2905 960 2956 eins
978 2903 1076 2956 substi-

269 2971 354 3024 tuitur
370 2971 398 3022 iu
415 2985 446 3022 ea
464 2971 620 3038 quantitate,
637 2985 716 3040 quarn
734 2971 862 3038 superiori
878 2971 999 3024 exsolvit:
1018 2969 1077 3024 fue-

269 3043 334 3092 runt
356 3037 435 3104 igitur
459 3039 504 3106 qui
528 3037 644 3092 dicerent
668 3037 712 3092 hie
735 3053 840 3106 quoque
862 3037 968 3092 tertium
992 3037 1077 3092 credi-

269 3111 355 3160 torem
377 3105 507 3174 potiorem
531 3121 588 3160 esse
611 3105 714 3160 debere.
749 3107 813 3160 mihi
835 3121 1003 3174 nequaquam
1025 3106 1078 3160 hoe

269 3175 369 3226 iustum
387 3189 444 3228 esse
461 3175 607 3226 videbatur.
639 3189 709 3244 pone
725 3175 838 3244 primam
856 3173 1020 3228 creditrieem
1036 3173 1077 3226 iu-

271 3241 338 3296 dicio
366 3241 519 3296 convenisse
544 3241 652 3296 tertium
677 3243 833 3296 creditorem
864 3247 891 3296 et
923 3241 1078 3310 exceptione

270 3309 355 3364 aliove
373 3327 424 3378 quo
448 3309 526 3364 modo
551 3325 567 3364 1
590 3309 667 3364 tertio
690 3325 722 3364 su
743 3317 855 3364 eratam:
880 3311 1008 3378 numquid
1030 3309 1098 3366 ad»

269 3393 360 3430 versus
378 3379 543 3442 Turbonem,
567 3379 612 3446 qui
629 3393 712 3432 secun
730 3395 745 3432 o
763 3379 822 3432 loco
840 3379 1000 3442 crediderat,
1023 3385 1078 3432 ter-

269 3443 322 3498 tius
341 3445 465 3510 creditor,
483 3445 529 3514 qui
545 3447 658 3512 primam
674 3445 744 3510 vicit,
764 3445 937 3514 exceptiones
953 3445 992 3500 rei
1009 3445 1077 3498 iudi-

271 3517 348 3566 catae
371 3513 411 3566 uti
434 3513 540 3580 potest?
566 3519 614 3568 aut
632 3517 726 3568 eontra
743 3511 767 3568 si
789 3518 851 3582 post
872 3513 987 3580 primum
1010 3513 1076 3568 iudi-

271 3581 355 3644 cium,
378 3581 407 3634 in
430 3595 481 3648 quo
504 3581 591 3648 prima
614 3581 740 3638 creditrix
764 3589 891 3650 superata
908 3585 949 3634 est
966 3595 983 3634 a
999 3581 1077 3634 tertio

270 3649 415 3712 creditore,
439 3647 572 3700 secundus
591 3649 706 3702 creditor
728 3649 835 3700 tertium
852 3649 1011 3716 optinuerit,
1029 3665 1077 3716 po·

269 3715 332 3766 terit
354 3715 393 3766 uti
417 3715 572 3782 exceptione
595 3715 633 3768 rei
656 3715 789 3768 iudicatae
815 3715 942 3768 adversus
966 3717 1079 3784 primam

270 3781 454 3834 creditrieem‘l
480 3781 552 3834 nullo
570 3781 663 3848 modo,
686 3789 717 3836 ut
734 3783 835 3850 opinor.
861 3783 942 3850 igitur
958 3799 1008 3836 nec
1024 3787 1078 3836 ter·

269 3851 322 3902 tius
347 3849 462 3904 creditor
485 3851 615 3904 successit
636 3851 665 3904 iu
682 3849 738 3904 eius
755 3851 844 3904 locum
862 3865 941 3918 quem
959 3849 1079 3916 exclusit,

269 3933 319 3970 nee
342 3919 412 3970 inter
434 3919 500 3970 alios
518 3933 560 3972 res
577 3917 695 3970 iudicata
713 3919 759 3970 1111
774 3919 901 3996 prodesse
918 3923 966 3970 aut
982 3935 1080 3974 nocere

269 3985 351 4048 solet,
375 3985 423 4038 sed
444 3985 502 4038 sine
524 3985 685 4054 praeiudicio
709 3985 805 4054 prioms
829 3987 976 4040 sententiae
992 3991 1080 4040 totum

269 4053 312 4108 ius
330 4051 375 4104 alii
392 4051 516 4106 creditori
532 4055 663 4120 integrum
679 4053 845 4120 relinquitur.

308 4117 344 4176 17
362 4117 442 4172 torn
457 4121 524 4174 libro
539 4127 616 4174 sexto
631 4137 822 4190 responsorum
856 4119 927 4174 Eum
943 4121 987 4190 qui
1002 4135 1019 4174 a
1032 4121 1078 4176 de-

269 4189 420 4242 bitoresuo
438 4189 576 4256 praedium
599 4189 744 4256 obligatum
768 4189 943 4256 comparavit,
968 4195 1078 4244 eatenus

269 4255 412 4320 tuendum,
436 4261 566 4324 quatenus
584 4255 619 4308 ad
635 4255 751 4324 priorem
769 4257 925 4310 creditorem
943 4273 975 4310 ex
992 4255 1077 4326 pretio

269 4323 384 4392 pecunia
401 4325 526 4390 pervenit.

307 4387 344 4446 18
369 4389 522 4444 Sonarotn
553 4391 619 4444 libro
638 4391 731 4460 primo
752 4405 944 4460 responsorum
977 4391 1079 4444 Lucius

269 4457 356 4510 Titius
379 4459 520 4524 pecuniam
543 4465 660 4510 mutuam
683 4455 755 4510 dedit
779 4459 828 4510 sub
849 4459 937 4512 usuris
961 4459 1079 4524 acceptis

269 4525 432 4594 pignoribus,
447 4525 583 4592 eidemque
598 4525 711 4578 debitori
725 4525 845 4576 Maevius
860 4525 909 4578 sub
925 4525 1009 4580 isdem
1022 4525 1083 4594 pig-¹

269 4593 378 4646 neribus
395 4593 536 4660 pecuniam
552 4591 637 4646 dedit:
657 4607 771 4660 quaero,
790 4607 825 4642 an
842 4591 929 4646 Titius
947 4609 1001 4646 non
1018 4597 1078 4646 tan·

269 4665 327 4714 tum
344 4661 423 4712 sortis
441 4665 468 4712 11
485 4675 576 4714 earum
593 4675 735 4714 usurarum
752 4659 870 4722 nornine,
896 4675 964 4726 quae
988 4673 1079 4714 acces·

269 4731 363 4782 serunt
380 4731 521 4794 antequem
538 4727 657 4780 Maevius
676 4725 803 4790 crederet,
821 4725 868 4780 sed
886 4729 966 4780 etiam
980 4741 1079 4792 earum,

269 4809 338 4864 quae
363 4801 457 4860 postea
482 4799 651 4848 accesserunt
660 4795 693 4858 ¹⁰,
721 4795 809 4860 potior
833 4799 909 4846 esset.
943 4793 1091 4860 respoudit,

268 4861 382 4916 Lucium
400 4861 499 4914 Titium
523 4861 549 4912 in
574 4877 651 4914 omne
675 4861 746 4930 quod
768 4861 792 4914 ei
817 4859 926 4914 debetur
949 4861 1080 4930 potiorem

272 4945 338 4984 esse.
1043 4943 1044 4946 ’

306 4993 344 5052 19
362 4995 524 5050 1111111111
542 4999 635 5066 quinto
653 5011 842 5066 responsorum
876 4993 974 5048 Mulier
987 4995 1016 5048 in
1031 4995 1078 5048 do-

268 5071 323 5118 tem
332 5065 405 5116 dedit
418 5065 513 5116 marito
527 5063 664 5130 praedium
677 5063 782 5132 pignori
795 5063 942 5130 obligatum
956 5067 982 5116 et
998 5067 1080 5116 testa·

1070 349 1131 422 2611

1422 373 1467 418 DE
1490 369 1735 418 DISTRAGTIONE
1756 365 1930 416 merosum

1162 535 1201 598 20
1218 539 1819 610 anruonrrusb'broootooodisputou'onum
1844 535 1929 604 Quae-

1127 609 1244 676 rebatur,
1262 609 1284 664 si
1301 613 1362 676 post
1378 607 1491 676 primum
1508 613 1673 664 contractum
1688 613 1771 670 tuum,
1789 609 1929 728 antequam

1128 679 1206 730 aliam
1232 677 1371 746 pecuniam
1393 683 1424 730 tu
1450 677 1584 742 crederes,
1611 675 1694 730 eidem
1720 673 1832 730 debitori
1874 675 1929 730 eius

1129 745 1283 800 credidisset
1311 745 1501 812 quinquaginta
1526 751 1553 798 et
1577 745 1595 796 h
1631 745 1755 798 eruebam
1778 745 1857 796 huius
1883 745 1929 808 rei,

1128 829 1196 880 quae
1213 813 1261 866 tibi
1277 813 1380 880 pignori
1398 811 1461 866 data
1479 817 1561 876 esset,
1604 813 1688 866 ebitor
1705 811 1860 880 obligasset,
1884 811 1927 866 de·

1127 879 1190 934 hine
1211 887 1241 934 tu
1265 879 1348 934 eidem
1371 879 1484 934 debitori
1508 879 1628 934 crederes
1651 879 1720 934 torte
1743 877 1929 946 quadraginta:

1129 947 1201 1014 quod
1225 947 1284 1016 plus
1310 947 1400 1000 estin
1423 947 1506 1014 pretio
1529 947 1568 1000 rei
1590 963 1668 1014 quarn
1690 947 1774 1026 primo
1797 945 1931 1000 credidisti

1128 1021 1216 1066 utrum
1234 1013 1293 1068 Seio
1312 1015 1345 1066 ob
1355 1015 1374 1046 ¹¹
1392 1015 1583 1082 quinquaginta
1600 1029 1634 1066 an
1651 1015 1700 1066 tibi
1715 1015 1742 1068 in
1756 1013 1932 1082 quadraginta

1129 1081 1233 1134 cederet
1250 1081 1367 1150 pignoris
1390 1081 1543 1150 hyperocha
1551 1081 1580 1134 ¹².
1607 1083 1674 1148 tinge
1698 1081 1786 1134 Seium
1808 1087 1931 1150 paratum

1129 1163 1185 1202 esse
1202 1147 1297 1202 offerre
1313 1149 1362 1200 tibi
1376 1163 1504 1202 summam
1518 1149 1603 1216 primo
1619 1147 1710 1202 ordine
1725 1149 1859 1202 creditam.
1879 1147 1932 1202 dixi

1130 1231 1294 1284 consequens
1312 1231 1383 1280 esse,
1400 1219 1431 1268 ut
1448 1215 1522 1268 Seius
1540 1217 1628 1282 potior
1644 1217 1678 1268 sit
1694 1217 1723 1268 in
1739 1231 1770 1270 eo
1788 1215 1859 1284 quod
1877 1231 1931 1270 am·

1127 1283 1197 1350 plius
1215 1287 1257 1336 est
1271 1283 1301 1336 in
1315 1283 1437 1350 pignore,
1463 1287 1490 1334 et
1513 1283 1603 1336 oblate
1627 1283 1660 1336 ab
1678 1299 1709 1336 eo
1728 1297 1830 1336 summa
1846 1283 1931 1352 primo

1127 1349 1218 1404 ordine
1237 1349 1336 1402 credita
1355 1365 1545 1416 usurarumque
1564 1351 1620 1402 eius
1638 1355 1815 1418 postponatur
1850 1351 1932 1402 rimus

1129 1417 1242 1534 ereqiqqq
1265 1417 1294 1468 in
1319 1433 1461 1484 summam,
1487 1431 1566 1486 quam
1591 1423 1685 1484 postea
1712 1417 1794 1470 eidem
1838 1417 1932 1472 ebitori

1129 1499 1199 1536 crer
1241 1525 1247 1536 .

1162 1547 1199 1606 21
1226 1549 1377 1606 sermoni
1400 1551 1467 1606 libro
1490 1553 1611 1606 vicesimo
1634 1553 1745 1622 septimo
1770 1551 1932 1630 dipestorum

1118 1617 1214 1672 'Titius
1232 1617 1308 1672 Seiae
1325 1619 1359 1672 oh
1378 1633 1521 1684 summam,
1546 1633 1599 1686 qua
1616 1633 1649 1672 en
1666 1619 1751 1672 tutela
1768 1633 1792 1672 11
1809 1621 1932 1672 condem-

1128 1691 1206 1738 natus
1232 1691 1304 1750 eret,
1326 1687 1451 1754 obligavit
1475 1687 1577 1754 pignori
1600 1687 1687 1738 omnia
1712 1687 1783 1738 hona
1799 1701 1934 1756 suaquae

1127 1753 1244 1806 hahebat
1258 1767 1376 1822 quaeque
1392 1753 1533 1806 habiturus
1552 1759 1634 1806 esset:
1652 1759 1746 1820 postea
1763 1759 1899 1806 mutuatus
1918 1771 1934 1808 a

1127 1819 1193 1874 fisco
1216 1821 1356 1888 pecuniam
1378 1821 1483 1888 pignori
1506 1819 1530 1874 ei
1547 1837 1590 1874 res
1607 1837 1669 1876 suas
1687 1837 1779 1874 omnes
1795 1821 1932 1888 obligavit:

1128 1895 1154 1942 et
1172 1889 1260 1942 intulit
1277 1887 1353 1942 Seiae
1377 1895 1481 1956 partem
1504 1889 1587 1942 debiti
1609 1895 1634 1942 et
1656 1889 1784 1956 reliquam
1806 1903 1935 1942 summam

1128 1957 1269 2010 novatione
1286 1955 1359 2008 faeta
1383 1957 1467 2008 eidem
1490 1957 1623 2024 promisit,
1646 1957 1674 2008 in
1698 1973 1752 2026 qua
1775 1957 1935 2024 obligatione

1127 2023 1245 2076 similiter
1270 2029 1301 2076 ut
1327 2039 1409 2092 supra
1434 2023 1467 2076 de
1489 2023 1598 2092 pignore
1621 2023 1751 2078 convenit.
1803 2023 1935 2078 uaesitum

1128 2095 1183 2156 est,
1208 2107 1243 2144 an
1261 2089 1322 2144 Seia
1343 2091 1518 2158 praeferenda
1541 2091 1576 2144 sit
1597 2091 1662 2144 fisco
1685 2097 1712 2144 et
1733 2091 1785 2142 in‘
1808 2091 1829 2144 's
1846 2091 1935 2156 rebus,

1128 2173 1194 2228 quas
1212 2159 1299 2212 Titius
1316 2163 1434 2224 tempore
1451 2157 1547 2226 prioris
1565 2157 1731 2226 obligationis
1748 2159 1855 2222 habuit,
1873 2157 1936 2212 item

1127 2227 1155 2280 in
1172 2227 1214 2280 his
1232 2227 1326 2290 rebus,
1346 2239 1413 2294 quas
1430 2231 1492 2294 post
1501 2227 1622 2346 qrriorem
1639 2225 1825 2294 obligationem
1843 2225 1935 2294 adqui-

1128 2295 1186 2360 siit,
1214 2293 1299 2348 donec
1322 2293 1475 2348 universum
1520 2293 1618 2348 ebitum
1644 2309 1720 2346 suum
1746 2299 1932 2362 consequatur.

1127 2361 1265 2430 respondit
1289 2361 1355 2416 nihil
1378 2357 1505 2430 proponi,
1538 2377 1596 2416 cur¹
1617 2377 1671 2416 non
1695 2361 1731 2414 sit
1754 2359 1935 2428 praeferenda.

1130 2437 1141 2482 1
1178 2431 1343 2500 Negotiatori
1359 2445 1519 2482 marmorum
1538 2429 1683 2482 ereditur¹³
1702 2429 1751 2482 sub
1769 2429 1878 2496 pignore
1895 2431 1933 2482 la-

1128 2497 1234 2566 pidum,
1258 2513 1370 2566 quorum
1394 2499 1480 2566 pretia
1501 2497 1650 2552 venditores
1670 2511 1700 2550 ex
1718 2497 1832 2566 pecunia
1849 2497 1933 2550 credi·

1128 2565 1192 2620 toris
1210 2571 1382 2632 acceperant:
1405 2565 1475 2618 idem
1498 2565 1602 2620 debitor
1619 2563 1765 2618 conductor
1781 2565 1936 2620 horreorum

1129 2631 1251 2686 Caesaris
1267 2633 1326 2698 tuit,
1345 2633 1379 2686 ob
1394 2649 1506 2700 quorum
1522 2635 1662 2702 pensiones
1677 2633 1779 2700 aliquot
1792 2633 1868 2686 annis
1883 2649 1938 2686 nou

1128 2701 1230 2754 solutas
1253 2707 1412 2770 procurator
1435 2701 1568 2754 exactioni
1585 2717 1649 2770 prae
1668 2701 1752 2754 ositos
1770 2699 1804 2754 ad
1820 2699 1938 2768 lapidum

1127 2767 1304 2822 venditionem
1322 2767 1440 2822 oiilcium
1463 2785 1540 2822 suum
1565 2719 1694 2822 extentiit:
1719 2769 1867 2836 quaesitum
1890 2773 1938 2834 est,

1128 2851 1164 2890 an
1179 2837 1237 2890 iure
1254 2835 1371 2906 pignoris
1389 2851 1434 2890 eos
1452 2835 1567 2890 creditor
1581 2837 1694 2890 retinere
1708 2837 1801 2906 possit.
1828 2851 1938 2904 respon·

1129 2905 1167 2956 dit
1184 2905 1330 2958 seeundum
1348 2919 1380 2956 ea
1397 2919 1465 2972 quae
1482 2911 1693 2974 proponerentur
1703 2905 1723 2938 ¹⁴
1740 2919 1828 2972 posse.

1500 3043 1562 3102 Vh

1171 3143 1216 3190 ns
1235 3141 1483 3194 msrnncmoun
1501 3141 1681 3192 1111111111
1698 3141 1896 3192 111111110-

1415 3255 1416 3258 ,
1433 3211 1629 3262 subernun,

1166 3307 1181 3368 1
1207 3307 1626 3364 Ρ11111111111111111111111
1652 3315 1730 3364 sento
1754 3311 1939 3380 quaestionum

1130 3379 1251 3432 Creditur
1273 3379 1319 3446 qui
1340 3379 1450 3448 praedia
1472 3377 1576 3446 pignori
1599 3379 1703 3446 accepit
1727 3385 1753 3430 et
1775 3383 1837 3446 post
1859 3379 1940 3432 alium

1130 3445 1293 3510 creditorem,
1313 3445 1359 3514 qui
1374 3445 1515 3514 pignorum
1534 3445 1734 3500 conventionem
1751 3445 1786 3498 ad
1802 3445 1875 3498 bona
1892 3445 1937 3498 de-

1129 3513 1222 3568 bitoris
1241 3513 1368 3578 contulit,
1385 3513 1443 3580 ipse
1461 3529 1566 3582 quoque
1584 3513 1667 3566 simile
1683 3517 1793 3582 pactum
1810 3511 1941 3568 bonorum

1130 3583 1164 3634 ob
1184 3581 1265 3634 alium
1288 3587 1335 3634 aut
1358 3581 1470 3634 eundem
1493 3587 1660 3636 contractum
1681 3579 1855 3650 interposuit,
1879 3587 1941 3634 ante

1130 3649 1275 3702 secundum
1290 3649 1447 3702 creditorem
1463 3649 1599 3702 dimissum
1612 3649 1683 3702 nullo
1700 3649 1758 3702 inre
1774 3649 1941 3702 ceterabona

1130 3717 1205 3770 titulo
1230 3715 1347 3784 pignoris
1370 3715 1494 3770 uendidit.
1522 3715 1569 3768 sed
1593 3717 1626 3770 ob
1652 3733 1710 3772 eam
1732 3733 1788 3768 rem
1804 3715 1833 3768 in
1849 3731 1940 3784 perse-

1130 3799 1191 3836 nam
1209 3785 1278 3836 aetio
1298 3787 1392 3838 eontra
1410 3799 1469 3836 eum
1487 3783 1625 3848 creditori,
1643 3785 1688 3852 qui
1704 3783 1815 3852 pignora
1834 3799 1883 3838 sua
1900 3799 1941 3838 re-

1130 3851 1224 3918 quirit,
1250 3865 1303 3904 non
1322 3851 1449 3920 competit
1466 3867 1515 3904 nec
1535 3849 1605 3904 utilis
1623 3851 1712 3906 danda
1729 3855 1781 3904 est:
1805 3867 1855 3904 nee
1877 3851 1942 3904 furti

1129 3935 1217 3972 rerum
1233 3919 1369 3972 mobilium
1385 3919 1473 3988 gretia
1488 3925 1560 3974 recte
1586 3919 1770 3984 convenietur,
1794 3919 1856 3988 quia
1879 3937 1940 3988 pro-

1129 3985 1214 4054 priam
1231 4001 1340 4040 causam
1358 3983 1458 4040 ordinis
1478 4003 1566 4042 errore
1584 3987 1679 4040 ductus
1696 3993 1853 4054 persecutus
1868 3985 1939 4040 vide·

1129 4059 1187 4118 tur,
1210 4055 1366 4122 praesertim
1389 4069 1450 4108 eum
1475 4053 1543 4108 alter
1566 4055 1681 4108 creditor
1703 4053 1776 4108 furto
1794 4055 1940 4122 possessio-

1130 4137 1206 4186 nem,
1224 4137 1293 4188 quae
1311 4137 1365 4174 non
1381 4121 1433 4174 fuit
1447 4123 1519 4190 apud
1535 4137 1607 4186 eum,
1625 4137 1679 4174 non
1697 4123 1822 4174 amiserit.
1848 4121 1883 4176 ad
1897 4137 1941 4174 ex·

1129 4189 1273 4242 hibendum
1292 4203 1397 4258 quoque
1414 4189 1515 4242 trustra
1531 4189 1604 4244 litem
1622 4189 1748 4258 excipiet,
1773 4189 1835 4258 quia
1856 4201 1942 4258 neque

1130 4256 1249 4324 possidet
1265 4273 1351 4324 neque
1369 4255 1430 4312 dolo
1447 4255 1519 4320 iecit,
1529 4263 1569 4310 ‘ut
1585 4257 1716 4310 desineret
1731 4257 1875 4324 possidere.
1901 4273 1941 4310 se·

1130 4325 1234 4444 guitur(
1259 4329 1290 4378 ut
1307 4325 1440 4378 secundus
1458 4325 1574 4378 creditor
1591 4339 1758 4392 possessores
1776 4325 1943 4392 interpellare

1149 4407 1235 4444 111.

1164 4453 1184 4514 2
1202 4457 1680 4528 111111111111111111111111101111
1715 4459 1869 4512 Fideiussor
1879 4475 1942 4512 cou-

1130 4531 1224 4578 ventus
1233 4525 1322 4578 officio
1331 4525 1426 4578 indicis
1442 4525 1586 4578 adsecutus
1602 4529 1696 4588 111111
1712 4525 1851 4594 emptionis
1865 4525 1941 4578 titulo

1130 4591 1268 4660 praedium
1286 4591 1412 4646 creditori
1433 4591 1539 4660 pignori
1563 4591 1654 4646 datum
1677 4591 1837 4660 susciperet:
1860 4591 1941 4644 nihilo

1130 4659 1217 4712 minus
1235 4659 1312 4712 alteri
1329 4659 1462 4724 creditori,
1481 4659 1527 4726 qui
1544 4665 1638 4726 postea
1655 4659 1705 4714 sub
1724 4659 1816 4714 eodem
1833 4659 1941 4728 pignore

1132 4727 1278 4790 contraxit,
1302 4725 1452 4780 offerendae
1475 4727 1620 4794 pecuniae,
1643 4741 1723 4794 quam
1739 4727 1881 4780 fideiussor
1898 4727 1942 4780 de-

1130 4793 1230 4860 pendit,
1250 4809 1310 4846 enm
1328 4793 1419 4848 usuris
1436 4793 1515 4846 medii
1532 4793 1659 4862 temporis
1672 4793 1788 4848 facultas
1802 4793 1864 4846 erit:
1883 4807 1943 4846 nam

1130 4861 1282 4914 huiusmodi
1308 4861 1425 4916 venditio
1450 4859 1629 4914 transferendi
1651 4861 1768 4930 pignoris
1793 4875 1875 4914 causa
1898 4875 1943 4912 ne·

1132 4929 1257 4982 cessitate
1273 4927 1338 4982 iuris
1356 4927 1415 4982 fieri
1431 4927 1506 4982 solet.

1166 4993 1184 5052 3
1203 4995 1672 5064 1111111111111111111111111111
1708 4995 1775 5048 (lum
1796 4995 1869 5062 prior
1888 5011 1943 5048 cre-

1133 5063 1203 5116 ditor
1219 5063 1315 5132 pignus
1331 5063 1389 5116 iure
1407 5063 1589 5116 conventionis
1607 5061 1732 5126 vendidit,
1751 5061 1868 5116 seeundo
1887 5077 1942 5116 cre·

269 5137 358 5184 mento
375 5133 500 5184 maritum
518 5137 544 5182 et
560 5131 657 5182 liberos
675 5145 709 5184 ex
726 5145 757 5184 eo
775 5137 867 5194 natos,
890 5131 954 5182 item
977 5143 1010 5182 ex
1027 5131 1079 5182 alio
1132 5131 1211 5182 ditari
1224 5145 1278 5182 non
1293 5145 1433 5198 superesse
1447 5131 1488 5182 ius
1503 5127 1656 5182 offerendae
1669 5129 1799 5196 pecuniae
1814 5131 1942 5182 convenit.

269 5197 379 5250 heredes
396 5197 524 5252 instituit:
548 5197 663 5250 creditor
686 5215 746 5252 cum
767 5203 858 5266 posset
881 5197 991 5248 heredes
1016 5213 1080 5250 eon·
1133 5203 1141 5248 1
1182 5197 1211 5250 Si
1227 5203 1318 5248 tamen
1335 5197 1440 5250 debitor
1457 5213 1511 5250 non
1527 5197 1719 5248 interveniente
1738 5197 1869 5250 creditore
1886 5197 1942 5314 piq·

269 5265 358 5318 venire
374 5265 498 5328 idoneos,
523 5263 557 5318 ad
574 5263 686 5318 fundum
703 5265 786 5318 venit:
805 5279 918 5332 quaero,
944 5279 993 5328 an,
1017 5265 1080 5318 sisi
1131 5279 1180 5316 nos
1203 5263 1349 5316 vendiderit
1373 5263 1482 5330 eiusque
1505 5263 1621 5332 pretium
1643 5263 1727 5330 priori
1749 5263 1874 5316 creditori
1892 5279 1942 5318 so·

269 5329 356 5384 iustus
372 5347 511 5400 possessor
529 5331 631 5398 offeret,
651 5333 846 5400 compellendus
861 5331 897 5384 sit
911 5331 952 5384 ius
967 5331 1079 5386 nominis
1130 5331 1204 5396 verit,
1223 5331 1335 5398 emptori
1352 5329 1451 5398 poterit
1469 5329 1557 5384 offerri
1575 5329 1646 5410 quod
1661 5331 1725 5382 ad¹⁷
1738 5329 1819 5384 alium
1831 5329 1942 5384 credito-

271 5399 372 5452 cedere.
399 5401 524 5468 respondi
536 5415 615 5468 posse
628 5401 711 5454 videri
724 5417 779 5454 non
790 5401 919 5454 iniustum
933 5401 1077 5468 postulare.
1130 5415 1186 5452 rem
1209 5399 1242 5452 de
1263 5401 1377 5452 nummis
1401 5399 1458 5452 eius
1481 5405 1602 5466 pervenit
1619 5403 1645 5452 et
1662 5413 1760 5452 usurae
1777 5399 1857 5452 medii
1874 5403 1939 5452 tem·

275 5575 305 5634 (1)
323 5569 564 5620 1111111111111111111*2
624 5571 657 5632 (1)
676 5587 773 5634 quoque
782 5569 822 5620 Ι12
883 5571 915 5634 (3)
934 5571 1085 5634 sequeturF
1133 5571 1175 5630 (11)
1194 5569 1310 5632 pignoris
1319 5567 1461 5634 hyperocha
1472 5567 1515 5618 del.
1571 5569 1614 5630 (13)
1632 5567 1778 5620 creditorF
1825 5569 1868 5632 (14)
1886 5585 1941 5632 pro-

272 5641 306 5704 (4)
325 5635 457 5702 11011111Ἰ
533 5641 564 5698 (5)
584 5637 712 5688 111111Ρ2
797 5643 830 5696 (6)
848 5653 900 5688 non
911 5639 954 5690 t'us.
967 5639 1081 5690 Ceionius
1133 5637 1293 5700 ponenturF

273 5705 540 5770 tttprovocarueratF
588 5705 861 5770 (8)1111111111111”11.11’2
914 5707 1081 5768 tetexoeptio-
1167 5707 1209 5764 (11)
1229 5701 1938 5770 8111.1.1;Ε11.6.8)Ραρ.1...4.9...13;Αρρ.11.-Βα1

272 5775 364 5826 nemF
425 5773 469 5834 (to)
487 5775 736 5836 posteacessernntF
801 5773 1081 5840 (11)111111111,1111η
1134 5773 1443 5838 1114111111
1512 5775 1559 5832 (111
1577 5767 1711 5820 velindF
1773 5773 1815 5834 (tt)
1835 5767 1943 5822 attor
