4366 6258
268 377 366 442 hit.
389 379 426 442 15
1074 365 1139 440 856
1268 337 1315 476 γ’
1358 333 1941 462 nurnoxnunurols.unonus1uus

269 559 358 614 locato
377 555 579 618 conductoerit
595 555 674 610 actio.
709 555 790 624 plane
812 553 913 610 sidolo
931 561 959 610 et
977 555 1079 610 callidi·
1166 551 1286 610 dinan
1304 553 1380 620 labro
1396 553 1474 608 tertio
1496 553 1531 608 do
1551 553 1674 610 ecardus
1707 551 1807 608 Forma
1825 549 1944 618 censuali

268 633 324 680 tate
341 625 498 678 creditorem
516 623 731 688 circumvenerit,
752 623 786 678 de
803 623 864 680 dolo
882 623 989 678 achone
1006 627 1080 676 tene-
1133 627 1256 686 cavetur,
1280 621 1389 688 ntegri
1412 621 1450 676 sic
1473 621 1502 676 in
1526 635 1634 676 censum
1653 619 1813 676 referantur.
1848 635 1945 674 nomen

268 693 349 748 bitur.
819 711 821 714 ·
1131 689 1208 744 fundi
1226 687 1369 758 cuiusque:
1394 693 1422 744 et
1442 691 1470 744 in
1493 703 1547 772 qua
1570 689 1676 766 civitate
1700 693 1727 742 et
1748 689 1777 742 in
1799 703 1852 758 qno
1875 703 1944 758 pago

302 757 421 818 3Ionn
437 759 505 814 libro
524 763 618 814 octooo
637 757 669 812 cla
686 759 809 814 omnihus
826 759 1006 816 tribunalibus
1038 757 1101 818 De,
1132 757 1181 814 sit:
1211 763 1239 812 et
1261 773 1328 826 quos
1355 757 1423 812 duos
1453 757 1554 812 ricinos
1582 773 1717 826 proxumos
1744 757 1852 812 habeat.
1888 757 1946 810 et¹³

226 877 227 880 ,
267 829 447 898 proxenetae,
466 827 538 896 quod
555 831 584 880 et
600 825 744 892 sordidum,
763 829 849 884 solent
866 827 1005 896 praesides
1018 841 1080 894 cog·
1132 841 1233 892 arrum,
1253 825 1324 892 quod
1341 825 1399 880 in¹⁴
1417 825 1509 880 decem
1524 841 1609 880 annos
1626 825 1761 894 proximos
1780 831 1868 880 satum
1879 825 1944 892 ¹erit,

269 911 393 950 noscere:
416 895 576 958 notamen,
597 899 628 946 ut
645 901 672 948 et
687 895 716 948 in
732 895 776 950 his
792 895 889 950 modus
907 909 966 950 esse
983 895 1080 948 debeat
1133 899 1198 962 quot
1213 895 1335 962 iugerum
1353 893 1402 946 sit:
1424 893 1502 948 vinea
1511 895 1533 928 ¹⁵
1555 899 1620 962 quot
1641 895 1708 946 vites
1724 893 1836 948 habeat:
1860 895 1945 946 olivae

269 969 297 1016 et
319 961 475 1030 quantitatis
500 967 528 1014 et
548 961 649 1030 negotii
658 965 674 1026 ²,
698 963 726 1016 in
750 979 803 1032 quo
825 963 937 1030 operula
956 961 1011 1016 ista
1033 961 1079 1016 de·
1133 965 1198 1030 quot
1214 961 1335 1028 iugerum
1346 961 1366 994 ¹⁶
1388 967 1416 1014 et
1433 967 1498 1028 quot
1516 961 1626 1016 arbores
1643 961 1805 1022 habeant¹⁷2
1828 967 1946 1030 pratum,

268 1031 435 1084 sanctisunt
453 1035 480 1082 et
496 1027 672 1084 ministerium
690 1029 846 1100 qualequale
861 1027 1079 1084 accommodare-
1100 1037 1101 1040 ’
1132 1027 1204 1096 quod
1220 1029 1292 1082 intra
1310 1027 1402 1084 decem
1419 1045 1503 1082 annos
1521 1029 1656 1098 proximos
1674 1033 1777 1084 sectum
1793 1029 1857 1094 erit,
1880 1035 1944 1098 quot

264 1101 341 1172 'runt
373 1097 498 1150 facilins²
522 1097 594 1164 quod
614 1097 711 1152 Graeci
728 1095 917 1168 ἑρμηνευτικὸν
934 1097 1079 1178 appellant,
1131 1097 1265 1164 iugerum:
1288 1111 1392 1164 pascua
1409 1101 1475 1164 quot
1491 1095 1612 1164 iugerum
1630 1111 1688 1150 esse
1704 1095 1858 1150 rideantur:
1880 1097 1944 1150 item

268 1163 324 1234 peti
341 1165 414 1244 apud
430 1179 476 1218 eos
493 1165 606 1234 poterit,
630 1165 654 1222 si
676 1165 735 1234 quis
757 1163 828 1220 forte
851 1165 1016 1220 condicmnis
1038 1165 1080 1220 vel
1132 1165 1213 1218 silvae
1247 1163 1373 1218 caeduae.
1414 1163 1503 1218 omnia
1533 1163 1592 1233 ipse
1622 1165 1667 1234 qui
1697 1165 1783 1218 defert
1814 1165 1943 1218 aestimet,

269 1231 401 1288 amicitiae
422 1233 464 1286 rel
485 1231 644 1288 adsessurae
666 1234 708 1288 rel
731 1233 807 1288 citius
827 1233 937 1288 alterius
954 1233 1079 1288 huiusce·
1136 1237 1144 1284 1
1182 1231 1260 1286 iilam
1287 1231 1449 1300 aequitatem
1476 1231 1556 1286 debet
1582 1231 1723 1288 admittere
1751 1231 1882 1298 censitor,
1914 1237 1945 1286 ut

268 1299 341 1354 modi
357 1305 503 1368 proxeneta
520 1299 586 1354 fuit:
608 1307 671 1356 sunt
688 1301 759 1354 enim
775 1301 926 1354 huiusmodi
942 1301 1080 1356 hominum
1132 1297 1222 1354 officio
1245 1299 1302 1354 eius
1326 1303 1457 1366 congruat
1479 1301 1592 1354 relevari
1615 1315 1688 1368 eum,
1713 1301 1808 1368 quiin
1829 1299 1944 1370 publicis

268 1371 309 1432 (ut
325 1369 353 1420 in
371 1369 444 1420 tam8
459 1383 486 1420 m
521 1369 691 1436 nativitate)
710 1369 840 1422 officinae.
872 1375 912 1422 est
929 1369 1000 1422 enim
1011 1385 1079 1448 pro·
1132 1367 1230 1420 tabulis
1248 1367 1369 1422 delato¹³
1386 1367 1465 1420 modo
1483 1365 1537 1420 frui
1556 1369 1635 1422 certis
1652 1383 1687 1422 ex
1704 1367 1793 1422 causis
1810 1383 1864 1422 non
1876 1383 1944 1450 pos-

268 1441 424 1490 xenetarum
453 1451 496 1490 mo
517 1453 561 1502 us,
595 1435 641 1504 qui
667 1435 845 1516 emptionibus
871 1435 1078 1502 ,venditiombus
1131 1435 1204 1490 sit¹⁹.
1244 1449 1329 1504 quare
1358 1441 1386 1488 et
1415 1435 1438 1490 si
1466 1435 1524 1502 agri
1550 1435 1638 1554 qanto
1664 1435 1800 1490 chasmate
1827 1435 1944 1504 perierit,

269 1503 446 1570 commerciis,
471 1505 654 1558 coamantibus
677 1503 764 1562 lintis
776 1503 855 1558 utiles
873 1519 927 1558 non
944 1503 1013 1558 adeo
1029 1503 1079 1558 im·
1131 1501 1239 1558 debebit
1264 1519 1313 1572 per
1342 1501 1500 1558 censitorem
1528 1503 1648 1558 reeaari.
1683 1505 1707 1558 si
1730 1503 1797 1558 uites
1823 1507 1945 1558 mortuae

267 1571 401 1640 probabili
417 1585 490 1628 more
508 1589 537 1628 sa
554 1573 708 1628 camoenae
1131 1571 1185 1650 sint
1205 1571 1251 1650 'rel
1276 1571 1387 1652 arbores
1413 1571 1545 1692 agustini,
1572 1571 1779 1694 ianiqznmbeum
1805 1587 1944 1692 nrulmertrrm

475 1663 476 1666 ¹
1130 1653 1344 1692 inserinuntur:
1391 1654 1425 1692 uo
1472 1655 1495 1692 ιι
1521 1653 1581 1692 exer
1601 1655 1638 1692 err
1672 1655 1703 1692 ar
1722 1653 1781 1692 ores
1884 1655 1921 1692 re

671 1761 672 1764 ,
1131 1705 1212 1760 nihilo
1239 1705 1327 1760 minus
1355 1655 1416 1760 eim
1442 1721 1581 1760 numerum
1603 1705 1724 1774 profiteri
1745 1655 1884 1772 iub'eiiar,v
1898 1657 1945 1774 qil

581 1829 582 1832 ,
635 1775 717 1838 XV⁵.
1130 1773 1182 1828 luit
1199 1789 1296 1844 census
1314 1779 1448 1854 tempore,
1466 1775 1518 1828 nisi
1535 1789 1645 1852 causam
1661 1773 1802 1854 excidendi
1820 1773 1945 1856 censitori

552 1879 600 1928 DE
618 1875 790 1950 fflifflis·
889 1855 890 1858 ‘
1073 1859 1075 1862 ’
1130 1843 1443 1966 inutilitati
1454 1857 1751 1964 liiidiailmd
1762 1843 1945 1978 titillo

304 1973 319 2032 1
345 1975 491 2030 Uestinos
514 1975 582 2032 libro
600 1975 693 2056 pomo
716 1975 751 2054 dc
773 1975 897 2054 censibus
937 1973 1101 2054 Sciendum,
1132 1977 1189 2056 agri
1206 1949 1275 2056 inim
1292 1927 1497 2056 tributum-iti)²¹
1523 1993 1582 2056 eam
1599 1951 1731 2032 cirita'tem
1744 1927 1830 2032 tiubet
1845 1951 1944 2042 lerata

269 2049 309 2122 est
327 2057 384 2110 esse
404 2043 531 2110 quasdam
548 2043 667 2122 colonias
685 2059 751 2096 runs
764 2041 868 2122 ¹Itaher,
887 2045 917 2096 ut
932 2047 973 2122 est
987 2057 1016 2096 ιιι
1031 2041 1078 2164 8)-
1132 2049 1146 2096 3
1181 2059 1209 2098 m
1227 2059 1304 2098 curus
1321 2049 1455 2098 territano
1473 2043 1632 2112 poss1detur.
1659 2043 1826 2112 Quamquam
1842 2045 1872 2098 in
1886 2045 1944 2114 qui·

268 2127 308 2166 rra
326 2111 459 2164 Phoenice
476 2111 690 2182 splendidissima
707 2111 847 2180 Tyriorum
866 2111 986 2176 colonia,
1009 2125 1047 2164 un
1065 2125 1080 2164 e
1100 2141 1101 2150 ι
1130 2111 1244 2166 busdam
1267 2113 1399 2166 beneficia
1420 2113 1580 2182 personis²²
1600 2113 1663 2166 data
1685 2113 1860 2166 immunitatis
1884 2129 1945 2170 oum

269 2179 333 2232 mihi
350 2179 422 2248 origo
440 2185 495 2248 est,
519 2179 615 2234 nobilis
632 2179 798 2248 regionibus,
823 2179 891 2234 serie
911 2177 1080 2234 saeculorum
1130 2197 1246 2250 persona
1268 2179 1472 2258 extinguantur,
1500 2187 1591 2234 tamen
1614 2197 1675 2234 cum
1697 2179 1856 2256 generaliter
1877 2181 1944 2234 loeis

269 2247 465 2316 antiquissima,
483 2247 660 2316 armipotens,
678 2247 793 2302 foederis
812 2247 884 2314 quod
902 2255 962 2302 cum
980 2247 1078 2302 Roma·
1131 2255 1257 2304 autenm
1276 2249 1427 2304 civitatibus
1445 2249 1598 2302 immunitas
1605 2249 1628 2280 ²³
1645 2249 1683 2302 sic
1702 2249 1765 2302 data
1780 2247 1893 2312 ridetur,
1913 2253 1945 2302 ut

268 2317 309 2368 nis
331 2317 464 2384 percussit
484 2317 667 2370 tenacissima:
692 2317 756 2368 huic
778 2317 848 2368 enim
872 2317 947 2368 dirus
965 2315 1079 2368 Seuerus
1131 2323 1148 2370 4
1184 2317 1219 2370 ad
1235 2323 1359 2386 posteros
1377 2317 1584 2370 transmittatur.
1621 2317 1662 2382 Si,
1688 2333 1748 2370 cum
1765 2331 1814 2384 ego
1832 2315 1945 2370 fundum

269 2391 296 2436 et
321 2385 464 2452 imperator
486 2389 579 2438 noster
601 2385 636 2438 ob
660 2383 790 2452 egregiam
815 2383 920 2436 iurem
943 2383 1079 2450 publicam
1130 2385 1308 2452 possiderem,
1331 2385 1469 2452 professus
1491 2385 1554 2450 sim,
1578 2383 1677 2454 petitor
1699 2391 1788 2438 antem
1811 2383 1867 2440 eius
1890 2401 1944 2438 non

268 2451 459 2518 imperiumque
476 2451 627 2506 Romanum
648 2451 778 2518 insignem
799 2449 879 2504 fidem
894 2451 938 2504 ius
955 2449 1079 2504 Italicum
1131 2457 1146 2504 5
1182 2453 1263 2506 luerit
1280 2455 1431 2520 professus,
1451 2453 1584 2506 actionem
1601 2451 1638 2506 illi
1656 2467 1764 2506 manere
1780 2451 1878 2520 placet.
1913 2453 1944 2506 In

272 2517 285 2574 1
324 2519 409 2572 dedit:
434 2519 487 2572 Sed
509 2523 536 2572 et
552 2517 707 2590 Berytensis
729 2519 833 2572 colonia
855 2519 884 2572 in
905 2517 999 2572 eadem
1015 2533 1077 2584 pro·
1131 2521 1213 2572 servis
1241 2519 1391 2576 deferendis
1415 2519 1611 2574 observandum
1635 2527 1690 2584 est,
1718 2525 1750 2572 ut
1772 2525 1800 2572 et
1821 2521 1944 2572 nationes

268 2587 354 2638 vincia
368 2587 483 2652 Augusti
496 2585 631 2638 beneficiis
645 2587 764 2652 gratim
779 2593 806 2640 et
819 2589 863 2652 (ut
875 2585 951 2640 dirus
963 2585 1078 2638 Hadria-
1131 2603 1223 2640 eorum
1240 2593 1267 2638 et
1285 2593 1388 2640 aetates
1407 2593 1433 2640 et
1451 2587 1541 2640 officia
1559 2593 1587 2642 et
1603 2587 1715 2640 artificia
1731 2587 1884 2656 specialiter
1898 2587 1943 2640 de·

268 2669 318 2708 nus
344 2653 372 2708 in
400 2653 514 2722 quadam
540 2653 660 2708 oratione
689 2653 735 2722 ait)
758 2655 934 2722 Augustaua⁶
964 2653 1077 2718 colonia,
1131 2659 1146 2708 6
1181 2653 1310 2708 ferantur.
1346 2653 1437 2710 Lacus
1451 2671 1563 2776 guoque
1580 2655 1740 2722 piscatorios
1760 2659 1899 2726 etportus
1916 2655 1944 2708 in

269 2727 284 2774 2
320 2737 387 2788 quae
408 2721 451 2776 ius
472 2721 596 2776 Italicum
617 2721 707 2776 hahet.
749 2723 799 2776 Est
822 2727 849 2776 et
869 2721 1077 2788 Heliupolitana,
1131 2727 1145 2776 ι
1184 2737 1293 2776 censum
1309 2721 1432 2776 dominus
1470 2725 1530 2776 ebat
1551 2721 1663 2776 deferre.
1700 2721 1807 2776 Salinae
1829 2723 1854 2776 si
1877 2737 1945 2790 quae

269 2803 338 2858 quae
354 2805 372 2842 a
389 2789 448 2842 divo
467 2789 563 2844 Seuero
584 2803 634 2860 per
653 2789 717 2844 belli
737 2791 821 2844 civilis
839 2789 1006 2844 occasionem
1022 2789 1078 2842 lta·
1130 2791 1244 2844 suntin
1266 2789 1422 2860 praecluso,
1454 2795 1480 2844 et
1506 2791 1582 2858 ipsae
1602 2791 1631 2842 in
1653 2805 1762 2844 censum
1784 2789 1944 2844 deferendae

269 2863 284 2912 3
318 2857 386 2912 linae
404 2857 525 2912 coloniae
542 2871 598 2910 rem
613 2855 749 2926 publicam
764 2857 876 2926 accepit.
902 2857 954 2912 Est
967 2863 995 2912 et
1007 2857 1078 2912 Lao·
1131 2863 1146 2912 8
1181 2863 1252 2914 sunt.
1289 2859 1317 2912 Si
1340 2859 1400 2926 quis
1416 2857 1575 2926 inquilinum
1591 2857 1634 2914 uel
1650 2859 1774 2912 colonum
1791 2875 1846 2912 uon
1863 2857 1944 2912 fuerit

269 2925 363 2980 dicem
382 2925 486 2980 colonia
502 2925 531 2980 in
548 2925 729 2996 syriacoele,
749 2925 793 2980 cui
811 2927 887 2980 dirus
905 2925 1019 2980 Severus
1036 2925 1078 2980 ius
1131 2929 1146 2980 9
1181 2925 1328 2994 professus,
1342 2927 1454 2980 uinculis
1468 2925 1638 2980 censualibus
1652 2929 1767 2982 tenetur.
1795 2923 1871 2992 (luae
1883 2931 1945 2996 post

268 2995 392 3048 italicum
421 2995 455 3046 ob
482 2993 547 3048 belli
576 2995 657 3046 civilis
684 2993 779 3048 menta
806 2993 946 3048 concessit.
988 2993 1077 3048 Ptole·
1131 3009 1241 3048 censum
1258 2995 1389 3048 θιιιιιιιιι25
1406 2999 1472 3048 nata·
1487 2999 1536 3048 eut
1549 2999 1645 3064 postea
1658 2995 1779 3062 quaesita
1792 2995 1855 3058 sint,
1873 2993 1944 3048 intra

269 3063 447 3116 ιιιιιθιιιειιιιιι7
471 3061 540 3116 enim
565 3061 683 3124 colonia,
707 3079 777 3130 quae
794 3061 865 3116 inter
881 3061 1034 3116 Phoenicen
1052 3067 1079 3116 et
1130 3061 1210 3116 finem
1229 3063 1316 3132 operis
1336 3061 1512 3118 consummati
1528 3059 1740 3130 professionibus
1762 3061 1942 3130 emporium.

269 3129 448 3184 Palaestinam
470 3131 522 3184 sita
542 3135 597 3196 est,
624 3129 690 3184 nihii
710 3135 818 3198 praeter
837 3145 936 3198 nomen
958 3129 1079 3184 coloniae
1133 3135 1164 3184 m
1199 3131 1228 3184 Si
1242 3131 1302 3200 quis
1316 3131 1420 3184 reniam
1434 3129 1548 3200 petierit,
1567 3135 1598 3184 ut
1613 3145 1722 3184 censum
1738 3129 1788 3184 sihi
1803 3129 1944 3188 amandare

269 3205 285 3250 4
319 3197 408 3252 habet.
448 3197 501 3254 Sed
525 3203 552 3250 et
573 3199 714 3252 Emisenae
739 3199 838 3252 civitati
859 3197 1008 3254 Phoenices
1029 3199 1078 3252 im·
1130 3199 1314 3268 permittatur,
1339 3199 1433 3252 deinde
1454 3205 1518 3268 post
1533 3199 1586 3252 hoe
1602 3197 1773 3266 impetratum
1791 3197 1944 3268 cognouerit

269 3267 682 3406 oftittoiittltotiitt
695 3265 1079 3404 titillatorios?
1130 3265 1944 3404 {ttulistis.litoihqttitttaiiiiitttt

269 3403 327 3456 nice
351 3417 435 3470 prope
461 3403 591 3456 barbaras
616 3409 708 3472 gentes
737 3409 765 3458 et
789 3403 911 3456 nationes
938 3403 1077 3458 collocata.
1130 3403 1215 3472 petiit,
1233 3409 1264 3456 ut
1282 3417 1391 3458 censum
1409 3403 1569 3470 emendaret,
1587 3403 1646 3458 iore
1660 3403 1815 3472 saepissime
1828 3403 1942 3472 rescrip-

269 3477 285 3524 ιι
318 3469 351 3522 In
367 3471 521 3524 Palaestina
538 3469 606 3524 duae
624 3471 732 3524 inerunt
751 3469 879 3536 coloniae,
898 3469 1078 3526 Caesariensis
1130 3477 1188 3524 tum
1205 3475 1254 3526 est.
1617 3475 1618 3480 ’

222 3603 223 3606 ,
269 3545 296 3592 et
311 3537 390 3592 Aelia
407 3537 569 3606 Capitolina,
592 3539 640 3592 sed
661 3543 758 3592 neutra
779 3539 821 3592 ius
842 3537 966 3592 Italicum
988 3541 1077 3594 habet.
1166 3535 1184 3596 5
1208 3539 1394 3592 Papinianus
1423 3539 1491 3594 libro
1520 3553 1592 3592 nono
1620 3537 1722 3592 decimo
1751 3541 1943 3610 responsorum

271 3613 283 3658 t
320 3605 402 3658 Divus
429 3619 534 3674 quoque
556 3605 668 3660 Severus
695 3607 723 3658 in
747 3606 920 3660 Sebastenam
945 3607 1078 3660 ciuitatem
1131 3607 1198 3660 (ium
1214 3621 1356 3676 possessor
1373 3623 1443 3660 unus
1461 3605 1619 3676 expediendi
1640 3607 1740 3676 negotii
1757 3621 1839 3660 causa
1855 3607 1942 3660 trilin-

270 3679 284 3728 8
320 3673 451 3728 coloniam
468 3673 585 3728 deduxit.
612 3673 645 3728 In
660 3673 766 3728 Dacia⁸
784 3689 889 3742 quoque
905 3673 1078 3728 Zamensium
1130 3679 1218 3730 torum
1235 3673 1294 3730 iure
1312 3673 1514 3742 conveniretur,
1536 3673 1664 3730 adversus
1689 3681 1806 3740 ceteros,
1831 3687 1943 3742 quorum

269 3743 374 3798 colonia
402 3757 419 3796 a
446 3743 507 3796 diro
533 3741 649 3796 Traiano
677 3741 792 3796 deducta
821 3741 887 3796 iuris
912 3741 1002 3796 Italici
1029 3747 1076 3796 est.
1130 3757 1215 3814 aeque
1250 3743 1343 3796 raedia
1360 3749 1497 3808 tenentur,
1520 3745 1546 3796 ei
1569 3743 1615 3812 qui
1638 3749 1782 3798 conventus
1800 3747 1842 3796 est
1859 3741 1941 3796 actio·

269 3817 285 3864 9
318 3811 531 3880 Zarmiaegetusa
558 3827 663 3880 quoque
692 3811 810 3866 eiusdem
836 3811 903 3864 iuris
931 3817 985 3864 est:
1015 3811 1077 3864 item
1131 3825 1215 3866 nasa
1266 3827 1298 3866 co
1315 3817 1500 3880 praestantur,
1520 3811 1623 3866 scilieet
1640 3817 1671 3866 ut
1689 3827 1779 3866 omnes
1796 3827 1846 3880 pro
1864 3811 1942 3866 modo

269 3879 435 3948 Napocensis
457 3879 581 3934 colonia⁹
602 3885 630 3934 et
647 3879 789 3950 Apulensis
808 3883 834 3934 et
851 3879 1078 3934 Patauissensium
1129 3877 1302 3946 praediorum
1314 3879 1455 3946 pecuniam
1468 3879 1563 3934 tributi
1578 3879 1726 3934 conferant.
1748 3895 1798 3934 nec
1814 3877 1944 3934 inutiliter

269 3949 357 4012 uicus,
386 3949 431 4018 qui
458 3963 475 4000 a
500 3947 561 4002 divo
584 3947 682 4002 Severo
708 3949 750 4002 ius
774 3947 895 4002 coloniae
918 3947 1077 4016 impetrauit.
1131 3947 1251 4000 actiones
1274 3951 1461 4016 praestantur,
1484 3947 1592 4000 tametsi
1608 3947 1690 4002 fiscus
1708 3947 1848 4016 pecuniam
1866 3961 1942 4002 suam

272 4021 302 4070 to
337 4015 388 4072 Est
410 4021 436 4070 et
457 4015 486 4070 in
503 4017 629 4086 Bithynia
640 4019 660 4048 ¹⁰
677 4017 816 4084 Apamena
836 4019 865 4070 et
885 4015 914 4070 in
931 4015 1018 4070 Ponto
1038 4015 1077 4070 Si·
1130 4015 1331 4084 reciperaverit,
1385 4015 1430 4070 uia
1463 4015 1601 4070 nominum
1630 4015 1796 4070 venditorum
1827 4015 1942 4086 pretium

273 4090 300 4139 tl
338 4085 470 4154 nopeusis.
506 4085 558 4140 Est
578 4089 605 4138 et
626 4085 654 4138 in
672 4085 765 4138 Cilicia
782 4083 918 4138 Selinns¹¹
940 4089 968 4138 et
985 4083 1077 4138 Traia·
1133 4089 1144 4136 1
1181 4087 1321 4152 acceptum
1346 4033 1458 4138 aiietur.
1500 4081 1552 4152 (lui
1574 4099 1629 4138 non
1652 4081 1746 4138 hahita
1766 4083 1870 4138 radone
1892 4083 1941 4138 tri·

271 4169 305 4208 no
325 4153 382 4206 olis.
1130 4153 1256 4206 buturum
1280 4165 1312 4204 ex
1335 4167 1419 4206 causa
1440 4149 1638 4206 fideicommissi
1659 4151 1770 4220 praedia
1786 4151 1940 4218 restituunt,

305 4169 422 4276 {ioan
435 4219 504 4276 libro
521 4221 663 4276 vicensimo
681 4225 774 4276 octauo
792 4219 830 4274 od
845 4219 977 4276 Sabinum
1005 4219 1078 4276 Vitia
1130 4219 1261 4274 actionem
1280 4235 1312 4274 ex
1330 4219 1383 4274 divi
1399 4219 1440 4274 Pii
1457 4219 1587 4274 Antonini
1609 4219 1707 4272 litteris
1724 4219 1836 4284 habent,
1861 4235 1940 4288 qnam

270 4291 389 4358 priorum
405 4303 533 4342 censuum
550 4287 628 4342 editis
645 4287 718 4342 noris
736 4287 948 4356 professionibus
969 4303 1077 4342 aranos·
1130 4291 1146 4342 2
1181 4287 1269 4354 legato
1292 4303 1398 4354 quoque
1420 4287 1508 4342 soluto
1531 4287 1620 4342 locum
1640 4287 1740 4342 hahere
1761 4287 1851 4342 voluit,
1885 4287 1939 4342 Pro

272 4361 351 4410 cunt
1129 4357 1244 4424 pecunia
1260 4355 1364 4420 tributi,
1383 4355 1455 4424 qnod
1471 4369 1522 4408 sua
1539 4353 1581 4410 die
1598 4371 1653 4410 non
1670 4359 1712 4408 est
1727 4353 1868 4420 redditum,
1886 4359 1938 4424 quo

227 4491 228 4494 Ἴ
305 4421 426 4482 olom
449 4423 518 4480 libro
539 4423 657 4478 seeundo
686 4421 718 4476 dc
741 4423 864 4478 censibus
901 4423 1026 4478 Aetatem
1049 4423 1078 4478 in
1128 4421 1216 4476 minus
1241 4423 1381 4490 praedium
1408 4423 1466 4478 iure
1512 4421 1611 4492 ignaris
1638 4421 1816 4486 distrahatur,
1847 4421 1938 4478 oblata

225 4497 228 4536 ι
272 4491 402 4546 censendo
430 4491 581 4562 significare
605 4507 715 4546 necesse
743 4495 797 4558 est,
827 4491 890 4558 quia
920 4491 1077 4558 quibusdam
1128 4491 1274 4546 moratoria
1291 4491 1381 4546 caude
1398 4505 1486 4546 nona
1532 4491 1631 4544 ittitur:
1656 4505 1706 4544 nec
1728 4491 1851 4544 audietur
1868 4489 1938 4558 lega·

272 4567 345 4614 aetas
362 4561 469 4624 tribuit,
491 4575 525 4614 ne
545 4561 646 4612 tributo
670 4565 825 4612 onerentur:
850 4559 933 4614 ueluti
949 4561 978 4614 in
995 4559 1077 4640 Syriis
1128 4557 1212 4612 tarius
1241 4559 1428 4612 conhadicens
1456 4559 1491 4612 cb
1518 4559 1621 4612 tributa
1642 4559 1782 4626 praeteriti
1804 4559 1938 4626 temporis,

272 4643 288 4680 a
305 4627 516 4696 quattuordecim
533 4627 610 4680 annis
628 4627 752 4690 masculi,
773 4643 789 4682 a
807 4627 946 4682 duodecim
962 4627 1077 4682 femmae
1129 4625 1201 4748 ffiusod
1217 4625 1296 4680 heres
1313 4627 1439 4680 soluendo
1457 4625 1589 4690 sitatis,
1613 4627 1658 4694 qui
1679 4625 1786 4682 tributis
1809 4625 1938 4696 recipien-

271 4711 355 4764 usqae
388 4695 422 4750 ad
453 4695 662 4762 sexagensimum
694 4693 814 4762 quintum
845 4711 945 4748 annum
976 4695 1077 4750 tributo
1149 4693 1156 4706 '
1187 4693 1358 4762 praepositus
1376 4693 1472 4748 iuerat.

272 4763 365 4884 ῗιριιιιι
389 4763 549 4886 οιιιιςιιιιῇιιι·13
586 4767 660 4816 aetas
683 4767 773 4816 autem
795 4763 1078 4882 spectatutrteensendi
1130 4757 1182 4884 Oili
1208 4759 1329 4882 Garralsffiuii
1343 4761 1599 4884 Himsqioemiiaoh
1616 4761 1744 4882 psggrtatoii
1775 4759 1939 4832 digestorum

336 4849 376 4886 em
396 4847 450 4886 ore,
518 4845 582 4886 eus
614 4845 769 4886 concessam
800 4847 909 4884 immuni
923 4845 938 4884 a
951 4845 993 4884 em
1023 4847 1077 4886 non
1152 4845 1224 4884 eom
1382 4845 1422 4884 nsi
1453 4845 1520 4884 runs
1599 4845 1624 4884 c1
1684 4869 1690 4882 .

271 4849 402 4954 isoncii
423 4899 582 4954 intercidere
602 4897 732 4966 rescripto
755 4897 924 4968 imperatoris
941 4897 1027 4954 nostri
1045 4897 1077 4952 ad
1164 4893 1182 4952 7
1202 4895 1295 4952 ocios
1315 4845 1383 4952 aiio
1404 4903 1483 4950 sento
1505 4897 1543 4952 nd
1560 4895 1644 4966 lapara
1661 4895 1761 4950 Iuliam
1778 4899 1805 4950 et
1821 4893 1937 4966 Papiam

271 4967 453 5034 Pelignianum
477 4971 550 5020 recte
575 4981 731 5036 expressum
752 4971 806 5020 est:
832 4965 932 5036 quippe
955 4967 1077 5034 personis
1127 4963 1197 5020 Iuris
1214 4963 1302 5018 Italici
1319 4969 1383 5018 sunt
1401 4963 1487 5018 Troas
1505 4963 1620 5034 Berytus
1637 4963 1854 5034 Dyrrachiumo.
1910 5021 1911 5024 Ἴ

271 5035 377 5102 quidem
407 5035 471 5088 data
494 5033 648 5088 mmnnitas
674 5047 735 5086 cum
761 5047 877 5104 persona
905 5033 1077 5102 extinguitur,
1164 5029 1549 5090 8Paorosiiorosecoudo
1572 5031 1750 5092 decanatiae
1781 5031 1815 5084 In
1830 5029 1938 5086 Lusita·

271 5103 352 5156 rebus
369 5115 513 5170 numquam
529 5101 698 5170 exhuguitur.
986 5113 987 5116 ’
1127 5099 1174 5154 nia
1190 5099 1324 5154 Pacenses
1341 5103 1369 5152 et
1385 5097 1566 5154 Emeritenses
1583 5095 1648 5152 iuris
1664 5097 1752 5152 italici
1768 5101 1839 5154 sunt.
1869 5097 1938 5152 idem

271 5269 301 5332 it)
319 5271 420 5334 negotio
436 5271 462 5322 F
554 5275 588 5336 (a)
605 5269 733 5320 difficilius
747 5291 795 5322 scr.
897 5273 931 5334 (3)
947 5273 1000 5320 tam
1013 5269 1041 5320 in
1056 5269 1082 5320 F
1129 5273 1163 5332 (8)
1180 5269 1479 5320 aicCuioaiussecandom
1488 5263 1663 5330 amemus*
1726 5269 1760 5332 (9)
1777 5265 1938 5320 οοΙοιιίιιιιΙι’2

272 5335 304 5398 (ι)
322 5339 609 5390 sicordiaoeiemandas
623 5337 1077 5404 Deproxenetioo‚qu[atnquamla[s]t
1128 5339 1174 5398 (10)
1191 5335 1395 5406 coloniaias.F²
1455 5339 1496 5398 (ιι)
1514 5337 1632 5400 quacior.
1646 5337 1770 5404 OEuuerins
1832 5335 1878 5400 (12)
1895 5335 1932 5388 de

273 5405 396 5468 (ιίιΗιιι.)
409 5402 543 5470 sordidum,
556 5405 638 5458 solent
647 5407 770 5470 praesides
783 5419 943 5470 tumescere:
961 5409 999 5456 est
1010 5407 1077 5456 enim
1127 5403 1186 5456 bere
1194 5403 1233 5456 1²2
1301 5405 1346 5468 (tal
1364 5403 1488 5456 adinaF
1548 5405 1593 5468 (ιι)
1610 5403 1677 5452 iutra
1690 5403 1744 5454 edd.
1814 5405 1939 5468 ltsl'quot

272 5471 1002 5538 proxenetarumlgcnlus,quiemptionibnsrenditionibus
1011 5489 1077 5524 com·
1127 5473 1243 5536 iugerum
1256 5471 1290 5522 sit
1304 5475 1329 5522 et
1343 5473 1389 5524 ias.
1484 5475 1528 5532 (ιιι)
1546 5471 1598 5522 sint
1612 5471 1657 5522 ias.
1751 5473 1794 5532 (ιι)
1812 5469 1905 5522 habeat
1919 5473 1944 5524 F

271 5541 368 5592 merciis
389 5539 557 5592 conuentibus
578 5539 655 5590 licitis
676 5539 751 5592 utiles
771 5557 823 5594 non
840 5539 902 5592 adeo
919 5539 1077 5608 improbabili
1129 5543 1175 5604 (18)
1192 5539 1328 5592 relatoscr.
1385 5539 1429 5602 (to)
1448 5539 1563 5606 passati*¹
1613 5539 1660 5602 (to)
1678 5537 1747 5590 isiIr'
1778 5539 1835 5602 (ιι)
1853 5539 1941 5592 iudei.

271 5625 339 5662 more
354 5625 381 5662 se
397 5607 526 5662 exhibent:
543 5609 579 5660 sio
596 5611 679 5660 tamen
692 5611 722 5660 ut
735 5613 760 5662 et
771 5611 801 5662 in
814 5609 855 5662 his
867 5609 955 5662 modus
969 5625 1020 5662 esse
1035 5609 1076 5662 de·
1130 5609 1245 5662 Caicum
1331 5611 1377 5672 (ιι)
1397 5623 1547 5674 quamquam
1561 5605 1707 5672 quibusdam
1720 5607 1833 5674 personis
1846 5605 1943 5660 benefl-

272 5677 328 5728 baat
342 5681 366 5730 et
380 5677 528 5744 quantitatis
588 5677 702 5728 officinae
894 5741 896 5746 ,
1127 5675 1221 5728 oiaser.
1289 5677 1335 5740 (ta)
1352 5675 1481 5728 <latusim
1548 5677 1595 5738 (iil
1611 5677 1775 5740 pmestdiiso'
1836 5677 1884 5740 (it)
1901 5679 1940 5730 sic

305 5749 339 5812 (a)
356 5747 492 5810 Sab.1...t;
511 5749 575 5816 Pap.
588 5759 614 5808 ts
632 5747 682 5800 Ed.
695 5755 756 5800 a...a.
771 5775 806 5786 -
819 5745 884 5800 Bas·
896 5747 939 5812 56,
952 5755 974 5800 3.
989 5771 1023 5784 -
1038 5745 1076 5814 cs.
1131 5745 1311 5798 oricularium
1326 5743 1360 5810 B,
1378 5743 1486 5796 edictum
1501 5743 1527 5796 F
1607 5749 1655 5812 (lt)
1674 5745 1762 5812 quinto
1777 5743 1873 5796 decime
1888 5743 1936 5810 Fe,

276 5815 333 5868 Cod.
349 5819 388 5882 ll,
404 5827 429 5870 tt
497 5817 531 5884 (ι)
549 5815 682 5884 augustine
695 5813 735 5870 F’
803 5815 836 5884 lt)
851 5813 1043 5886 ptolemeusium
1056 5815 1081 5866 F
1127 5815 1388 5870 sicensimanion'ar
1451 5817 1497 5882 (ιι)
1517 5815 1608 5886 Tpcocs
1621 5817 1738 5880 Rapo-nos
1752 5815 1940 5884 ΛιιρριιχιιιιιῑΙ
