4366 6258
251 375 315 424 VEL
338 375 471 422 CONTRA

284 535 321 596 13
352 539 443 592 Gerus
472 537 540 590 libro
567 535 668 590 decimo
694 535 731 590 nd
755 535 870 592 edictum
890 535 1062 606 provinciale

248 609 321 664 Idem
340 609 381 658 est
398 609 425 658 ιι
441 603 465 658 ιι
482 601 605 656 mandavi
621 601 683 666 tibi,
710 607 740 656 ut
762 609 825 672 post
848 607 960 658 mortem
977 617 1062 656 meam

249 673 390 730 heredibus
407 673 473 724 meis
491 685 591 724 emeres
608 669 730 724 fundum.

284 739 322 797 14
347 739 492 792 Ucrrnnns
513 737 581 790 libro
607 739 762 808 tripensinvc
781 739 874 808 primo
892 739 930 792 od
947 739 1062 792 edictum

249 807 378 866 Heredem
394 805 566 870 fideiussoris,
585 805 608 858 si
625 805 745 870 solverit,
763 807 863 860 habere
879 805 999 860 mandati
1017 821 1062 858 ac-

248 879 347 932 tionem
371 873 480 926 dubium
503 887 558 926 uon
581 877 628 928 est.
656 875 703 928 sed
727 875 750 928 si
766 871 913 928 vendiderit
929 871 1062 926 heredita-

248 953 301 1000 tem
320 945 346 994 et
364 945 466 1008 emptor
485 941 599 1006 solverit,
618 957 653 994 an
670 943 770 994 babeat
785 939 904 992 mandati
921 939 1062 1002 actionem,

249 1009 390 1082 quaemtur.
419 1013 446 1062 ιι
462 1007 581 1062 Iulianus
599 1009 666 1062 libro
683 1009 762 1062 tertio
781 1007 882 1060 decimo
908 1007 1001 1060 scribit
1022 1007 1062 1060 id·

249 1081 319 1134 circo
337 1075 462 1130 heredem
479 1077 578 1130 habere
596 1077 716 1130 mandati
734 1075 879 1142 actionem,
904 1075 966 1144 quia
989 1079 1062 1128 tene·

249 1155 292 1200 tur
308 1145 407 1200 iudicio
426 1161 458 1198 ex
476 1151 580 1214 empto,
604 1147 635 1198 ut
651 1149 771 1214 praestet
788 1143 908 1198 actiones
926 1159 1004 1208 suas,
1022 1143 1063 1198 id·

250 1219 374 1282 eireeque
392 1219 542 1282 competere
565 1227 599 1266 ex
622 1221 709 1282 emptu
728 1213 874 1278 actionem,
893 1213 957 1282 quia
974 1217 1064 1280 potest

251 1289 262 1336 t
298 1287 444 1350 praestare.
480 1281 510 1336 si
526 1279 675 1336 fideiussori
692 1279 746 1336 duo
761 1279 872 1336 heredes
887 1281 1023 1336 extiterint
1037 1283 1065 1334 et

249 1351 316 1406 alter
334 1365 426 1404 eorum
448 1365 465 1404 a
488 1351 619 1404 coherede
642 1351 735 1404 emerit
757 1349 944 1416 hereditatem,
969 1347 1064 1404 deinde

250 1435 325 1474 omne
343 1419 414 1486 quod
433 1417 575 1472 defunctus
593 1417 762 1472 fideiusserat
779 1417 931 1486 stipulatori
947 1417 1062 1482 solverit,

248 1485 357 1540 habebit
375 1491 422 1540 aut
440 1501 473 1540 cx
491 1487 621 1554 stipulatu
638 1491 684 1540 aut
698 1501 732 1540 ex
749 1491 837 1554 empto
857 1487 1000 1554 obligatum
1019 1501 1062 1540 co-

248 1553 372 1610 heredem
388 1571 480 1608 suum:
498 1555 599 1608 idcirco
616 1555 639 1608 ιι
656 1553 776 1608 mandati
794 1555 927 1608 actionem
944 1555 1062 1608 habebit.

284 1619 321 1678 15
341 1621 461 1678 Pennus
482 1621 551 1678 libro
575 1623 692 1678 secundo
718 1621 755 1676 not
770 1621 901 1678 Sabinum
936 1621 965 1678 Si
989 1639 1063 1678 man-

250 1693 354 1746 dassem
371 1691 434 1756 tibi,
459 1697 489 1744 ut
506 1691 619 1746 fundum
637 1707 752 1756 emeres,
776 1697 870 1760 postea
887 1693 1062 1762 scripsissem,

250 1775 282 1814 ne
299 1775 414 1824 emeres,
432 1765 471 1824 tu,
491 1765 634 1828 antequam
652 1759 721 1814 scias
739 1777 781 1814 me
797 1761 926 1826 vetuisse,
946 1761 1063 1824 emisses,

250 1827 368 1882 mandati
384 1827 434 1880 tibi
456 1827 588 1894 obligatus
614 1843 673 1894 ero,
697 1843 731 1882 ne
754 1829 850 1884 damno
875 1829 1019 1882 adficiatur
1040 1829 1063 1882 is

251 1895 294 1964 qui
312 1895 425 1964 suscipit
442 1897 606 1950 mandatum.

285 1959 323 2020 16
347 1963 493 2018 Ucernnns
509 1963 576 2020 libro
595 1965 750 2036 tricensimo
768 1967 863 2036 primo
887 1963 925 2020 cd
947 1963 1064 2020 edictum

251 2029 278 2084 Si
301 2031 360 2100 quis
386 2031 450 2086 mihi
475 2032 641 2086 mandaverit
663 2033 692 2086 in
715 2047 772 2086 meo
798 2033 897 2102 ahquid
922 2031 1012 2086 iacere
1038 2037 1065 2086 et

249 2099 352 2166 fecero,
377 2101 525 2170 quaesitum
549 2107 603 2166 est,
628 2117 663 2154 an
680 2101 715 2154 sit
731 2101 850 2156 mandati
869 2101 948 2156 actio.
976 2107 1003 2156 et
1027 2101 1065 2154 ιιι

251 2167 342 2224 Celsus
365 2169 432 2224 libro
455 2169 566 2238 septimo
591 2169 752 2238 digestorum
768 2171 821 2224 hoc
837 2169 1008 2240 respondisse
1027 2185 1063 2236 se,

251 2253 309 2290 enm
326 2237 450 2292 Aurelius
470 2239 580 2304 Quietus
598 2237 698 2306 hospiti
721 2253 769 2292 suo
795 2237 897 2292 medico
921 2238 1064 2292 mandasse

252 2305 396 2370 diceretur,
421 2311 450 2360 nt
467 2305 495 2360 in
512 2305 598 2360 hortis
617 2305 672 2360 eius
691 2323 758 2374 quos
776 2305 920 2360 Ravennae
936 2305 1063 2372 habebat,

250 2373 360 2442 inques
379 2375 500 2428 omnibns
519 2373 596 2428 annis
614 2373 738 2428 secedere
761 2375 878 2440 solebat,
903 2373 1063 2442 sphaeriste-

250 2441 318 2494 rium
344 2445 370 2494 et
395 2443 563 2512 hypocausta
589 2445 615 2494 et
645 2443 775 2512 quaedam
805 2443 888 2512 ipsius
920 2441 1065 2496 valetudini

251 2515 314 2578 apta
332 2525 382 2564 sua
398 2509 510 2578 inpensa
526 2511 641 2566 faceret:
661 2509 774 2566 deducto
793 2511 880 2578 igitur,
899 2515 999 2580 quanto
1016 2525 1065 2564 sna

252 2575 372 2632 aedificia
394 2579 552 2648 pretiosiora
575 2577 695 2644 fecisset,
726 2579 798 2648 quod
826 2579 939 2648 amplius
961 2581 1063 2648 impen-

251 2647 331 2698 disset
348 2663 428 2714 posse
446 2663 506 2702 eum
524 2647 643 2700 mandati
659 2647 756 2702 iudicio
795 2647 907 2716 ersequi.

286 2711 323 2770 17
343 2715 461 2770 annvs
483 2715 552 2770 libro
575 2717 687 2786 septimo
711 2715 749 2770 cci
771 2665 902 2770 dadinum
937 2715 966 2770 Si
989 2731 1063 2770 man-

251 2781 346 2836 davero
372 2783 435 2848 tibi,
458 2789 489 2836 ut
507 2797 523 2836 a
542 2783 612 2836 Titio
631 2783 721 2838 decem
740 2783 870 2852 exigeres,
895 2789 921 2836 et
938 2789 1000 2838 ante
1019 2799 1063 2838 ex·

251 2857 312 2906 acta
330 2867 362 2906 ea
378 2851 498 2906 mandati
514 2857 604 2906 tecum
622 2867 708 2920 egero,
726 2851 749 2906 si
766 2857 828 2906 ante
845 2869 901 2906 rem
917 2851 1064 2906 iudicatam

252 2921 376 2988 exegeris,
395 2919 625 2974 condemnandum
641 2927 669 2974 te
686 2935 744 2974 esse
763 2925 876 2974 constat.

289 2983 327 3046 18
356 2987 502 3042 Uarianos
525 2989 594 3044 itero
620 2989 845 3058 quadragensimo
872 2989 909 3042 noi
933 2987 1064 3044 Sabinum

253 3055 303 3124 Qui
320 3055 420 3124 patitur
439 3057 472 3110 ab
492 3055 543 3112 alio
562 3055 696 3122 mandari,
711 3061 746 3110 ἰιι
764 3055 814 3112 sibi
832 3055 969 3122 credatur,
988 3073 1062 3108 man-

253 3126 316 3180 dare
332 3125 500 3194 intellegitur.

288 3191 326 3250 19
344 3193 426 3248 [ιιι
446 3193 514 3248 libro
539 3193 766 3264 quadragensimo
786 3193 863 3248 tertio
880 3193 918 3246 od
933 3191 1064 3246 Sabinum

253 3261 280 3316 Si
298 3277 388 3316 servus
407 3277 479 3314 meus
498 3261 531 3316 de
549 3265 632 3316 semet
649 3261 758 3316 emendo
776 3259 929 3326 mandaret,
947 3265 978 3314 ut
995 3259 1063 3314 redi·

252 3335 354 3394 matur,
372 3329 537 3396 Pomponius
555 3329 689 3398 eleganter
704 3333 819 3394 tractat,
837 3343 872 3382 an
889 3327 927 3394 is,
946 3327 991 3398 qui
1008 3343 1063 3382 ser-

253 3415 313 3452 vum
329 3397 478 3460 redemerit,
497 3397 566 3452 ulmo
585 3397 725 3452 convenire
762 3397 828 3450 ossit
844 3397 1016 3460 venditorem,
1035 3399 1064 3448 ut

254 3481 357 3520 servum
380 3465 504 3534 recipiat,
529 3465 654 3536 quoniam
670 3413 790 3518 mandati
806 3464 876 3520 actio
894 3465 965 3518 ultro
984 3463 1063 3518 citro·

270 3549 303 3588 ue
329 3539 377 3588 est.
410 3535 457 3588 sed
482 3549 539 3586 esse
561 3533 754 3602 iniquissimum
779 3533 942 3600 Pomponius
969 3533 1007 3586 ιιι
1033 3547 1065 3586 ex

253 3553 324 3658 lacto
343 3603 411 3658 servi
434 3601 485 3654 mei
509 3603 567 3670 cogi
590 3617 632 3654 me
654 3619 759 3656 servum
780 3601 912 3668 recipere,
937 3615 1015 3670 quem
1037 3601 1065 3654 in

253 3677 411 3740 perpetuum
428 3671 540 3724 alienari
557 3671 699 3734 volueram,
718 3685 767 3724 nec
784 3667 867 3736 magis
884 3667 912 3724 in
929 3669 1000 3724 hunc
1019 3683 1063 3722 ca-

254 3757 312 3796 sum
330 3739 412 3794 debeo
431 3739 549 3794 mandati
572 3739 668 3804 teneri,
692 3753 771 3808 quam
794 3743 825 3792 ut
848 3753 908 3792 eum
929 3739 979 3792 tibi
1001 3751 1064 3792 veu-

255 3811 352 3862 derem.

287 3873 327 3934 20
348 3875 464 3928 Pontos
479 3875 546 3930 libro
561 3873 701 3930 tredecimo
716 3875 753 3928 ud
766 3873 896 3928 Sabinum
930 3873 974 3928 Ex
989 3889 1063 3926 man-

256 3945 316 3998 dato
341 3943 412 4012 apud
434 3957 494 3998 eum
518 3943 563 4012 qui
585 3943 739 3996 mandatum
763 3943 879 4010 suscepit
897 3943 962 3996 nihil
978 3957 1064 3994 rema·

254 4029 316 4066 nere
333 4017 451 4082 oportet,
470 4013 550 4066 sicuti
567 4027 618 4066 nec
635 4013 759 4064 damnum
776 4013 834 4080 pati
851 4011 945 4076 debet,
969 4011 992 4066 si
1010 4009 1064 4066 exi·

256 4087 267 4136 1
303 4097 364 4150 gere
386 4081 551 4134 faeneratum
574 4081 713 4150 pecuniam
736 4097 789 4134 nou
812 4081 907 4150 putuit.
942 4079 1064 4134 Fideius-

254 4151 308 4204 sori
324 4149 489 4216 negotiorum
507 4155 642 4218 gestorum
665 4155 705 4204 est
729 4149 813 4216 actio,
838 4149 861 4204 si
882 4165 930 4218 pro
955 4149 1065 4204 absente

254 4219 425 4274 fideiusserit:
449 4233 511 4272 nam
535 4217 653 4270 mandeti
675 4219 745 4272 actio
769 4233 823 4272 uon
846 4221 935 4288 potest
959 4233 1064 4288 compe·

254 4291 318 4350 tere,
336 4303 396 4342 cum
414 4303 468 4340 non
487 4287 659 4340 antecesserit
675 4287 837 4340 mandatum.

288 4351 326 4412 21
353 4355 498 4408 Unelnnns
509 4355 577 4408 libro
593 4353 819 4426 quadragensimo
834 4355 947 4424 septimo
962 4355 1000 4408 cci
1014 4353 1064 4416 So-

257 4423 345 4478 ticum
371 4423 437 4474 (ium
453 4423 582 4476 mandatu
599 4423 685 4478 abeno
703 4439 753 4492 pro
766 4427 794 4476 te
810 4423 991 4488 fideiusserim,
1010 4439 1065 4476 non

255 4507 364 4558 possum
382 4491 507 4546 adversus
524 4495 551 4544 te
568 4491 666 4546 habere
684 4492 813 4546 actionem
828 4491 955 4556 mandati,
974 4507 1064 4560 quem-

257 4559 398 4614 admodum
422 4559 466 4628 qui
483 4561 598 4614 alienum
614 4561 768 4614 mandatnm
785 4561 895 4614 intuitus
913 4559 1063 4630 spopondit.

257 4627 303 4682 sed
320 4629 342 4684 si
367 4643 419 4682 nou
442 4627 534 4698 utique
557 4627 648 4694 unius,
677 4627 724 4684 sed
749 4629 887 4698 utriusque
909 4629 1065 4684 mandatum

256 4695 366 4750 intuitus
384 4697 411 4750 id
433 4697 557 4762 fecerim,
579 4697 682 4752 habebo
700 4697 819 4750 mandati
837 4699 968 4752 achonem
986 4697 1065 4752 etiam

257 4765 384 4820 adversus
401 4771 435 4830 te,
455 4765 682 4834 quemadmodum,
701 4765 723 4820 ιι
741 4765 793 4818 duo
812 4766 876 4820 mihi
893 4765 1066 4822 mandassent

257 4837 286 4886 ut
302 4833 351 4886 tibi
370 4833 511 4898 crederem,
530 4839 671 4902 unumque
687 4833 813 4888 haberem
831 4835 982 4902 obligatum.

290 4897 330 4956 22
349 4901 468 4956 Pennus
488 4903 556 4956 libro
580 4903 734 4974 trigercsirno
758 4901 873 4956 secundo
897 4903 934 4956 ad
950 4903 1065 4958 edictvm

260 4965 286 5020 Si
303 4969 462 5024 mandavero
480 4971 537 5036 tibi,
556 4975 586 5026 ut
602 4987 650 5040 pro
670 4985 711 5024 me
728 4971 757 5024 iu
774 4969 843 5024 diem
859 4969 1006 5026 fideiubeas
1023 4977 1065 5024 tu·

259 5051 307 5114 que
324 5053 391 5106 pure
404 5039 564 5094 fideiussoris
579 5043 606 5092 et
620 5039 735 5104 solveris,
753 5041 843 5092 utilius
861 5041 1067 5108 respondebitur

258 5107 362 5160 mterim
387 5123 442 5162 non
466 5125 524 5164 esse
547 5107 595 5162 tibi
617 5107 737 5162 mandati
759 5109 906 5174 actionem,
932 5107 980 5160 sed
1006 5125 1067 5162 cum

260 5175 272 5224 t
308 5175 363 5230 dies
380 5177 489 5230 venerit.
524 5177 590 5230 Item
604 5181 749 5230 tractatum
764 5183 813 5242 est,
832 5177 863 5242 si,
882 5191 942 5230 cum
955 5175 983 5230 iu
997 5175 1067 5230 diem

260 5239 393 5310 deberem,
417 5245 545 5298 mandatu
568 5261 627 5300 meo
649 5245 677 5298 in
695 5245 764 5298 diem
780 5245 942 5300 fideiusseris
962 5251 987 5298 et
1005 5251 1068 5298 aute

260 5307 326 5364 diem
350 5313 471 5378 solveris,
497 5329 531 5366 an
555 5313 645 5368 statim
667 5315 767 5368 habeas
791 5313 909 5368 mandati
926 5313 1066 5368 actionem.

260 5383 285 5428 et
308 5381 414 5448 quidam
437 5385 534 5450 putant
556 5389 722 5450 praesentem
746 5383 851 5453 quidem
874 5397 932 5436 esse
949 5381 1068 5434 mandati

260 5449 403 5516 actionem,
430 5449 477 5504 sed
501 5451 569 5504 tanti
594 5449 735 5516 minorem,
761 5451 854 5518 quanti
879 5465 939 5504 mea
964 5449 1068 5502 intersit

260 5519 458 5592 superveniente
477 5519 519 5572 die
537 5519 652 5572 solutum
668 5519 759 5572 fuisse.
785 5519 832 5572 sed
849 5519 942 5572 melius
960 5523 1001 5572 est
1016 5519 1068 5572 dici

259 5587 363 5640 iuterim
381 5605 429 5642 nec
443 5587 522 5642 huius
536 5605 654 5644 summae
668 5587 786 5642 mandati
800 5587 841 5656 agi
854 5603 942 5656 posse,
961 5587 1067 5656 quando

262 5759 291 5824 (t)
311 5761 538 5828 supposuerintF²
634 5763 664 5824 (a)
683 5759 849 5810 consistitF²
944 5761 975 5824 (3)
993 5761 1065 5810 heres

260 5833 394 5896 recepisset
396 5835 453 5900 sero
461 5843 487 5884 nt
495 5831 557 5884 Hui.
566 5851 612 5882 scr.
681 5833 713 5894 (c)
731 5829 876 5878 mandatum
885 5827 930 5878 dcl.
990 5831 1022 5892 (t)
1040 5831 1067 5878 ιι

1055 349 1116 422 att

1791 345 1883 414 xvir
1910 355 1923 436 1

1112 533 1269 588 nonnullum
1286 535 1374 588 adbuc
1393 535 1559 592 commodum
1576 547 1664 588 meum
1682 529 1729 594 sit,
1753 533 1784 582 ut
1806 543 1857 584 nec
1874 531 1926 586 hoe

1114 605 1128 652 2
1164 605 1227 656 ante
1253 601 1322 654 diem
1349 603 1456 656 solvam.
1492 603 1628 658 Interdum
1655 597 1755 662 evenit,
1782 601 1813 650 ιιι
1838 613 1926 652 meum

1113 667 1247 736 negotium
1271 683 1361 736 geram
1388 673 1414 722 et
1436 675 1524 726 tamen
1550 671 1641 726 utilem
1667 667 1780 722 habeam
1806 665 1927 718 mandati

1114 735 1259 790 actionemr
1283 735 1365 790 veluti
1383 751 1443 790 cum
1461 739 1565 792 debitor
1582 753 1656 794 meus
1674 733 1793 808 periculo
1811 747 1860 788 suo
1880 733 1926 786 de·

1113 805 1227 858 bitorem
1249 819 1326 858 suum
1349 805 1413 856 mihi
1436 803 1539 874 delegat
1564 811 1611 860 aut
1629 823 1689 862 cum
1705 821 1735 860 ro
1754 807 1800 856 atu
1817 799 1926 856 fideius-

1114 871 1182 928 soris
1201 889 1261 926 cum
1277 885 1323 926 rec
1342 871 1476 940 experior:
1494 887 1556 926 nam
1573 875 1692 942 quamvis
1707 821 1824 928 uelitum
1838 885 1926 922 meum

1113 955 1271 1008 persequar,
1289 939 1370 992 nihilo
1389 937 1475 992 minus
1493 943 1520 992 ιι
1535 939 1606 994 illius
1624 943 1757 1012 negotium
1773 955 1851 1010 gero:
1878 937 1925 1006 igi-

1113 1015 1158 1062 tur
1181 1007 1254 1076 quod
1277 1007 1363 1060 minus
1388 1021 1541 1072 servavero,
1565 1025 1714 1078 consequar
1739 1007 1857 1064 mandati
1881 1021 1926 1060 ιι-

1114 1081 1129 1132 3
1164 1077 1245 1130 tione.
1282 1075 1309 1128 Si
1331 1075 1374 1140 bi,
1398 1091 1510 1144 quorum
1532 1091 1575 1130 res
1598 1083 1714 1132 veneunt
1736 1093 1803 1148 ques
1840 1075 1925 1146 ignori

1115 1145 1252 1210 dederuut,
1271 1145 1484 1212 supposuerunt¹
1505 1147 1635 1212 emptores
1650 1151 1677 1200 et
1691 1147 1728 1202 eis
1744 1095 1868 1204 emendas
1882 1161 1926 1200 res

1114 1213 1254 1278 mandent,
1281 1213 1435 1266 mandatum
1457 1213 1628 1280 intellegitur,
1652 1213 1715 1268 licet
1739 1223 1868 1286 quantum
1892 1213 1927 1270 ad

1113 1297 1215 1336 meram
1234 1281 1365 1336 rationem
1381 1279 1536 1336 mandatum
1550 1297 1605 1334 non
1620 1283 1768 1338 coustit't²:
1788 1301 1850 1338 narn
1865 1299 1927 1338 curn

1114 1367 1170 1404 reru
1188 1357 1263 1404 tuam
1280 1365 1360 1414 emas,
1379 1349 1452 1404 nulla
1472 1349 1567 1418 emptio
1587 1351 1673 1402 estin
1689 1357 1737 1406 tua
1754 1369 1871 1422 persona
1887 1353 1927 1406 rei

1114 1423 1130 1472 4
1164 1423 1236 1474 tuae.
1271 1419 1391 1472 Iulianus
1406 1417 1514 1488 scripsit
1526 1417 1645 1478 mandati
1660 1417 1846 1488 obligationem
1861 1437 1925 1476 con-

1115 1487 1209 1540 sistere
1227 1487 1306 1542 etiam
1323 1487 1350 1540 in
1367 1501 1424 1540 rem
1443 1489 1498 1540 eius
1516 1487 1563 1556 qui
1579 1485 1734 1540 mandatum
1758 1489 1870 1558 suscipit
1893 1505 1927 1542 ex

1115 1571 1145 1610 eo
1163 1555 1278 1610 maxime
1291 1555 1410 1636 probari,
1430 1555 1508 1624 quod,
1523 1555 1547 1610 si
1563 1553 1685 1622 pluribus
1697 1553 1844 1632 'heredibus
1862 1573 1925 1610 ven-

1115 1623 1237 1678 dentibus
1252 1641 1299 1680 um
1312 1623 1479 1690 mandavero,
1497 1627 1597 1678 utrem
1614 1623 1800 1676 hereditariam
1819 1633 1925 1692 emeret,

1115 1693 1195 1746 etiam
1210 1711 1260 1762 pro
1280 1709 1311 1748 ιι
1327 1699 1413 1762 parte,
1432 1709 1485 1762 qua
1502 1693 1578 1746 heres
1596 1693 1638 1756 sit,
1658 1691 1789 1758 obligatur
1806 1693 1926 1748 mandati

1115 1761 1220 1816 actione
1244 1767 1271 1816 ct
1294 1763 1407 1830 obligat:
1433 1765 1460 1814 et
1483 1775 1547 1814 sane
1570 1759 1593 1814 ιι
1616 1759 1659 1812 ille
1683 1763 1793 1828 propter
1808 1759 1861 1812 boc
1879 1775 1925 1816 ex-

1114 1835 1207 1884 traneo
1224 1847 1280 1884 rem
1298 1845 1352 1882 non
1370 1829 1514 1894 addixerit,
1539 1827 1610 1896 quod
1628 1827 1782 1880 mandatum
1799 1843 1925 1896 suscepe-

1114 1903 1170 1962 rat,
1196 1915 1228 1952 ex
1245 1897 1387 1966 bonafide
1405 1911 1462 1950 esse
1479 1903 1615 1964 praestare
1634 1897 1658 1948 ιι
1680 1897 1809 1964 pretium,
1834 1897 1927 1974 quanti

1114 1965 1228 2020 vendere
1250 1969 1369 2034 poterat:
1397 1969 1423 2020 et
1442 1969 1534 2018 ιοιιιιι
1552 1965 1575 2018 ιι
1593 1969 1695 2032 emptor
1712 1963 1747 2018 ad
1764 1969 1927 2032 emptionem

1115 2035 1152 2086 rei
1169 2033 1221 2086 sibi
1238 2033 1404 2100 necessariae
1421 2033 1519 2086 idcirco
1538 2049 1593 2086 non
1610 2035 1768 2096 accesserat,
1788 2029 1860 2100 quod
1877 2031 1925 2086 he-

1115 2101 1171 2156 redi
1187 2101 1381 2170 ιιιιιιιιιιιιιι3
1399 2117 1428 2156 ιι
1445 2101 1469 2156 ιι
1487 2107 1644 2172 empturum,
1663 2101 1851 2170 aequissimum
1868 2115 1927 2154 esse

1115 2171 1233 2224 mandati
1250 2169 1347 2224 iudicio
1365 2169 1510 2240 praestari,
1529 2171 1623 2238 quanti
1640 2169 1696 2224 eius
1714 2167 1835 2224 interfuit
1853 2183 1926 2236 cmp-

1115 2245 1129 2292 5
1165 2243 1220 2292 tam
1242 2253 1297 2292 rem
1320 2239 1427 2292 habere.
1462 2239 1488 2292 Is
1513 2239 1587 2292 cuius
1610 2239 1681 2292 bona
1703 2237 1840 2308 publicata
1863 2241 1927 2290 sunt

1115 2307 1242 2362 mandare
1259 2305 1338 2360 alicui
1355 2309 1451 2374 potest,
1469 2311 1500 2360 ut
1517 2321 1550 2360 ea
1567 2311 1644 2372 emat,
1663 2311 1696 2370 et,
1715 2305 1737 2360 si
1755 2305 1854 2370 emerit,
1873 2305 1925 2360 uti·

1115 2375 1146 2428 lis
1165 2375 1213 2428 erit
1230 2375 1349 2428 mandati
1367 2375 1451 2440 actio,
1475 2373 1498 2428 si
1520 2391 1574 2428 non
1596 2379 1715 2454 praestet
1737 2373 1830 2428 fidem:
1856 2373 1926 2442 quod

1114 2443 1173 2496 ideo
1200 2449 1336 2512 receptum
1365 2449 1419 2508 ιιι,
1444 2443 1506 2512 quia
1528 2443 1671 2512 pubhcatis
1694 2443 1770 2496 bonis
1799 2441 1926 2512 quidquid

1116 2515 1131 2566 6
1166 2515 1261 2578 postea
1278 2509 1441 2580 adquiritur,
1465 2527 1520 2566 non
1537 2511 1656 2580 sequitur
1673 2511 1775 2566 fiscum.
1812 2509 1863 2578 Qui
1881 2525 1924 2564 ae·

1116 2579 1174 2634 dem
1192 2593 1296 2634 sacram
1314 2579 1487 2648 spoliandam,
1505 2581 1638 2634 hominem
1654 2579 1861 2644 vulnerandum,
1880 2593 1925 2632 oe·

1116 2647 1256 2702 ridendum
1274 2647 1446 2702 mandatum⁴
1463 2647 1606 2716 suscipiat,
1631 2647 1696 2702 nihil
1718 2647 1838 2700 mandati
1855 2647 1924 2700 iudi-

1116 2717 1156 2770 cio
1183 2717 1309 2784 consequi
1332 2721 1421 2784 potest
1436 2719 1555 2836 dpropter
1580 2715 1770 2786 turpitudinem
1796 2715 1924 2768 mandati.

1116 2787 1129 2836 ι
1167 2783 1195 2838 Si
1212 2783 1261 2836 tibi
1279 2789 1385 2838 centum
1402 2783 1434 2838 de
1454 2801 1513 2850 ero,
1537 2789 1567 2838 ut
1590 2799 1622 2838 ιι
1639 2783 1709 2838 Τιιιο
1728 2785 1819 2848 dares,
1844 2789 1926 2852 tuque

1115 2869 1169 2908 non
1187 2851 1304 2918 dederis,
1328 2851 1374 2908 sed
1398 2853 1607 2920 consumpseris,
1632 2857 1659 2908 et
1680 2851 1798 2906 mandati
1815 2857 1843 2906 ιι
1859 2851 1926 2906 furti

1115 2921 1199 2974 teneri
1215 2925 1242 2974 te
1260 2921 1389 2974 Proculus
1409 2921 1458 2974 ait:
1478 2923 1551 2986 aut⁵‚
1569 2923 1593 2976 si
1609 2921 1647 2974 ita
1665 2921 1789 2986 dederim,
1810 2925 1840 2974 ut
1856 2935 1924 2988 quae

1115 2993 1130 3042 8
1164 2989 1245 3042 velles
1263 2987 1353 3054 dares,
1373 2989 1491 3042 mandati
1508 2989 1699 3044 tantummodo.
1736 2989 1763 3040 Si
1781 2989 1924 3042 mandave-

1115 3057 1164 3112 rim
1188 3071 1263 3112 seruo
1286 3061 1346 3122 tuo,
1373 3061 1404 3110 nt
1427 3055 1497 3124 quod
1520 3055 1569 3110 tibi
1593 3057 1702 3112 debeam
1728 3057 1842 3112 solveret
1866 3073 1925 3112 meo

1115 3125 1235 3190 nomine,
1259 3123 1383 3178 Neratius
1402 3125 1506 3190 scribit,
1530 3125 1648 3192 quamvis
1673 3131 1809 3178 mutuatus
1833 3139 1925 3178 servus

1115 3193 1256 3262 pecuniam
1278 3193 1427 3246 rationibus
1444 3193 1496 3246 tuis
1514 3193 1591 3260 quasi
1609 3209 1625 3246 a
1642 3209 1684 3248 me
1700 3199 1837 3262 receptam
1854 3193 1925 3246 intu-

1115 3263 1188 3326 lerit,
1206 3265 1308 3324 tamen,
1327 3261 1349 3312 si
1367 3277 1486 3316 nummos
1505 3277 1521 3314 a
1539 3261 1671 3316 creditore
1687 3277 1740 3316 nou
1757 3261 1796 3314 ιιι
1813 3277 1925 3328 accepe-

1115 3329 1164 3394 rit,
1189 3333 1219 3384 ut
1241 3343 1298 3382 meo
1323 3329 1429 3382 nomine
1446 3329 1535 3394 daret,
1559 3343 1609 3382 neo
1633 3329 1740 3382 liberari
1761 3343 1804 3382 me
1827 3343 1876 3382 uec
1899 3333 1926 3382 te

1115 3397 1233 3450 mandati
1250 3411 1353 3450 mecum
1371 3401 1508 3450 acturum:
1533 3397 1605 3466 quod
1627 3397 1650 3450 si
1668 3397 1706 3452 sic
1724 3403 1861 3450 mutuatus
1880 3397 1924 3462 ιιι,

1115 3469 1146 3518 ut
1173 3463 1313 3532 pecuniam
1338 3481 1397 3520 meo
1424 3465 1527 3520 nomine
1550 3463 1640 3530 daret,
1667 3471 1807 3534 utrumque
1830 3469 1926 3520 contra

1116 3549 1188 3588 esse:
1207 3547 1256 3586 uec
1274 3531 1381 3598 referre,
1400 3533 1466 3586 alius
1484 3535 1542 3602 quis
1560 3549 1595 3586 au
1612 3533 1681 3586 idem
1698 3535 1755 3602 ipse
1769 3549 1860 3588 servus
1876 3551 1924 3586 no-

1115 3601 1186 3654 mine
1202 3605 1248 3654 tuo
1268 3601 1336 3668 quod
1352 3617 1401 3670 pro
1418 3617 1460 3654 me
1478 3601 1630 3656 solvebatur
1654 3601 1794 3670 acceperit.
1823 3607 1848 3656 et
1873 3601 1926 3656 hoc

1115 3671 1202 3724 verius
1226 3673 1279 3734 ιιι,
1304 3667 1429 3738 quoniam
1451 3669 1571 3738 quotiens
1595 3685 1659 3724 suos
1682 3685 1803 3724 nummos
1827 3669 1925 3738 accipit

1116 3741 1131 3792 9
1167 3737 1294 3802 creditor,
1319 3753 1373 3792 non
1398 3739 1525 3806 contingit
1541 3739 1665 3792 liberatio
1683 3739 1803 3794 debitori.
1841 3739 1921 3808 Fugi-

1115 3805 1185 3862 tivus
1203 3823 1276 3860 meus
1295 3823 1354 3860 eum
1373 3805 1446 3874 apud
1461 3805 1548 3860 iurem
1565 3811 1648 3872 esset,
1672 3807 1811 3874 pecuniam
1829 3807 1923 3876 adqui-

1116 3875 1160 3928 siit
1183 3879 1209 3928 et
1233 3891 1265 3928 ex
1283 3889 1314 3928 ea
1331 3889 1421 3928 servos
1439 3875 1541 3942 paravit
1558 3889 1656 3944 eosque
1674 3875 1758 3928 Titius
1776 3893 1825 3944 per
1842 3875 1924 3930 tradi-

1115 3943 1214 3996 tionem
1232 3959 1248 3998 a
1262 3943 1397 3998 venditore
1411 3943 1521 4012 accepit.
1548 3943 1620 3998 Mela
1634 3943 1674 3998 ait
1685 3943 1804 3998 mandati
1818 3945 1926 4000 acdona

1115 4027 1157 4066 me
1172 4015 1383 4078 consecuturum,
1401 4015 1432 4066 ut
1445 4013 1568 4066 restituat
1582 4013 1646 4066 mibi
1661 4013 1746 4066 Titius
1753 4015 1772 4078 θ,
1791 4013 1854 4082 quia
1869 4029 1924 4068 ser-

1115 4095 1163 4134 vus
1182 4095 1256 4136 meus
1273 4081 1413 4136 mandasse
1432 4081 1500 4136 Titio
1519 4081 1671 4148 videbatur,
1689 4087 1719 4136 ut
1736 4097 1784 4150 per
1802 4081 1923 4136 traditio-

1116 4165 1176 4204 nem
1202 4149 1341 4218 acciperet,
1370 4151 1393 4204 si
1418 4149 1496 4204 modo
1523 4155 1615 4220 rogatu
1642 4149 1710 4204 servi
1735 4153 1787 4204 hoc
1811 4149 1922 4204 iecerit:

1116 4219 1188 4288 quod
1205 4219 1228 4274 si
1245 4219 1301 4274 siue
1318 4219 1454 4274 voluntate
1472 4219 1527 4274 eius
1544 4219 1665 4276 venditor
1681 4219 1751 4274 Titio
1775 4219 1923 4284 tradiderit,

1115 4293 1180 4342 tuuc
1198 4303 1277 4356 posse
1293 4303 1335 4342 me
1352 4303 1386 4342 ex
1404 4291 1490 4354 empto
1508 4303 1593 4358 agere,
1612 4293 1641 4342 ut
1658 4289 1722 4342 mibi
1740 4303 1785 4342 eos
1804 4287 1925 4342 venditor

1115 4355 1247 4422 traderet,
1278 4357 1492 4424 venditoremque
1516 4373 1564 4426 per
1591 4357 1783 4410 condictionem
1810 4371 1826 4408 a
1853 4355 1923 4408 Titio

1115 4423 1301 4492 repetiturum,
1325 4425 1347 4480 si
1371 4441 1461 4480 servos
1478 4423 1617 4480 tradiderit
1633 4423 1704 4478 Titio
1723 4441 1788 4492 quos
1807 4439 1860 4476 uon
1879 4423 1923 4476 de-

1118 4497 1148 4546 to
1184 4493 1282 4558 buerit,
1308 4509 1368 4546 eum
1391 4493 1486 4546 debere
1511 4507 1539 4546 ιι
1558 4493 1725 4546 existimaret.
1763 4491 1791 4544 Si
1814 4493 1923 4546 curator

1115 4561 1245 4616 bonorum
1262 4561 1439 4618 venditionem
1456 4561 1559 4630 quidem
1582 4561 1686 4626 iecerit,
1710 4559 1851 4628 pecuniam
1875 4575 1924 4624 au-

1115 4637 1168 4686 tem
1187 4631 1361 4686 creditoribus
1384 4647 1439 4684 uon
1463 4629 1581 4694 solverit,
1600 4627 1741 4684 Trebatius
1760 4627 1851 4682 Ofilius
1869 4627 1924 4682 La·

1115 4699 1165 4754 beo
1183 4699 1377 4768 responderunt
1394 4699 1434 4752 his
1453 4699 1497 4768 qui
1514 4703 1667 4778 praesentes
1684 4695 1792 4750 fuerunt
1818 4711 1923 4766 compe-

1115 4773 1172 4822 tere
1190 4767 1315 4822 adversus
1334 4783 1394 4822 cum
1410 4767 1528 4822 mandati
1545 4765 1689 4832 actionem,
1712 4765 1753 4818 his
1771 4771 1860 4818 autem
1879 4765 1924 4836 qui

1117 4837 1239 4890 absentes
1257 4835 1365 4890 inerunt
1382 4837 1547 4904 negotiorum
1563 4839 1696 4900 gestorum
1712 4831 1841 4888 actionem
1856 4849 1922 4892 esse.

1117 4903 1207 4974 atquin
1230 4903 1252 4958 si
1275 4903 1453 4972 praesentium
1477 4901 1630 4958 mandatum
1653 4907 1792 4956 exsecutus
1817 4903 1845 4956 id
1862 4903 1923 4972 egit,

1117 4973 1281 5042 negotiorum
1304 4979 1438 5044 gestorum
1461 4971 1530 5026 actio
1554 4969 1709 5026 absentibus
1732 4987 1786 5026 non
1809 4977 1849 5026 est
1872 4973 1924 5028 nisi

1115 5041 1186 5096 iorte
1203 5041 1329 5096 adversus
1348 5057 1394 5098 eos
1417 5041 1461 5110 qni
1484 5039 1677 5094 mandaverunt
1699 5041 1830 5104 curatori,
1854 5045 1922 5096 tam·

1117 5127 1197 5180 quem
1214 5111 1237 5164 si
1254 5111 1359 5178 negotia
1378 5107 1525 5164 absentium
1541 5107 1683 5176 gesserint:
1708 5109 1779 5180 quod
1801 5107 1838 5174 si,
1862 5125 1923 5164 oum

1117 5179 1167 5234 soli
1199 5179 1341 5234 creditores
1375 5193 1404 5230 se
1437 5191 1494 5230 ιιιι
1526 5177 1719 5244 existimarent,
1751 5179 1779 5232 id
1811 5177 1921 5232 manda-

1117 5247 1217 5312 verint,
1244 5245 1273 5300 ιιι
1300 5245 1402 5300 iactum
1432 5245 1502 5300 actio
1534 5245 1687 5302 absentibus
1715 5247 1803 5302 danda
1829 5251 1869 5300 est
1894 5247 1923 5302 in

1119 5321 1148 5368 11
1186 5331 1230 5368 eos
1254 5313 1299 5382 qui
1322 5313 1511 5368 mandaverint.
1548 5313 1622 5368 Sicut
1646 5321 1733 5370 autem
1750 5317 1863 5368 liberum
1881 5323 1922 5368 est

1118 5383 1272 5436 mandatum
1298 5397 1351 5434 uon
1376 5379 1525 5448 suscipere,
1556 5383 1595 5438 ita
1620 5389 1773 5452 susceptum
1797 5397 1921 5436 cousum-

1117 5451 1185 5506 mari
1202 5453 1319 5518 oportet,
1343 5449 1395 5502 nisi
1411 5451 1589 5506 renuntiatum
1606 5453 1641 5506 ιιι
1659 5451 1812 5514 (renuntiari
1831 5453 1920 5504 autem

1118 5521 1156 5574 ιιι
1172 5523 1275 5590 potest,
1298 5521 1329 5572 ιιι
1345 5515 1476 5586 integrum
1493 5521 1533 5576 ius
1550 5521 1699 5578 mandatori
1716 5523 1865 5574 reservetur
1882 5517 1922 5572 vel

1117 5605 1167 5658 per
1189 5603 1217 5644 se
1234 5587 1275 5640 vel
1291 5601 1340 5654 per
1361 5585 1443 5640 abum
1465 5589 1575 5644 eandem
1598 5605 1653 5644 rem
1678 5587 1814 5644 commode
1838 5585 1921 5656 expli·

1118 5761 1171 5810 edd.
1240 5757 1273 5820 (t)
1292 5773 1374 5806 servos
1383 5759 1429 5810 ins.
