4366 6258
281 359 441 424 XXXV1

281 535 1091 686 sitibattbtdestitistis

281 671 432 724 destinata?
467 669 514 724 sed
531 685 656 738 quomam
677 673 755 726 ambo
772 673 853 740 legatr
868 675 1024 742 pachonem
1040 673 1090 724 ha·

281 739 411 802 buerunt,
435 737 536 792 salvam
557 737 681 802 habebit,
704 755 759 792 nou
782 739 871 794 soluta
892 739 1008 808 pecunia
1023 739 1090 804 siro,

282 801 377 856 mrrber
392 805 532 858 achonem.

317 865 357 926 72
376 869 455 924 loru
469 871 537 926 tetro
561 873 655 926 oetam
678 871 780 928 decim
803 871 990 940 quaestionum
1025 871 1092 926 Gom

282 937 337 992 tale
356 937 473 1006 legatum
496 943 567 992 esset
581 937 703 994 relictum
722 939 808 994 Titiae
834 937 866 992 ‘si
888 953 906 992 a
928 939 1092 994 liberianum

282 1005 460 1072 ‘ffiscesserid
485 1011 649 1124 nefnseruut
665 1021 723 1060 eam
745 1011 818 1060 recte
841 1021 942 1072 carere,
969 1007 1032 1074 qrria
1049 1007 1091 1060 rel

281 1073 393 1128 mortuis
410 1071 499 1126 liberis
532 1071 602 1140 egati
619 1075 740 1130 condicio
762 1071 849 1144 possit
873 1073 1008 1128 exsistere.
1043 1075 1092 1128 sed

284 1139 419 1208 displicuit
442 1141 586 1194 sententiar
613 1157 668 1196 nou
691 1141 759 1198 ertim
782 1145 845 1196 soto
874 1141 968 1196 matris
991 1141 1092 1210 opponi

282 1213 338 1264 tarn
359 1207 480 1262 ominosa
501 1223 556 1262 non
577 1209 786 1278 interponendae
807 1207 939 1264 cautionis
961 1207 1091 1276 iuterpre-

286 1279 297 1330 1
332 1275 399 1328 tatio
425 1273 525 1330 debuit.
563 1275 602 1332 Et
626 1293 687 1332 cum
713 1281 842 1346 patronus
868 1275 963 1330 liberto
990 1281 1092 1330 ιιιιιιι

282 1343 424 1412 pecuniam
440 1343 569 1410 legasset,
591 1345 615 1398 si
631 1359 649 1398 a
665 1345 753 1398 liberis
770 1343 828 1396 eius
845 1357 900 1396 uon
917 1343 1091 1412 discessisset,

302 1409 402 1464 ermisit
417 1409 562 1478 imperator
571 1411 644 1468 velut
656 1411 808 1466 Mucianam
824 1411 975 1466 santionem
986 1411 1091 1466 offerri:

282 1427 336 1532 lut
351 1477 423 1532 enim
434 1477 618 1558 periculosum
634 1495 668 1534 ac
683 1477 760 1534 triste
777 1477 901 1532 libertum
919 1477 1090 1534 coniunctum

284 1549 300 1600 2
333 1549 441 1612 patrum
457 1545 549 1602 liberis
566 1547 709 1602 eorundem
726 1551 837 1600 mortem
855 1551 1019 1616 exspectare.
1044 1547 1092 1600 'li-

284 1613 338 1666 tius
355 1613 478 1670 heredem
499 1615 651 1670 institutum
672 1613 776 1696 rogavit
795 1619 858 1682 post
881 1619 992 1668 mortem
1015 1629 1092 1668 suam

283 1681 456 1738 hereditatem
473 1683 628 1748 restituere,
655 1681 678 1736 si
703 1681 898 1736 hdeioommissi
923 1681 1011 1738 cautio
1037 1699 1092 1736 non

282 1749 378 1804 fideret
403 1751 495 1820 petita.
530 1751 672 1806 Mucianae
698 1749 829 1804 cautionis
856 1751 1005 1818 exemplum
1029 1753 1092 1804 aute

283 1819 499 1874 constitutionem
516 1819 642 1874 remissae
664 1817 795 1872 cautionis
815 1819 906 1872 locum
920 1819 1021 1874 habere
1037 1833 1092 1872 non

283 1885 384 1956 potuit,
410 1887 534 1956 quoniam
555 1887 614 1940 viso
631 1899 679 1950 eo,
708 1885 963 1952 carelessness,
988 1885 1093 1954 impleri

284 1961 300 2010 3
335 1955 569 2026 condiciopotuit.
605 1951 675 2022 Quid
698 1969 776 2022 ergo,
796 1955 821 2008 si
841 1957 881 2008 ita
897 1953 1027 2024 scriptum
1043 1955 1092 2008 sit:

284 2027 371 2092 peto,
394 2029 457 2092 post
478 2029 591 2076 mortem
614 2027 689 2076 tuam
705 2023 833 2078 restituas
854 2023 1029 2078 hereditatem
1045 2023 1092 2090 ita,

283 2097 325 2146 ‘ne
341 2089 407 2146 satis
428 2089 624 2146 fideicommissi
645 2095 753 2160 petatur
773 2107 840 2146 neve
861 2091 930 2146 ratio
954 2091 1092 2160 exigatur’.

283 2161 339 2216 sine
356 2159 436 2214 dubio
458 2173 509 2242 per
530 2157 681 2214 huiusmodi
702 2161 785 2214 verba
806 2177 861 2214 non
881 2159 1092 2230 interponendae

284 2227 387 2298 quidem
405 2227 537 2284 carbonis
550 2227 675 2284 condicio
682 2227 816 2285 uidebitur
833 2227 976 2298 adscripta,
993 2227 1093 2284 rationi

283 2311 409 2352 veronen
419 2297 460 2350 exi
479 2295 665 2350 eudaemodus
676 2297 819 2364 adhibitus,
838 2297 940 2352 scilicet
956 2303 987 2352 ut
1004 2299 1092 2378 culpa,

284 2381 338 2420 non
356 2365 435 2420 etiarn
471 2365 529 2420 ulus
545 2365 670 2418 remissus
687 2365 870 2434 intellegatur:
893 2365 974 2434 idque
989 2365 1019 2420 in
1034 2381 1092 2420 erus

284 2449 408 2502 persona,
427 2431 473 2504 qui
489 2431 595 2500 negotia
611 2431 693 2502 gessit
710 2433 805 2502 cuique
822 2431 933 2488 rationis
943 2433 1093 2488 reddendae

283 2501 429 2556 necessitas
444 2499 535 2554 isserat
551 2505 710 2556 testamento
727 2503 848 2568 remissa,
864 2503 1024 2572 rescriptum
1041 2507 1092 2560 ιιι.

283 2568 522 2692 terrram
537 2569 684 2692 tersa
855 2569 1095 2694 ιιιιι

496 2675 503 2692 .
761 2655 787 2692 m
826 2655 855 2692 ιι
1053 2655 1063 2692 1

283 2721 342 2762 eam
365 2705 508 2760 nubentem
530 2705 645 2774 legatum
668 2707 790 2776 accipere
815 2705 1031 2776 respondendum
1053 2711 1095 2762 est

284 2789 394 2844 mmque
410 2772 474 2844 legis
493 2773 651 2830 renuntiem
661 2773 753 2842 sidem,
770 2789 804 2830 ιι
821 2773 1007 2856 quodomniuc
1025 2791 1095 2848 nup·

283 2843 327 2900 tiis
340 2843 559 2914 impedimentum
575 2843 718 2898 inferatur.
751 2843 799 2900 sed
817 2859 841 2898 ιι
858 2843 946 2902 Titius
962 2843 1021 2900 siro
1039 2849 1094 2900 tes-

284 2917 371 2968 tatore
386 2911 506 2978 decedat,
524 2911 586 2968 licet
596 2911 715 2968 condeio
733 2911 831 2980 deficit,
848 2911 911 2982 quia
927 2917 1019 2968 tamen
1034 2929 1093 2968 sus·

284 2997 368 3052 pensa
384 2995 489 3052 quoqne
509 2995 564 3064 pro
581 2981 664 3036 nihilo
682 2981 767 3048 foret,
791 2981 896 3036 mulieri
912 2987 1094 3036 succurretur.

284 3055 318 3172 ι
334 3049 1095 3174 bertwinus

239 3173 240 3176 '
284 3133 528 3256 legga‘lumpadmitti.
562 3201 617 3242 nou
633 3187 705 3242 idern
721 3157 865 3256 probiter,
888 3187 912 3242 si
929 3193 1018 3242 certus
1035 3187 1093 3244 dies

285 3261 300 3310 ι·
335 3257 486 3310 incertusre
503 3253 570 3310 alius
587 3255 675 3326 legato
692 3255 774 3310 fucrit
790 3255 951 3326 adscriptus.
984 3255 1095 3312 Falsum

285 3339 393 3380 causam
410 3323 497 3394 legato
515 3341 570 3380 uon
587 3325 682 3382 obesse
705 3325 793 3380 serius
810 3329 864 3394 est,
889 3325 952 3394 quia
968 3325 1037 3380 ratio
1055 3325 1094 3380 le·

284 3391 366 3460 medi
380 3393 469 3462 legato
487 3407 542 3448 non
565 3393 704 3450 cohaeret:
731 3393 780 3448 sed
804 3391 960 3464 plerumque
976 3393 1031 3448 doli
1048 3409 1095 3448 ex·

284 3461 372 3532 ceptio
388 3461 478 3516 locum
494 3461 612 3530 hebebit,
629 3461 653 3516 si
666 3461 795 3544 probetur
803 3461 870 3516 alias
887 3462 1022 3532 legatores
1039 3479 1095 3518 non

284 3533 298 3580 t
328 3529 425 3584 ¹fuisse.
447 3529 574 3590 ,Falsum
596 3529 780 3586 comunionem
800 3529 909 3586 Cassius
938 3535 966 3586 et
988 3529 1094 3586 deeius

284 3595 398 3654 Sabinus
413 3597 602 3670 impossibilem
619 3613 678 3656 esse
695 3597 828 3664 dixerunt,
845 3597 942 3652 ueluti:
960 3599 1094 3668 ‘Pamphi-

284 3665 342 3736 ιιι,
361 3667 383 3722 si
401 3669 473 3748 quod
484 3667 555 3722 Titio
566 3667 650 3724 debeo
665 3667 781 3736 solverit,
798 3667 867 3720 liber
881 3667 956 3734 esto’,
974 3667 998 3722 si
1014 3667 1094 3724 modo

283 3735 348 3790 nibil
366 3733 437 3792 'l'itro
454 3735 506 3790 fuit
523 3737 655 3792 debitumr
681 3735 754 3806 quod
776 3735 800 3790 si
822 3739 885 3804 post
905 3739 1095 3790 testamentum

284 3805 386 3858 iactum
403 3809 519 3860 metator
535 3805 677 3872 pecuniam
694 3803 821 3872 emoluit,
848 3801 977 3860 deiecisse
1003 3803 1095 3860 condi-

284 3877 300 3928 8
333 3871 437 3928 cionem
453 3873 579 3942 intellem
613 3873 722 3928 Falsum
743 3871 827 3942 legati
842 3871 1095 3928 demonstrationem

283 3957 338 3998 nou
354 3939 444 3998 iacere
459 3942 577 4010 legatum
593 3941 708 3998 Sabinus
724 3939 863 4012 respondit
881 3943 970 4006 (veluti
986 3943 1009 3996 si
1026 3943 1095 4012 quis,

285 4027 345 4064 curn
362 4009 433 4066 'litio
450 4009 517 4064 nihil
533 4011 662 4092 legasset,
679 4009 719 4090 ita
735 4009 929 4090 scriptum'reli
947 4009 1028 4066 uerit:
1053 4013 1095 4090 ‘ex

284 4079 936 4216 ῑιιιιιιιιιι
958 4077 1095 4216 ιιι

284 4215 372 4270 animo
389 4213 507 4286 legundi,
526 4165 573 4270 seg
590 4215 759 4270 deminuendi
774 4213 906 4284 legatum,
942 4189 1003 4270 ’und
1024 4215 1095 4270 ialso

285 4281 377 4338 datum
395 4285 565 4352 existimaret,
583 4283 622 4338 ita
639 4283 776 4338 scriberet.
829 4289 921 4354 rupter
932 4233 1034 4338 laisum
1052 4289 1094 4338 ta·

286 4369 345 4408 man
362 4351 614 4408 demonstrationem
629 4351 711 4420 legati
726 4367 781 4408 non
810 4299 859 4408 lus
871 4351 948 4408 Seius
965 4353 1095 4422 adseque-

286 4425 330 4474 tur
355 4435 434 4490 quam
451 4421 475 4474 si
491 4435 553 4476 sere
571 4421 780 4476 demonstratum
795 4369 899 4474 luisset.

298 4505 299 4508 ’
320 4459 360 4546 73
377 4487 459 4542 roan
478 4487 546 4544 libro
575 4503 648 4542 nouo
671 4487 773 4542 deamo
801 4489 989 4570 quaestionum
1022 4487 1095 4542 Titio

286 4555 393 4622 iuudm,
411 4555 480 4612 siin
495 4555 588 4612 Αιιιιι
605 4571 660 4610 ιιι
674 4555 784 4622 renent,
801 4555 879 4624 edem,
897 4555 919 4612 si
936 4555 1105 4630 pervenerit,¹¹¹

286 4623 443 4696 Sempronio
459 4625 562 4694 legatus
580 4629 630 4678 est.
664 4639 725 4678 cum
745 4623 774 4678 in
791 4623 913 4680 omnibus
931 4623 1094 4680 condolent·

286 4693 346 4758 bue,
363 4707 432 4762 quae
448 4697 534 4746 morte
544 4689 878 4762 legatariorumiiniuntur,
895 4697 1032 4762 receptum
1044 4697 1094 4758 est,

287 4765 317 4814 ut
330 4757 459 4820 ,Muciana
476 4759 565 4814 caude
582 4759 782 4828 interponatur,
807 4761 884 4816 heres
910 4761 1060 4816 cantiorum
1078 4775 1095 4814 a

287 4825 358 4882 Titio
375 4827 480 4896 accepit
495 4831 525 4882 et
539 4825 652 4882 fundum
669 4825 694 4880 ei
711 4827 791 4882 dedit.
814 4829 837 4882 si
853 4831 950 4898 postea
964 4827 1095 4882 induam

286 4895 443 4964 pervenerit,
461 4891 615 4966 Sempronio
634 4895 726 4960 heres,
744 4895 816 4964 quod
830 4911 863 4948 ex
883 4895 1014 4966 stipulatu
1029 4909 1095 4950 cau·

286 4963 366 5020 donis
373 4963 547 5032 interpositae
558 4961 686 5032 consequi
699 4967 796 5032 potest,
814 4963 874 5018 utili
888 4963 993 5018 ιιιιιιι
1020 4979 1094 5020 rues-

286 5037 345 5086 tare
362 5031 474 5100 nogium.
505 5029 554 5086 sed
570 5031 594 5086 si
611 5029 700 5086 cando
719 5031 805 5088 medio
822 5031 978 5102 tempored
1005 5031 1094 5098 ιιιιιι,

287 5113 355 5170 quae
377 5097 489 5154 subicite
513 5097 602 5154 lucrm
622 5103 731 5164 exacta,
757 5115 811 5154 nou
829 5101 861 5156 de
879 5115 927 5156 suo
946 5099 1095 5170 praestabit

286 5167 375 5232 heres,
393 5165 456 5236 sed,
477 5167 541 5238 quia
557 5167 623 5222 uilril
641 5167 664 5222 ei
680 5173 771 5236 potest
787 5167 870 5236 obici,
893 5167 960 5224 satis
980 5167 1032 5224 erit
1048 5183 1095 5224 ac·

273 5235 372 5290 'dones
496 5233 531 5290 ri.
546 5233 571 5290 si
587 5239 684 5302 ιιιιιι,
702 5235 789 5292 Titius
801 5253 861 5292 cum
878 5235 923 5290 in¹
941 5235 1033 5290 Asiam
1049 5251 1095 5292 se·

285 5305 376 5368 nisset,
414 5303 575 5372 empranius,
591 5303 747 5374 priusquam
763 5305 879 5374 legatum
896 5303 1029 5372 accipiat,
1047 5303 1095 5358 de·

286 5369 405 5492 ιιιῶιὶιι,
421 5369 513 5426 heredi
530 5371 587 5426 eius
596 5371 747 5438 deberetur,
764 5371 837 5442 quod
848 5371 991 5428 defunctus
1004 5377 1097 5442 petere

285 5451 361 5564 Mu
384 5503 466 5562 Innn
494 5505 563 5566 libro
593 5507 730 5584 mommo
761 5509 879 5566 eomodo
908 5509 1096 5582 qumanana

284 5683 315 5746 til
331 5679 359 5734 ln
367 5697 411 5734 on.
422 5679 451 5734 F
464 5693 467 5698 '
528 5682 561 5745 (t)
578 5681 750 5734 duondioioni
758 5683 881 5750 paruisset
888 5697 935 5734 ιιι
944 5683 1025 5734 Titius
1033 5697 1093 5734 eun·

286 5749 383 5802 δὶιίιιι
396 5749 507 5802 musmo
521 5753 594 5802 aar:
611 5767 657 5802 nen
668 5753 689 5802 si
699 5751 780 5804 Titius
794 5749 904 5818 legatum
918 5751 1032 5818 repudiet
1045 5769 1093 5804 scr.

287 5821 320 5882 (a)
338 5817 372 5868 ιι
379 5837 421 5886 pr.
434 5819 467 5884 cs.
479 5815 514 5868 D.
527 5815 568 5882 ts,
581 5829 678 5884 r,1s,1.
692 5821 726 5872 D.
738 5823 778 5882 ιι,
791 5831 812 5882 ι,
825 5831 852 5874 ιι
941 5825 973 5888 (ι)
991 5825 1037 5876 ιιι
1049 5843 1096 5878 aar.

1083 347 1148 422 tet

1613 367 1659 416 DE
1682 363 1943 416 commonemus

1141 533 1251 590 Mulieri
1267 539 1295 590 et
1305 531 1377 590 Titio
1388 547 1454 590 usus
1470 533 1584 598 metus,
1603 531 1626 586 si
1643 547 1697 586 non
1712 531 1834 586 nubserit
1850 529 1944 598 mulier,

1141 603 1252 658 rehctus
1269 607 1318 658 est.
1352 601 1377 656 si
1392 601 1488 658 mulier
1509 601 1644 664 nubserit,
1670 599 1798 668 quamdiu
1814 599 1901 654 Titius
1922 607 1945 656 ιι

1142 673 1206 726 sivit
1221 675 1249 724 et
1264 671 1292 724 in
1309 669 1401 724 eodem
1418 673 1492 724 ιιιιι
1509 671 1568 734 erit,
1585 673 1689 736 partem
1700 683 1764 722 usus
1781 667 1885 722 uocem
1901 667 1944 722 ha·

1142 737 1232 790 babit:
1250 741 1355 790 tantum
1371 737 1441 790 enim
1457 737 1587 790 beneficio
1605 735 1670 802 legis
1687 751 1721 790 ex
1736 735 1824 802 legato
1843 751 1943 790 eonces-

1142 819 1202 858 sum
1220 817 1278 858 essa
1290 805 1394 858 muheri
1406 805 1611 874 intellegendum
1619 807 1668 868 est,
1686 807 1815 872 quantum
1832 803 1944 868 haberet,

1142 871 1165 924 si
1183 871 1332 926 condicioni
1347 871 1491 940 paruisset.
1514 887 1564 926 nec
1580 871 1605 926 si
1621 867 1717 936 Titius,
1735 869 1782 938 qui
1798 869 1944 928 condicione

1143 937 1263 1060 gaferius
1280 944 1335 1004 est,
1361 937 1478 1006 legatum
1494 939 1616 1008 repudiet
1622 939 1641 1004 ²,
1659 953 1692 992 ea
1708 951 1753 992 res
1770 937 1872 992 mulieri
1887 955 1943 1010 pm·

1162 1005 1220 1060 erit.

1178 1069 1218 1130 75
1235 1073 1317 1136 Inane
1329 1071 1397 1128 libro
1415 1073 1551 1144 trigesimo
1569 1077 1667 1142 quarm
1685 1073 1870 1144 quaestoriam
1886 1075 1943 1132 Dies

1142 1141 1262 1194 incertus
1280 1139 1462 1196 condicionem
1478 1141 1507 1194 iu
1523 1145 1682 1196 testamento
1699 1141 1774 1196 facit.

1178 1205 1218 1266 76
1240 1207 1322 1264 lnam
1340 1207 1408 1264 libro
1429 1213 1508 1264 scuto
1530 1225 1720 1276 responsorum
1754 1207 1942 1264 Fidciccmmis·

1145 1291 1203 1330 sum
1222 1291 1239 1330 a
1256 1273 1317 1330 filiis
1334 1277 1456 1330 relictum
1474 1277 1506 1330 ‘si
1523 1277 1580 1344 quis
1598 1291 1631 1330 ιι
1648 1277 1690 1330 his
1703 1277 1760 1332 siue
1776 1275 1866 1331 bberis
1883 1277 1942 1336 diem

1144 1347 1230 1398 ‘snum
1249 1343 1353 1398 obierit'
1372 1345 1523 1412 adoptionis
1541 1351 1689 1398 commento
1707 1361 1761 1398 non
1778 1343 1929 1398 excluditur.

1179 1407 1239 1468 77³
1256 1411 1336 1464 lanu
1351 1411 1419 1466 libro
1436 1413 1548 1482 septimo
1566 1427 1758 1482 remansurum
1790 1411 1866 1478 Aria,
1884 1429 1944 1480 quae

1143 1483 1267 1548 nepotem
1296 1479 1345 1534 sub
1373 1477 1529 1534 condicione
1553 1479 1655 1534 emanci
1676 1479 1771 1534 adonis
1802 1495 1852 1546 pro
1876 1485 1944 1550 parte

1143 1547 1268 1600 heredem
1282 1545 1443 1612 instituerat,
1460 1547 1498 1600 ita
1508 1553 1603 1614 postea
1615 1563 1646 1602 co
1668 1547 1743 1602 'cdhs
1754 1547 1874 1602 scribsit:
1893 1549 1944 1604 ‘hoc

1145 1615 1266 1684 ‘amplius
1284 1615 1376 1684 nepoti
1400 1629 1474 1680 meo,
1500 1629 1580 1682 quam
1607 1615 1678 1684 quod
1695 1631 1755 1670 eum
1771 1615 1896 1670 heredem
1910 1615 1944 1670 in-

1145 1683 1236 1746 stitui,
1253 1681 1312 1750 lego
1327 1681 1441 1804 praedia
1457 1683 1520 1736 illa'.
1539 1683 1722 1738 condicionem
1736 1683 1944 1752 emancipationis

1144 1749 1283 1822 repetitam
1301 1751 1326 1804 vi
1344 1751 1385 1804 eri
1400 1751 1497 1820 placet,
1515 1751 1634 1820 quamvis
1645 1753 1704 1804 asia
1721 1751 1821 1804 nullam
1838 1753 1866 1804 in
1882 1751 1943 1818 lega-

1143 1819 1188 1886 tis,
1205 1823 1236 1872 ut
1252 1819 1280 1872 in
1296 1819 1457 1882 hereditate,
1475 1819 1691 1874 substitutionem
1708 1819 1824 1874 iecisset.
1849 1827 1944 1876 namu

1145 1903 1207 1942 cum
1223 1901 1314 1942 sersus
1331 1901 1399 1954 pure
1416 1885 1522 1954 quidem
1538 1887 1614 1952 liber,
1631 1887 1710 1942 heres
1722 1891 1812 1942 autem
1829 1885 1878 1942 sub
1889 1903 1943 1942 con·

1145 1955 1249 2008 dicione
1266 1955 1382 2024 scriptus
1400 1957 1440 2020 et,
1463 1955 1487 2008 si
1503 1955 1580 2010 heres
1601 1969 1656 2008 non
1673 1955 1816 2022 ιιιιιιιιιι,
1839 1955 1944 2022 legatum

1145 2023 1269 2092 accipere
1284 2023 1374 2076 iussus
1391 2027 1446 2088 ιιι,
1463 2023 1492 2074 in
1508 2023 1596 2092 legato
1613 2023 1752 2092 repetitam
1769 2023 1852 2078 sideri
1874 2023 1944 2076 liber·

1148 2097 1159 2146 1
1194 2095 1278 2146 tatem
1295 2091 1371 2146 dirus
1388 2089 1453 2146 Pius
1476 2091 1621 2146 rescribsit.
1656 2091 1785 2146 Muciana
1802 2089 1890 2146 cautio
1912 2091 1944 2146 lc·

1145 2175 1206 2214 cum
1223 2159 1391 2224 nonhabet,
1415 2159 1438 2212 si
1460 2173 1510 2228 per
1526 2159 1605 2212 aliam
1623 2159 1806 2214 condicionem
1829 2161 1899 2214 actio
1914 2159 1944 2214 le·

1145 2233 1161 2284 t
1195 2227 1250 2296 guti
1268 2227 1368 2282 differri
1404 2227 1478 2282 ussit.
1496 2227 1584 2294 ‘Titia
1603 2227 1626 2282 si
1642 2227 1738 2282 mulier
1754 2245 1809 2284 ιιι
1826 2227 1943 2296 nubserit,

1145 2299 1230 2352 ‘heres
1248 2301 1354 2352 centum
1391 2297 1459 2350 ato':
1486 2311 1566 2366 quam
1588 2295 1728 2364 pecuniam
1752 2297 1836 2352 cidem
1851 2297 1944 2354 mulieri

1145 2365 1232 2420 Titius
1249 2365 1389 2420 restituere
1406 2371 1517 2432 rogatus
1535 2369 1584 2420 est.
1606 2365 1647 2418 si⁴
1663 2365 1786 2420 nubserit
1802 2365 1895 2420 mulier
1911 2365 1944 2422 die

1144 2435 1224 2558 ffffnti
1242 2433 1368 2500 cedente,
1385 2431 1617 2488 fideicommissum
1634 2437 1719 2502 petet:
1745 2439 1850 2488 remoto
1866 2437 1944 2490 auten

1182 2503 1347 2558 eicommisso
1361 2503 1504 2572 legatarius
1517 2501 1667 2572 exemplum
1673 2501 1815 2556 Mucianae
1825 2503 1944 2560 cautious

1145 2575 1160 2626 3
1195 2587 1250 2626 non
1267 2571 1384 2626 habebit
1409 2569 1491 2626 Pater
1508 2569 1685 2626 emundatae
1701 2569 1773 2626 iiliae
1789 2575 1890 2626 tutores
1907 2571 1944 2626 de

1145 2639 1314 2710 ditansque,
1331 2639 1355 2694 si
1371 2643 1457 2694 mater
1474 2641 1545 2704 eius,
1569 2639 1708 2708 impubere
1730 2639 1785 2692 fiha
1802 2639 1944 2708 constituta,

1145 2707 1200 2762 vita
1217 2707 1389 2774 decessisset,
1412 2705 1448 2762 ad
1469 2723 1527 2762 rem
1543 2707 1685 2776 gerendam
1708 2707 1853 2764 accedere⁵
1868 2707 1944 2776 iussit

1145 2793 1207 2830 cum
1224 2777 1302 2832 uxori
1319 2773 1473 2830 mandatum
1490 2779 1575 2843 esset,
1600 2781 1632 2830 ιι
1655 2777 1770 2832 mouens
1790 2773 1862 2830 filiae
1883 2791 1944 2830 con-

1144 2845 1219 2900 muni
1236 2845 1322 2900 decies
1340 2845 1501 2902 restitueret
1536 2859 1591 2898 non
1613 2845 1664 2900 sub
1682 2845 1838 2902 condicione
1853 2849 1944 2902 tutores

1145 2913 1305 2968 videbuntur
1322 2913 1378 2968 dati
1389 2929 1448 2980 nec,
1466 2911 1565 2982 siquid
1577 2913 1649 2968 aliud
1661 2913 1762 2970 interea
1772 2913 1863 2984 puella
1874 2929 1944 2982 quae-

1145 2983 1230 3048 sisset,
1247 2983 1302 3038 eius
1312 2983 1544 3040 administratione
1553 2983 1696 3052 prohiberi,
1712 2983 1869 3038 cautiosero
1880 2981 1944 3036 fidei

1145 3051 1278 3120 commissi
1295 3053 1375 3106 matri
1391 3051 1509 3106 remissa.
1544 3055 1729 3122 quocumquel
1746 3051 1845 3106 indicio
1862 3053 1944 3106 solun-

1145 3121 1208 3174 tatis
1232 3121 1320 3176 cautio
1343 3121 1491 3190 legatorum
1512 3119 1554 3174 rel
1575 3119 1837 3176 fideicommissorum
1857 3121 1946 3176 remini

1144 3191 1243 3258 potest.
1276 3189 1368 3258 itaque
1392 3189 1416 3244 si
1441 3187 1573 3244 nandonis
1598 3205 1653 3244 non
1677 3187 1809 3258 petendae
1835 3187 1944 3244 condeio

1145 3259 1233 3328 legato
1250 3259 1292 3312 vel
1308 3257 1512 3314 fideicommissa
1534 3258 1748 3328 praescribatur,
1775 3257 1944 3312 condicionem

1146 3341 1179 3382 ea
1195 3341 1239 3382 res
1256 3343 1311 3382 non
1325 3327 1421 3382 faciet:
1447 3343 1503 3382 ιιι
1520 3327 1590 3382 enim
1607 3325 1726 3392 deficiet,
1750 3325 1775 3380 si
1791 3325 1850 3396 quis
1868 3325 1945 3382 careri

1145 3393 1343 3464 desiderauerit,
1352 3409 1434 3450 onere
1445 3395 1576 3450 canionis
1590 3411 1645 3450 non
1663 3399 1763 3462 secuto,
1781 3395 1852 3464 quod
1863 3395 1945 3450 adva-

1145 3479 1192 3518 sus
1209 3463 1320 3518 invitum
1336 3463 1416 3520 hodie
1426 3463 1484 3520 iure
1495 3463 1603 3534 publico
1613 3463 1751 3532 sequiuon
1766 3467 1863 3532 potest,
1880 3469 1944 3534 post

1145 3535 1246 3604 quam⁷
1262 3533 1362 3588 remitti
1378 3547 1459 3602 posse
1477 3531 1752 3602 cautionem'placuit.

1181 3597 1220 3658 78
1238 3601 1320 3656 Inna
1338 3601 1407 3658 libro
1429 3617 1501 3656 nouo
1522 3617 1713 3672 responsorum
1748 3599 1815 3656 Cum
1836 3601 1944 3682 pupillus

1146 3673 1194 3724 aut
1209 3673 1284 3724 tutor
1301 3671 1358 3724 eius
1375 3669 1557 3724 condicionem
1580 3671 1608 3724 in
1629 3683 1772 3738 personam
1788 3669 1884 3740 pupilb
1901 3669 1944 3724 col·

1145 3737 1228 3790 latam
1244 3737 1368 3806 impedit,
1385 3743 1441 3790 tam
1463 3739 1475 3790 l
1507 3739 1545 3790 ati
1562 3751 1641 3808 quam
1659 3737 1791 3792 libertatis
1807 3737 1866 3792 iure
1883 3753 1944 3794 com·

1148 3811 1160 3860 t
1196 3803 1270 3858 muni
1288 3805 1429 3860 ιιιιὶὶιὶιΒ
1444 3805 1498 3874 imp
1509 3811 1554 3860 eta
1571 3821 1630 3862 esse
1646 3805 1758 3860 videtur.
1789 3805 1944 3862 Disiunctisc

1146 3873 1225 3928 modo
1244 3873 1445 3930 condicionibus
1469 3873 1609 3944 adscriptis
1627 3873 1740 3928 alteram
1757 3871 1944 3930 defecissemus

1146 3943 1234 3998 oberit
1250 3943 1335 3996 altera
1352 3943 1395 3998 sel
1410 3947 1506 4012 postea
1522 3943 1643 4012 impleta,
1661 3958 1712 3998 ιιι
1727 3943 1845 4012 ίιιιιιιι,
1862 3943 1890 3998 in
1905 3959 1944 4012 po·

1146 4015 1245 4132 tesffate
1260 4009 1361 4066 ineunt
1377 4009 1532 4080 accipientis
1551 4011 1718 4066 condiciones
1735 4025 1771 4066 an
1787 4011 1816 4066 in
1833 4015 1944 4066 euentum

1148 4095 1179 4134 ιι
1200 4085 1269 4132 atae.

1181 4143 1221 4204 te
1239 4147 1320 4202 Innn
1333 4147 1402 4204 libro
1420 4147 1512 4218 primo
1538 4145 1722 4216 definitionum
1759 4147 1851 4204 ‘Heres
1873 4161 1944 4210 meus,

1147 4219 1217 4272 ‘cum
1234 4215 1362 4272 morietur
1377 4215 1474 4282 Titius,
1492 4219 1599 4270 centum
1615 4217 1640 4272 ei
1658 4217 1739 4272 dato'.
1772 4231 1867 4288 purum
1883 4215 1944 4286 lega·

1146 4291 1203 4338 turn
1221 4289 1269 4350 est,
1289 4285 1352 4354 quia
1368 4299 1424 4338 non
1440 4283 1605 4350 condicione,
1623 4285 1671 4340 sed
1679 4301 1755 4340 mora
1771 4283 1944 4354 suspenditur:

1150 4357 1160 4406 t
1197 4369 1252 4408 non
1274 4357 1364 4422 potest
1388 4353 1458 4408 enim
1484 4351 1604 4408 condicio
1629 4369 1684 4408 uon
1709 4353 1830 4408 existere.
1865 4351 1944 4408 ‘Heres

1147 4435 1230 4486 meus,
1249 4435 1310 4474 cum
1326 4421 1385 4490 ipse
1401 4419 1537 4488 morietur,
1556 4425 1662 4474 centum
1679 4421 1751 4476 'litio
1769 4419 1850 4476 dato’.
1883 4421 1944 4490 lega·

1146 4495 1203 4544 tum
1222 4489 1273 4544 sub
1291 4489 1447 4546 condidere
1470 4489 1591 4544 relictum
1608 4493 1662 4546 est:
1685 4489 1804 4558 quamvis
1823 4487 1892 4544 enim
1907 4489 1944 4542 he

1145 4555 1236 4612 sedem
1253 4557 1410 4612 moriturum
1421 4561 1523 4612 ιιιιιιι
1539 4555 1582 4622 sit,
1599 4561 1689 4612 tamen
1706 4557 1837 4612 incertum
1854 4561 1902 4622 est,
1918 4571 1944 4610 sn

1145 4625 1274 4694 legatario
1292 4625 1360 4680 riso.
1378 4625 1434 4680 dies
1452 4623 1550 4694 Ιιιιιίο
1565 4639 1620 4680 ιιι
1637 4625 1709 4678 cedit
1725 4629 1752 4678 et
1767 4641 1823 4680 nou
1841 4629 1881 4678 est
1897 4639 1944 4678 cer·

1146 4697 1161 4748 i
1196 4699 1254 4748 tum
1265 4693 1301 4748 ad
1319 4707 1380 4746 eum
1395 4693 1515 4762 legatum
1533 4697 1730 4762 perventurum.
1748 4693 1800 4762 Qui
1816 4699 1878 4762 post
1894 4693 1944 4770 Mu3

1147 4759 1251 4816 danunt
1275 4761 1426 4816 candorem
1447 4761 1631 4828 interpositam
1653 4761 1769 4828 legatum
1791 4759 1906 4828 accepit,
1928 4773 1945 4814 ι

1147 4833 1242 4884 cenna
1253 4827 1404 4882 candorem
1413 4827 1514 4897 aliquid
1525 4827 1625 4894 iecerit,
1638 4827 1809 4896 stipulatione
1817 4827 1945 4882 ιιιιιιιιι

1146 4895 1226 4950 etiam
1241 4895 1346 4952 fructus
1361 4895 1453 4950 heredi
1470 4897 1605 4952 restituet:
1623 4897 1675 4950 hoc
1689 4895 1760 4950 enim
1772 4895 1912 4964 legatarius
1924 4899 1945 4948 et

1147 4969 1161 5020 3
1196 4963 1225 5018 in
1243 4963 1352 5020 exordio
1370 4977 1464 5018 carme
1482 4963 1593 5032 cogitur.
1620 4963 1744 5032 Quamvis
1761 4977 1827 5018 usus
1843 4963 1944 5026 ιιιιιιι,

1147 5047 1208 5086 cum
1233 5033 1362 5088 moriebar
1385 5031 1547 5100 legammus,
1572 5031 1702 5086 inutiliter
1725 5031 1839 5100 legetur,
1866 5037 1944 5086 tameo

1148 5101 1279 5156 canionis
1295 5099 1438 5156 Mucianae
1454 5099 1598 5154 remedium
1610 5115 1663 5154 usu
1679 5097 1771 5152 fructu
1787 5113 1894 5170 quoque
1903 5097 1944 5152 sub

1147 5169 1329 5224 condicionem
1346 5167 1459 5224 alicuius
1472 5185 1526 5224 uon
1538 5167 1654 5222 faciendi
1667 5167 1754 5236 legato
1766 5167 1854 5222 locum
1865 5167 1943 5224 habet.

1147 5241 1163 5290 ι
1198 5235 1276 5304 Quod
1297 5235 1326 5290 in
1349 5235 1470 5290 haudem
1495 5235 1559 5308 legis
1583 5235 1619 5290 ad
1641 5233 1823 5304 impediendas
1848 5235 1944 5306 nuptias

1147 5305 1275 5428 ιιι
1293 5303 1530 5440 ιιιιι
1546 5301 1869 5440 ιι
1884 5301 1944 5426 ι

1148 5409 1286 5506 nubsedl,
1301 5439 1380 5494 heres
1398 5411 1471 5494 dats
1488 5439 1545 5496 sels
1563 5437 1626 5494 ‘filio
1637 5437 1759 5508 familiar,
1777 5411 1888 5512 sipateb
1898 5437 1944 5494 dns

1148 5509 1266 5566 ‘uxorem
1283 5523 1338 5564 ιιι
1355 5507 1469 5578 duxerit,
1485 5509 1562 5566 heres
1580 5505 1662 5564 datu’.

1145 5683 1178 5748 (s)
1196 5681 1307 5734 accidere
1322 5683 1348 5734 F
1427 5685 1461 5744 (tt
1478 5683 1546 5736 enim
1559 5685 1606 5738 ias.
1621 5685 1708 5738 edd.¹
1768 5683 1801 5748 (ι)
1817 5689 1901 5752 postea
1915 5683 1944 5738 1⁴⁷¹

1145 5753 1179 5816 (8)
1197 5749 1374 5804 condiciolure
1382 5753 1566 5806 communiant.
1625 5741 1821 5820 terraemota.
