4366 6258
251 375 445 430 maurosum
790 309 791 312 Ἴ
1028 351 1092 424 567
1606 449 1607 452 ¹
1680 349 1853 412 iiixviii
1877 359 1890 412 1

913 449 1218 464 unu-uuum

251 559 299 604 mm
322 543 390 594 recte
414 539 618 604 arbitraturum,
648 537 676 592 id
697 539 809 606 iaciant,
838 555 892 594 aon
914 539 976 608 quia
998 539 1038 592 uel
1088 539 1150 604 post
1166 535 1399 592 manumissionem
1417 535 1446 592 id
1463 535 1592 592 didicerit.
1625 529 1695 602 quod
1712 529 1734 584 si
1751 529 1893 608 artificium

255 623 261 670 1
290 607 421 664 immodice
438 607 550 676 obligari
566 607 654 660 velint.
689 607 721 660 In
744 607 876 674 libertam,
900 619 969 676 quae
992 621 1036 660 vo·
1089 617 1212 656 extitere
1235 603 1357 668 desierit,
1380 607 1447 660 tales
1469 619 1564 672 operas
1587 601 1665 656 edere
1685 597 1804 678 debqbtl,
1827 613 1894 664 quae

252 681 338 740 luctata
358 673 463 744 patroni
489 673 593 742 nupsit,
619 673 823 742 praeteritarum
845 679 907 730 ante
929 673 1038 742 nuptias
1088 683 1143 722 non
1166 673 1260 724 contra
1281 671 1435 740 dignitatem
1456 671 1513 724 eius
1536 669 1646 736 ineunt,
1675 665 1756 722 uoluti
1770 667 1810 746 'ut
1833 679 1895 744 cum

251 757 374 820 operarum
391 741 460 796 actio
478 739 565 796 datur.
1087 739 1202 806 patrono
1216 745 1342 806 moretur,
1359 753 1469 808 peregre
1479 737 1673 808 proficiscatur,
1690 739 1825 802 negotium
1836 747 1894 786 erus

278 811 309 872 31
333 809 518 864 Monnsrm'cs
537 809 606 864 libro
623 807 717 880 primo
741 809 897 878 reperturum
941 805 1036 874 Operis
1088 811 1220 858 exerceat.
1793 869 1799 880 ¹
1874 867 1879 880 ⁸

252 899 294 942 uun
307 877 431 946 impositis
447 875 639 942 manumissus,
665 873 768 928 etiamsi
784 891 817 930 ex
835 889 885 930 sua
902 873 1038 928 voluntate
1123 865 1163 928 39
1180 871 1300 928 Paucos
1313 871 1383 928 libro
1397 875 1509 944 septimo
1527 873 1565 928 acl
1575 873 1713 928 Plautium
1746 869 1776 926 Si
1791 873 1830 924 ita
1847 873 1895 924 stu-

252 953 324 1018 eiquo
340 951 455 1012 tempore
472 943 642 1012 praestiterit,
661 943 783 1012 compelli
799 943 834 998 ad
851 941 1037 1012 praestandas,
1088 937 1190 1006 palatio
1207 953 1224 992 a
1240 945 1357 1018 patrono
1372 939 1446 994 iacta
1462 943 1510 996 sit:
1529 943 1560 996 ‘si
1577 941 1668 996 decem
1682 939 1785 994 dierum
1798 953 1893 1018 operas

252 1031 305 1090 quas
320 1027 371 1066 uon
386 1009 516 1078 promisit,
534 1027 588 1066 non
603 1013 702 1080 potest.
1089 1013 1152 1060 ‘non
1169 1005 1284 1072 dedens,
1307 1007 1399 1074 viginti
1415 1023 1536 1062 nummos
1554 1007 1617 1062 dare
1634 1009 1778 1078 spondes’?
1804 1007 1894 1062 urden-

278 1079 311 1142 32
332 1077 495 1132 insalubre
517 1081 596 1134 scoto
612 1077 811 1150 pandectarum
853 1077 880 1132 Is
905 1077 950 1146 qui
974 1089 1037 1132 one·
1089 1075 1151 1128 dum
1169 1079 1223 1138 est,
1245 1087 1281 1128 an
1297 1089 1347 1128 nec
1364 1073 1455 1142 viginti
1472 1075 1542 1130 actio
1560 1075 1648 1130 danda
1666 1075 1712 1142 sit,
1736 1075 1814 1144 quasi
1831 1091 1893 1130 one-

252 1151 334 1212 randas
355 1145 482 1202 libertatis
506 1161 588 1202 causa
609 1145 750 1216 pecuniam
772 1149 884 1216 patrono
908 1143 1037 1216 repromi·
1088 1141 1188 1198 randac
1199 1139 1334 1198 libertatis
1350 1141 1437 1210 gratia
1453 1143 1577 1212 promissi
1594 1143 1659 1210 sint,
1676 1159 1727 1200 uec
1745 1161 1759 1198 o
1781 1159 1893 1210 orarum,

252 1219 312 1284 uerit,
333 1231 384 1270 nou
405 1219 525 1270 tenetur:
548 1213 589 1270 vel
611 1219 754 1282 patronus,
779 1213 802 1270 si
818 1215 957 1282 pecuniam
976 1227 1038 1268 exe·
1090 1225 1158 1282 quae
1175 1211 1321 1290 promissae
1338 1225 1392 1264 nou
1409 1211 1481 1266 sint?
1507 1225 1542 1266 an
1563 1227 1625 1282 uero
1643 1227 1740 1282 operae
1757 1161 1894 1268 iumtaxat

251 1287 309 1360 gerit,
326 1283 452 1338 bonorum
469 1281 664 1350 possessionem
681 1285 774 1336 contra
788 1281 894 1336 tabulas
910 1281 967 1336 eius
983 1297 1038 1336 uon
1087 1279 1234 1350 promissae
1251 1277 1315 1346 fingi
1333 1277 1459 1344 debeant,
1483 1295 1517 1334 ue
1533 1285 1662 1348 patronus
1681 1279 1831 1336 omnimodo
1850 1297 1893 1336 ex·

252 1357 326 1428 potest
358 1353 437 1404 eterc.
1090 1347 1233 1404 cludatur?
1250 1351 1277 1400 ει
1293 1347 1345 1402 hoc
1361 1351 1470 1414 praetor
1487 1363 1592 1418 quoque
1608 1349 1689 1402 sentit
1706 1363 1801 1430 operas
1818 1349 1896 1404 dum-

277 1417 310 1478 33
341 1429 491 1472 Aroanios
506 1417 573 1472 libro
590 1419 669 1472 rento
687 1431 725 1472 cc
738 1415 828 1474 Cossio
857 1415 1038 1486 Imponiope·
1091 1421 1101 1468 1
1139 1421 1214 1470 taxat
1235 1413 1389 1484 promissas.
1425 1413 1542 1482 Sequens
1565 1415 1612 1470 illa
1634 1425 1753 1498 quaestio
1778 1423 1830 1486 εει,
1860 1433 1896 1472 an

251 1503 288 1546 rae
300 1487 342 1548 ita,
359 1489 389 1540 ει
404 1485 462 1554 ipse
478 1483 588 1540 libertus
605 1501 636 1540 se
653 1483 716 1550 alat,
734 1501 788 1540 nou
804 1489 924 1554 possunt.
1090 1483 1200 1540 libertus
1217 1483 1251 1536 im
1272 1487 1360 1536 etrare
1378 1481 1488 1548 debeat,
1505 1497 1539 1538 ue
1555 1483 1663 1540 maioris
1681 1499 1799 1540 summae
1817 1501 1895 1556 quam

277 1551 311 1612 34
327 1551 493 1606 Pomromos
514 1553 581 1606 libro
602 1553 744 1608 vicensimo
761 1553 877 1608 secundo
901 1553 938 1608 ad
954 1551 1038 1618 Qaa-
1089 1549 1180 1620 viginti
1199 1499 1402 1630 eoniemnetur,
1427 1549 1488 1630 quia
1510 1549 1613 1606 uidetur
1635 1551 1828 1620 quodammodo
1847 1569 1895 1624 pa-

252 1633 295 1680 trm
309 1619 423 1676 Mucium
456 1619 591 1676 Interdum
609 1625 636 1676 et
653 1621 859 1676 deminutionem
872 1625 900 1676 ει
912 1637 1037 1690 augmen-
1088 1627 1182 1676 tronus
1204 1625 1272 1676 tanti
1295 1633 1390 1688 operas
1413 1623 1566 1674 aestimasse
1584 1617 1698 1688 ideoque
1713 1637 1768 1676 nou
1786 1621 1895 1678 deberet

252 1699 296 1746 tum
315 1693 340 1742 ει
360 1687 531 1744 mutationem
554 1687 673 1758 recipere
696 1687 870 1756 obligationes
896 1705 1038 1758 operarum
1089 1687 1179 1756 egredi
1189 1687 1352 1744 taxationem
1364 1687 1463 1756 viginti.
1487 1687 1533 1742 sed
1544 1685 1582 1740 ini
1600 1703 1664 1740 uum
1675 1693 1717 1744 est
1728 1703 1779 1744 uec
1791 1695 1896 1760 oportet

252 1755 368 1814 sciendum
389 1761 438 1810 est.
472 1771 534 1810 uam
559 1755 621 1810 dum
643 1758 751 1824 languet
773 1757 898 1822 libertus,
923 1761 1037 1826 patrono
1088 1757 1183 1810 liberto
1201 1757 1252 1810 hoc
1268 1755 1420 1822 indulgere,
1439 1753 1502 1822 quia
1517 1771 1571 1810 non
1583 1703 1668 1810 ς4εεει
1684 1771 1718 1810 ex
1734 1763 1812 1826 parte
1828 1759 1895 1814 obli-

252 1837 345 1902 matas,
367 1839 436 1892 quae
467 1825 520 1876 iam
539 1823 633 1878 cedere
651 1829 810 1904 coeperunt,
833 1831 954 1894 pereunt.
991 1825 1038 1880 sed
1088 1823 1425 1894 gationemcomprobare,
1449 1827 1580 1892 exparte
1603 1823 1896 1894 tamquamdeiniqua

251 1889 380 1956 ariberte,
398 1905 465 1960 quae
482 1905 578 1960 operas
595 1891 731 1960 promis1t,
755 1891 791 1946 ad
808 1907 867 1948 eam
884 1891 1038 1960 dignitatem
1090 1891 1170 1960 queri.

252 1957 372 2028 parveniat,
391 1963 421 2014 ut
437 1959 622 2014 inconveniens
640 1957 676 2014 sit
691 1963 830 2028 praestare
843 1963 957 2028 patrono
974 1975 1037 2028 ope·
1123 1957 1163 2018 to
1182 1959 1365 2014 surranum
1386 1957 1454 2014 libro
1477 1957 1618 2014 uicensimo
1641 1959 1828 2028 quaestionum
1868 1957 1896 2014 Si

253 2039 293 2086 ras,
308 2023 361 2092 ipso
378 2025 436 2080 iure
452 2027 504 2082 hac
519 2027 687 2082 intercident.
1089 2027 1159 2082 bona
1176 2029 1282 2098 patroni
1299 2027 1441 2092 venierint,
1466 2041 1620 2096 operarum,
1643 2041 1712 2094 quae
1727 2029 1791 2096 post
1805 2027 1896 2082 uendi

277 2087 310 2148 35
331 2091 447 2148 Pacius
472 2095 540 2152 libro
569 2095 687 2150 secondo
713 2095 751 2150 ad
776 2095 861 2164 repam
883 2095 984 2150 Iuliam
1011 2101 1038 2148 ct
1089 2095 1186 2158 tionem
1203 2095 1396 2164 praeterierint,
1415 2095 1485 2150 aetio
1502 2099 1616 2164 patrono
1628 2091 1743 2160 dabitur,
1761 2093 1812 2148 etsi
1825 2095 1896 2148 alere

253 2159 348 2228 Pupium
392 2161 501 2216 Liberta
521 2161 606 2218 maior
627 2161 819 2240 quinquaginta
841 2161 917 2218 annis
941 2177 1037 2230 operas
1088 2177 1117 2216 εε
1134 2165 1233 2230 possit:
1257 2169 1318 2218 ante
1336 2161 1511 2218 uenditionem
1527 2161 1731 2230 praeteritarum
1747 2175 1801 2214 non
1820 2161 1895 2214 dabi-

252 2229 368 2296 praestare
384 2233 497 2296 patrono
514 2245 569 2284 non
585 2233 696 2298 cogitur.
1088 2235 1134 2282 tur
1160 2231 1285 2298 quoniam
1302 2245 1336 2286 ex
1352 2235 1416 2286 ante
1431 2235 1507 2300 gesto
1524 2227 1587 2298 agit.

277 2287 310 2350 36
330 2293 472 2350 Uarianos
486 2297 555 2352 libro
574 2297 713 2352 audemaro
736 2295 774 2350 cd
792 2295 876 2368 legem
894 2295 995 2350 Iuliam
1012 2299 1039 2350 ct
1122 2269 1160 2354 41
1180 2299 1260 2352 lnam
1275 2299 1344 2354 libro
1362 2299 1456 2368 quinto
1472 2311 1664 2368 responsorum
1697 2293 1830 2362 Libertus,
1851 2293 1897 2364 qui

251 2359 348 2430 Pupium
386 2361 477 2416 Labeo
498 2365 536 2416 ait
551 2363 683 2420 libertatis
701 2377 783 2418 causa
800 2363 953 2420 societatem
968 2363 1039 2418 inter
1089 2379 1229 2434 operarum
1253 2365 1413 2434 obligatione
1429 2365 1558 2422 dimissus
1576 2369 1617 2420 est
1634 2367 1662 2420 at
1680 2377 1713 2418 ue
1730 2363 1770 2416 ita
1786 2361 1897 2416 liberam

251 2427 357 2482 ibeeuu
378 2435 405 2482 ει
425 2437 568 2500 patronum
589 2431 689 2486 iactam
710 2431 768 2500 ipso
791 2431 849 2486 iure
866 2431 932 2486 nibil
950 2431 1038 2488 valere
1088 2433 1240 2488 testamenti
1257 2433 1401 2488 factionem
1418 2433 1627 2496 adsecutusest,
1645 2379 1830 2488 leitilamma
1849 2431 1896 2482 ob-

252 2493 323 2564 palau
338 2509 402 2550 esse.
1088 2499 1181 2566 aequi⁶
1192 2501 1367 2554 verecundiae
1376 2505 1490 2554 ιεεειεε.
1508 2501 1692 2554 alimentorum
1702 2497 1806 2552 diuersa
1815 2511 1897 2552 causa

277 2557 310 2642 di
332 2561 447 2618 Pactus
469 2563 538 2618 itero
565 2563 681 2620 occucdo
708 2565 746 2620 ad
773 2563 858 2634 tepea
886 2563 987 2620 Iuliam
1012 2569 1040 2620 ct
1089 2569 1137 2628 est,
1157 2581 1216 2620 cum
1233 2567 1324 2638 inopia
1340 2567 1446 2638 patroni
1462 2583 1512 2636 per
1527 2565 1669 2622 inuidiaml
1691 2565 1815 2620 libemum
1832 2581 1896 2620 ccu-

252 2627 348 2698 Pupmm
381 2629 441 2698 ‘Qui
456 2628 595 2686 libertinus
612 2633 678 2686 duos
697 2631 819 2700 pluresue
836 2647 853 2686 a
870 2647 899 2686 se
915 2631 1038 2700 genitos¹
1074 2633 1167 2688 ¹uenit

252 2701 349 2752 ‘numere
370 2697 399 2750 in
419 2713 468 2752 sua
491 2701 624 2764 potestate
645 2699 755 2754 babebit
771 2703 879 2766 praeter
896 2713 969 2764 eum,
992 2699 1038 2768 qui
1122 2695 1163 2758 42
1181 2701 1261 2754 Iona
1274 2701 1343 2758 libro
1360 2719 1431 2758 nono
1448 2719 1639 2772 responsorum
1671 2701 1827 2758 ‘Cerdonem
1841 2715 1896 2754 ser-

252 2767 327 2842 titem
348 2763 476 2818 ludicram
499 2763 593 2820 iacent
614 2767 692 2836 quiue
714 2781 810 2846 operas
833 2781 897 2834 suas
922 2771 953 2820 ut
977 2781 1038 2820 cum
1088 2769 1158 2822 ‘uum
1181 2785 1269 2824 meum
1291 2769 1441 2824 manumitti
1466 2771 1526 2824 volo
1547 2769 1607 2836 ita,
1630 2773 1660 2824 ut
1685 2785 1780 2838 operas
1804 2767 1897 2822 heredi

251 2831 333 2884 ‘bestris
346 2835 474 2910 pugnaret
488 2831 629 2888 locaverit:
647 2849 681 2888 ne
695 2849 752 2902 quis
762 2847 854 2888 eorum
868 2849 962 2902 operas
975 2833 1038 2888 doni
1089 2835 1251 2902 promittat.
1279 2851 1332 2890 nou
1351 2837 1454 2904 cogitur
1470 2837 1645 2892 manundssus
1664 2837 1831 2904 promittere:
1849 2835 1896 2890 sed

252 2899 357 2954 ‘muneris
380 2899 483 2954 aliudue
506 2899 645 2968 quiequam
665 2899 797 2956 libertatis
818 2915 901 2956 causa
921 2905 1038 2968 patrono
1088 2901 1139 2956 etsi
1155 2901 1320 2970 promiserit,
1338 2903 1366 2956 in
1384 2919 1443 2958 eum
1460 2905 1530 2958 actio
1549 2919 1603 2958 non
1621 2903 1741 2958 dabitur:
1765 2917 1827 2956 nam
1844 2903 1896 2957 iuri

252 2971 377 3046 ‘patronae'
389 2965 513 3046 liberisue
534 2981 639 3034 corum,
667 2967 702 3022 dc
728 2967 826 3036 quibus
847 2967 975 3022 iurauerit
996 2967 1038 3022 rel
1088 2967 1197 3088 Bublico
1214 2969 1343 3036 derogare
1364 2985 1418 3026 non
1435 2971 1536 3040 potuit,
1559 2971 1604 3040 qui
1625 2971 1896 3026 fideicommissariam

252 3037 390 3102 promiserat
415 3035 577 3100 obligatosve
602 3035 664 3100 erit,
692 3033 756 3088 dare
783 3035 872 3088 iacere
900 3039 1038 3102 praestare
1100 3035 1238 3088 'bermtem
1256 3035 1335 3088 dedit.

253 3107 261 3154 l
290 3099 402 3156 ‘debeto’.
437 3099 474 3154 Et
496 3099 519 3154 si
541 3115 594 3154 non
616 3101 708 3154 eodem
731 3107 851 3168 ternpore
873 3101 927 3156 duc
944 3101 972 3154 in
986 3117 1038 3180 po·
1123 3097 1162 3158 43
1180 3101 1343 3156 innolidro
1359 3117 1431 3156 nono
1448 3101 1550 3158 decimo
1571 3119 1761 3182 responsorum
1802 3103 1896 3158 Oeris

254 3169 333 3222 ιεειειε
349 3167 471 3220 babuerit
488 3167 529 3222 vel
545 3183 627 3222 unum
650 3169 858 3246 quinquennem,
881 3167 1039 3224 liberabitur
1088 3167 1340 3234 obligatusmilitiae
1352 3169 1802 3238 nomennonsineimuriapatroni
1831 3171 1894 3226 abit.

253 3241 277 3290 lc
305 3249 440 3304 operarum
462 3235 630 3302 obligatione.
671 3235 769 3290 Am1ssi
795 3241 876 3290 antea
900 3235 977 3290 liberi
1002 3235 1038 3290 ad
1123 3233 1164 3292 44
1181 3235 1333 3290 Scaevoia
1352 3235 1419 3290 libro
1438 3241 1536 3304 quarto
1571 3239 1739 3292 adactionem
1774 3237 1895 3294 Siliber·

251 3317 287 3358 cas
306 3317 409 3370 operas,
433 3317 502 3370 quae
523 3307 618 3372 postea
638 3303 825 3370 imponuntur,
854 3307 981 3372 prosunt,
1007 3307 1038 3358 ut
1088 3307 1132 3358 tus
1149 3319 1250 3358 moram
1268 3301 1295 3354 in
1308 3301 1395 3370 operia
1409 3301 1510 3368 iecerit,
1528 3253 1669 3358 briciussor
1682 3307 1801 3358 teneturr
1820 3321 1896 3360 mora

251 3373 263 3424 t
289 3369 399 3424 Iulianus
421 3371 466 3424 ait.
503 3367 556 3424 Sed
578 3373 606 3424 ει
627 3369 651 3424 si
677 3385 731 3424 unc
758 3369 855 3424 amisso
879 3371 978 3450 obliget
999 3385 1037 3438 se,
1089 3369 1251 3424 fideiussoris
1269 3367 1343 3422 nulla
1358 3373 1408 3424 εει.
1435 3375 1464 3422 at
1479 3371 1508 3422 in
1524 3369 1630 3424 homine
1648 3371 1737 3424 debito
1756 3371 1896 3426 fideiussor

251 3437 328 3492 deinde
347 3435 414 3490 alter
436 3439 578 3500 nascatur,
601 3436 684 3491 multo
707 3437 791 3504 magis
814 3437 978 3504 Pompomus
999 3439 1038 3490 ait
1089 3435 1167 3490 etiam
1184 3451 1218 3490 ex
1235 3451 1285 3490 sua
1301 3451 1377 3490 mora
1393 3437 1421 3488 iu
1439 3437 1596 3504 obligatione
1614 3439 1751 3492 retinetur.

252 3511 263 3558 t
290 3503 407 3560 amissum
428 3503 490 3558 huic
512 3503 597 3570 iungi,
620 3503 660 3558 uti
681 3503 816 3558 liberetur.
853 3503 927 3556 Nihil
948 3509 1038 3558 autem
1122 3499 1162 3560 45
1181 3503 1260 3556 Inna
1274 3503 1342 3556 libro
1359 3501 1476 3556 secondo
1493 3519 1683 3574 responsorum
1709 3505 1834 3560 Libertus
1849 3521 1894 3560 ne·

251 3573 354 3640 interam,
378 3575 466 3624 utrum
482 3571 534 3640 ipsi
550 3571 689 3638 promittat
705 3577 819 3640 patrono
837 3585 873 3624 an
889 3571 927 3624 eia
946 3571 992 3638 qui
1008 3571 1037 3624 iu
1087 3571 1224 3638 gotiatoris
1242 3567 1359 3624 vestiarii
1376 3583 1411 3622 an
1425 3571 1536 3624 eandem
1546 3571 1750 3640 negotiationem
1761 3573 1791 3626 iu
1803 3571 1896 3628 eadem

252 3643 264 3694 t
290 3643 414 3708 potestate
431 3637 487 3694 eius
507 3637 567 3692 sint.
594 3637 646 3692 Sed
664 3637 687 3692 si
704 3637 829 3692 creditori
846 3651 895 3692 suo
912 3637 1038 3690 libertum
1089 3637 1194 3690 civitate
1213 3643 1239 3690 et
1256 3635 1348 3690 eodem
1365 3637 1425 3690 loco
1437 3635 1518 3692 invito
1531 3643 1643 3706 patrono
1655 3653 1778 3694 exercere
1790 3641 1896 3708 possit?

251 3711 360 3776 potmnos
377 3703 543 3774 delegaverit,
561 3721 615 3760 non
628 3709 717 3772 potest
728 3703 799 3760 idem
813 3703 879 3758 dici:
897 3703 1036 3760 solutionis
1087 3703 1226 3772 respondit
1248 3703 1315 3756 nihil
1338 3703 1463 3772 proponi,
1487 3719 1536 3758 cur
1557 3719 1611 3758 nou
1633 3707 1731 3774 possit,
1756 3707 1779 3762 si
1796 3707 1896 3760 nullam

251 3775 306 3830 cuim
324 3773 404 3830 sicem
427 3771 545 3828 εεειίεει
566 3773 633 3826 haec
656 3771 795 3840 delegatio.
834 3775 924 3840 potest
945 3775 1037 3826 tamen
1088 3769 1232 3826 laesionem
1250 3787 1283 3824 ex
1299 3769 1352 3824 hoc
1369 3769 1466 3826 sentiet
1481 3777 1621 3840 patronus.

251 3841 298 3910 dici,
313 3841 334 3898 si
349 3841 376 3898 in
392 3841 427 3908 id,
445 3841 517 3910 quod
534 3845 648 3910 patrono
665 3839 794 3910 promisit,
818 3839 863 3894 alii
899 3843 974 3896 ostea
991 3841 1037 3896 de·
1122 3835 1162 3896 46
1187 3837 1296 3892 hunus
1310 3839 1378 3894 libro
1391 3839 1759 3908 potatofidcicommissorcm
1785 3839 1896 3894 Liberta

251 3909 335 3980 legatus
356 3909 401 3976 sit,
430 3923 510 3978 posse
532 3923 592 3964 eum
614 3907 723 3964 liberari
746 3923 779 3964 ex
800 3908 853 3964 hac
875 3853 946 3976 iige:
975 3923 1038 3962 nam
1080 3907 1112 3960 'si
1129 3905 1157 3958 in
1175 3905 1353 3960 concubinatu
1370 3905 1476 3974 patroni
1493 3909 1576 3970 esset,
1594 3907 1704 3976 perinde
1721 3921 1753 3962 ac
1771 3907 1795 3960 si
1811 3913 1896 3976 nupta

251 3993 324 4034 rerum
340 3983 380 4032 est
395 3983 508 4046 patrono
529 3991 589 4030 eum
611 3975 797 4044 expromisisse
804 3977 823 4042 ²,
848 3973 966 4044 quamuis
988 3991 1036 4042 pa·
1088 3973 1172 4028 eidem
1190 3977 1273 4040 esset,
1298 3989 1440 4042 operarum
1461 3973 1616 4042 petitionem
1637 3973 1666 4028 in
1686 3991 1745 4030 earn
1766 3973 1825 4028 dari
1841 3991 1896 4028 noa

251 4049 314 4102 trono
329 4059 396 4100 nuuc
413 4059 468 4100 nou
484 4043 593 4098 debeat:
618 4041 690 4110 quod
710 4045 734 4098 si
755 4045 789 4098 ab
806 4043 882 4098 initio
896 4043 1037 4110 delegante
1089 4045 1211 4108 oportere
1228 4043 1341 4096 constat.

251 4117 263 4164 i
290 4117 394 4182 patruum
406 4111 518 4166 libertus
530 4109 687 4180 promiserit,
699 4125 753 4164 non
764 4111 872 4164 liberari
883 4125 951 4164 eum.
975 4109 1038 4162 Non
1123 4103 1161 4162 47
1181 4107 1260 4162 Inna
1274 4107 1341 4162 libro
1356 4111 1435 4162 scroto
1445 4105 1710 4176 fideicommissariam
1732 4107 1895 4176 ¹Campanus

251 4179 321 4234 solunt
335 4177 492 4244 futurarum,
510 4177 558 4232 sed
575 4177 656 4230 etiam
672 4177 877 4246 praeteritarum
894 4191 1037 4246 operarum
1088 4173 1181 4228 scribit
1196 4191 1249 4228 nou
1264 4173 1360 4228 debere
1373 4181 1522 4244 praetorem
1536 4175 1593 4242 pati
1607 4173 1705 4228 donum
1719 4189 1815 4228 munus
1831 4189 1895 4244 ope-

251 4251 263 4300 t
290 4245 402 4300 liberatio
421 4245 460 4300 fit.
494 4243 614 4300 Iulianus
637 4245 717 4300 etiam
738 4245 762 4300 si
782 4245 835 4300 iam
857 4247 957 4316 petitae
975 4249 1038 4300 suut
1088 4257 1132 4296 ras
1149 4241 1249 4312 imponi
1265 4243 1298 4306 ei,
1316 4241 1362 4310 qui
1374 4257 1407 4298 ex
1418 4241 1614 4296 fideicommissi
1628 4255 1710 4296 eausa
1724 4241 1894 4294 manumitta-

251 4329 338 4392 operae,
354 4315 444 4370 liberis
461 4311 575 4370 sublatis
592 4313 784 4368 absolutionem
801 4313 958 4368 faciendam.
989 4313 1038 4366 sed
1088 4313 1140 4364 tur.
1167 4309 1215 4366 scd
1231 4311 1263 4374 si,
1282 4327 1343 4364 cum
1360 4311 1440 4366 sciret
1456 4323 1536 4378 posse
1548 4325 1577 4366 se
1591 4309 1619 4362 id
1631 4323 1764 4372 recusare,
1783 4307 1896 4376 obligari

251 4395 268 4436 ε
280 4381 326 4438 iau
342 4397 482 4452 operarum
499 4381 603 4438 nomine
622 4381 813 4436 condemnatus
834 4387 888 4448 εει,
911 4395 966 4436 εοε
988 4393 1036 4448 po·
1088 4381 1230 4458 seupassu's
1247 4377 1296 4444 sit,
1314 4393 1371 4458 non
1388 4377 1557 4432 inhibendam
1574 4393 1715 4444 operarum
1732 4375 1895 4446 petitionem,

251 4453 293 4506 test
311 4449 428 4516 liberari,
468 4447 576 4504 uoniam
596 4447 651 4504 iam
668 4449 808 4518 pecuniam
826 4449 921 4504 debere
940 4447 1035 4516 coepit.
1088 4461 1151 4516 qaia
1167 4447 1280 4502 donasse
1297 4445 1409 4502 udatur.

252 4521 262 4570 i
289 4519 424 4572 Postumus
446 4517 535 4572 lierti
556 4515 668 4572 heredes
709 4517 774 4574 atris
797 4517 840 4572 aui
861 4533 915 4572 εοε
932 4517 1036 4584 liberat,
1122 4507 1162 4572 48
1180 4513 1437 4568 Hunnoennraaus
1451 4513 1518 4570 libro
1536 4513 1653 4570 secundo
1676 4511 1745 4564 a'oris
1767 4511 1893 4580 epitoma·

251 4585 309 4652 quod
329 4585 459 4654 proficisci
482 4585 604 4641 liberatio
630 4599 647 4638 a
671 4533 767 4640 liierto
791 4585 870 4640 debet
890 4599 941 4640 uec
964 4585 1036 4654 quis-
1087 4597 1147 4634 rom
1182 4581 1257 4636 Sicut
1274 4585 1412 4660 patronus,
1430 4581 1468 4636 ita
1483 4577 1680 4660 etiampatroni
1690 4577 1761 4658 filius
1775 4581 1895 4646 atnepos

251 4667 315 4720 cuam
328 4659 388 4720 post
403 4657 516 4708 mortem
531 4651 639 4706 liberari
655 4651 771 4720 intellegi
787 4657 885 4720 potest.
911 4669 945 4708 cx
962 4651 1038 4720 lege³
1088 4653 1116 4704 et
1131 4663 1272 4718 pronepos,
1292 4665 1337 4718 qur
1353 4649 1465 4702 libertae
1481 4651 1580 4716 nuptus
1592 4651 1735 4716 consensit,
1753 4659 1895 4714 operarum

251 4721 263 4768 8
289 4723 371 4774 autem
386 4719 444 4774 nati
459 4719 538 4775 liberi
554 4723 676 4790 prosunt.
703 4719 816 4774 Etiamsi
833 4719 861 4774 in
878 4723 1038 4790 personamt
1088 4717 1251 4772 exactionem
1269 4717 1380 4770 amitam
1398 4731 1460 4770 nam
1471 4715 1546 4782 haec,
1565 4715 1639 4768 cuius
1652 4711 1818 4768 matrimonio
1831 4729 1894 4776 con·

251 4783 324 4840 liberti
338 4789 434 4844 nodata
449 4789 572 4842 liberatio
589 4791 643 4854 εει,
661 4785 831 4844 fideiussores
848 4803 954 4858 quoque
970 4789 1036 4846 libe·
1092 4789 1101 4840 l
1138 4785 1228 4850 sensit,
1245 4783 1274 4838 in
1291 4783 1380 4840 cilicio
1397 4783 1486 4838 mariti
1500 4797 1557 4838 esse
1571 4781 1656 4836 debet.
1686 4781 1713 4834 Si
1725 4785 1815 4836 autem
1826 4797 1894 4852 nup-

251 4855 363 4908 rabuntur
380 4871 412 4910 ex
429 4855 561 4912 sententia
577 4855 657 4924 legis:
679 4855 750 4924 quod
770 4855 795 4910 si
810 4855 923 4912 libertus
940 4871 1036 4926 expro·
1088 4855 1149 4920 tiae,
1166 4851 1261 4922 quibus
1278 4859 1407 4918 patronus
1426 4851 1568 4914 consensit,
1586 4849 1673 4904 nullas
1687 4849 1804 4904 habeant
1817 4849 1894 4918 vires,

251 4921 368 4976 uisuram
385 4923 495 4990 dederit,
512 4921 577 4978 nibil
593 4923 645 4978 boc
663 4927 745 4990 caput
761 4923 786 4976 ei
803 4921 930 4992 proderit.
1089 4927 1104 4976 t
1139 4935 1233 4990 operas
1251 4919 1355 4990 exigere
1371 4925 1501 4990 patronus
1525 4933 1579 4972 non
1598 4919 1763 4986 prohibetur.
1778 4917 1894 4998 ‚Patru-

277 4983 311 5046 38
329 4987 539 5048 enarraremus
553 4993 621 5046 libro
633 4991 805 5046 tmtioedicti
814 4993 953 5046 meritorii
978 4993 1037 5050 Hae
1088 5005 1152 5056 nae,
1175 4989 1238 5044 item
1260 4987 1332 5044 filiae
1354 4993 1381 5044 ει
1401 4987 1476 5058 nepti
1499 4993 1525 5042 et
1541 4987 1665 5056 pronepti
1680 4991 1800 5058 patrem,
1826 5005 1895 5060 quae

251 5051 339 5134 demum
353 5055 492 5130 impositae
509 5073 606 5130 operae
617 5057 813 5128 intelleguntur,
850 5059 1036 5116 uaesinetur-
1088 5059 1200 5114 libertae
1216 5057 1315 5126 nuptiis
1334 5057 1476 5122 consensit,
1497 5071 1636 5126 operarum
1655 5055 1757 5114 exactio
1775 5071 1830 5112 non
1847 5059 1893 5116 de·

251 5123 352 5200 blindins
367 5125 498 5194 praestari
514 5133 627 5196 possunt
644 5131 672 5182 ει
683 5127 741 5182 sine
750 5125 823 5194 peric
854 5125 960 5182 oritas.
987 5143 1037 5186 nec
1088 5131 1207 5196 negatur,
1226 5125 1289 5194 quia
1306 5125 1347 5182 bis
1364 5141 1414 5182 nec
1432 5125 1466 5180 ab
1484 5141 1516 5180 ea
1534 5139 1602 5194 quae
1616 5131 1700 5196 nupta
1715 5131 1755 5184 εει
1768 5125 1894 5184 indecore

251 5201 307 5244 enm
326 5191 348 5248 si
369 5195 492 5250 nemum
513 5197 676 5252 manumissa
697 5195 792 5260 tuerit,
813 5193 920 5250 easdem
941 5209 1037 5264 operas
1088 5199 1265 5266 praestantur.
1689 5237 1690 5242 η
1861 5249 1862 5252 ,

251 5261 346 5322 patrono
375 5269 512 5330 praestare
536 5263 632 5330 debet,
662 5263 780 5332 quamuis
808 5261 896 5318 adhuc
926 5279 1038 5332 corpore
1121 5259 1162 5320 49
1187 5263 1279 5318 Gaios
1304 5263 1372 5318 libro
1400 5263 1537 5334 stupratori
1563 5263 1596 5318 de
1611 5265 1728 5322 ,curibus
1771 5263 1894 5320 Duorum

250 5329 371 5388 tmuium
393 5329 489 5386 laumas
517 5345 568 5386 nec
590 5331 747 5386 harenarius
770 5329 947 5386 manumissus
969 5331 1038 5388 tales
1088 5331 1197 5386 libertus
1220 5329 1422 5400 potestatique
1445 5345 1510 5386 casu
1532 5333 1640 5404 singulis
1663 5333 1779 5392 diuersas
1797 5347 1894 5404 operas

250 5403 342 5460 iberos,
362 5395 424 5464 quia
438 5395 506 5454 istae
523 5397 597 5454 sine⁵
632 5399 732 5454 ericulo
749 5399 818 5454 vitae
834 5397 966 5468 praestari
983 5415 1038 5456 nou
1088 5413 1141 5452 unc
1158 5403 1278 5468 tempore
1293 5397 1322 5452 in
1338 5399 1452 5456 solidum
1469 5399 1560 5470 edere,
1577 5403 1658 5464 veluti
1675 5405 1698 5462 si
1714 5401 1840 5458 librarius
1857 5401 1895 5458 sit

252 5459 268 5534 1Ι
289 5467 403 5528 possunt
443 5463 472 5520 Si
496 5469 586 5520 tamen
605 5467 717 5524 libertus
740 5465 882 5522 urbicium
905 5473 1037 5530 exerceat,
1088 5465 1176 5520 etalii
1199 5469 1312 5536 patrono
1335 5467 1463 5524 librorum
1484 5473 1683 5530 scribendorum
1705 5485 1800 5542 operas
1822 5467 1893 5536 edat,

251 5537 296 5580 eius
315 5543 415 5600 quoque
437 5545 534 5602 operas
557 5537 669 5604 patrono
688 5539 825 5606 praestare
842 5533 963 5600 debebit,
986 5533 1039 5592 etsi
1088 5533 1156 5590 alter
1172 5547 1233 5590 uero
1251 5549 1361 5606 peregre
1376 5551 1437 5592 cum
1448 5539 1504 5596 suis
1515 5543 1685 5614 proficiscens
1697 5553 1791 5610 operas
1802 5541 1893 5594 custo·

250 5701 273 5764 [il
287 5707 595 5774 umgenituslexrenatcs
606 5711 719 5764 Guicrr'ur
791 5713 823 5776 (a)
840 5709 1035 5776 promisissem.
1086 5707 1141 5760 aine
1154 5709 1200 5760 ica.
1285 5713 1318 5776 (a)
1337 5709 1491 5776 obsequicF
1568 5715 1600 5776 (r)
1618 5711 1890 5778 iuopiaepatroniprc·

248 5767 274 5834 (ι)
290 5785 348 5824 exte
362 5791 407 5830 aer.
493 5777 525 5842 (l)
542 5779 681 5842 personaF
761 5781 793 5842 (a)
811 5775 977 5842 turpitudine,
989 5777 1036 5830 hae
1088 5775 1224 5830 viderercr.
