<?xml version="1.0" encoding="UTF-8"?>
<!DOCTYPE html PUBLIC "-//W3C//DTD XHTML 1.0 Transitional//EN"
    "http://www.w3.org/TR/xhtml1/DTD/xhtml1-transitional.dtd">
<html xmlns="http://www.w3.org/1999/xhtml" xml:lang="en" lang="en">
 <head>
  <title>
</title>
<meta http-equiv="Content-Type" content="text/html;charset=utf-8" />
  <meta name='ocr-system' content='tesseract 3.04.00' />
  <meta name='ocr-capabilities' content='ocr_page ocr_carea ocr_par ocr_line ocrx_word'/>
</head>
<body>
  <div class='ocr_page' id='page_1' title='image "./corpusiuriscivi00schogoog_0521.png"; bbox 0 0 4366 6258; ppageno 0'>
   <div class='ocr_carea' id='block_1_1' title="bbox 286 321 1962 444">
    <p class='ocr_par' dir='ltr' id='par_1_1' title="bbox 286 321 1962 456">
     <span class='ocr_line' id='line_1_1' title="bbox 286 321 1962 444; baseline 0 -20"><span class='ocrx_word' id='word_1_1' title='bbox 286 359 443 426; x_wconf 85' lang='lat' dir='ltr'>XXVIIII</span> <span class='ocrx_word' id='word_1_2' title='bbox 464 365 532 444; x_wconf 66' lang='lat' dir='ltr'><strong>ab</strong></span> <span class='ocrx_word' id='word_1_3' title='bbox 860 379 861 382; x_wconf 45' lang='lat'>¹</span> <span class='ocrx_word' id='word_1_4' title='bbox 1088 353 1149 424; x_wconf 83' lang='lat' dir='ltr'><strong>lio</strong></span> <span class='ocrx_word' id='word_1_5' title='bbox 1544 375 1589 422; x_wconf 82' lang='lat' dir='ltr'><strong>nm</strong></span> <span class='ocrx_word' id='word_1_6' title='bbox 1611 377 1760 432; x_wconf 72' lang='lat' dir='ltr'><strong>seuerus</strong></span> <span class='ocrx_word' id='word_1_7' title='bbox 1778 321 1962 426; x_wconf 34' lang='lat' dir='ltr'><strong>consumo}</strong></span> 
     </span>
    </p>
   </div>
   <div class='ocr_carea' id='block_1_2' title="bbox 284 503 1961 878">
    <p class='ocr_par' dir='ltr' id='par_1_2' title="bbox 284 503 1962 878">
     <span class='ocr_line' id='line_1_2' title="bbox 321 503 1959 612; baseline -0.002 -14"><span class='ocrx_word' id='word_1_8' title='bbox 321 539 358 598; x_wconf 89' lang='grc'><strong>21</strong></span> <span class='ocrx_word' id='word_1_9' title='bbox 384 539 529 594; x_wconf 78' lang='lat' dir='ltr'><strong>lrrrrrus</strong></span> <span class='ocrx_word' id='word_1_10' title='bbox 551 541 619 594; x_wconf 75' lang='lat' dir='ltr'><strong>labro</strong></span> <span class='ocrx_word' id='word_1_11' title='bbox 645 539 777 596; x_wconf 83' lang='lat' dir='ltr'><strong>vicesimo.</strong></span> <span class='ocrx_word' id='word_1_12' title='bbox 792 541 906 612; x_wconf 82' lang='lat' dir='ltr'><strong>septimo</strong></span> <span class='ocrx_word' id='word_1_13' title='bbox 932 541 1095 610; x_wconf 79' lang='lat' dir='ltr'><strong>dipestmam</strong></span> <span class='ocrx_word' id='word_1_14' title='bbox 1145 539 1192 592; x_wconf 87' lang='lat' dir='ltr'><strong>filii</strong></span> <span class='ocrx_word' id='word_1_15' title='bbox 1208 539 1353 608; x_wconf 88' lang='lat' dir='ltr'><strong>possideat.</strong></span> <span class='ocrx_word' id='word_1_16' title='bbox 1387 539 1458 594; x_wconf 89' lang='lat' dir='ltr'><strong>idem</strong></span> <span class='ocrx_word' id='word_1_17' title='bbox 1480 539 1546 594; x_wconf 84' lang='lat' dir='ltr'><strong>iuris</strong></span> <span class='ocrx_word' id='word_1_18' title='bbox 1570 539 1621 592; x_wconf 84' lang='lat' dir='ltr'><strong>erit</strong></span> <span class='ocrx_word' id='word_1_19' title='bbox 1641 545 1668 592; x_wconf 92' lang='lat' dir='ltr'><strong>et</strong></span> <span class='ocrx_word' id='word_1_20' title='bbox 1684 537 1708 592; x_wconf 91' lang='lat' dir='ltr'><strong>si</strong></span> <span class='ocrx_word' id='word_1_21' title='bbox 1724 537 1779 592; x_wconf 88' lang='lat' dir='ltr'><strong>tilio</strong></span> <span class='ocrx_word' id='word_1_22' title='bbox 1796 539 1873 594; x_wconf 89' lang='lat' dir='ltr'><strong>heres</strong></span> <span class='ocrx_word' id='word_1_23' title='bbox 1892 503 1959 604; x_wconf 67' lang='lat' dir='ltr'><strong>dats·</strong></span> 
     </span>
     <span class='ocr_line' id='line_1_3' title="bbox 286 607 1961 688; baseline -0.002 -26"><span class='ocrx_word' id='word_1_24' title='bbox 286 609 316 662; x_wconf 87' lang='lat' dir='ltr'><strong>Si</strong></span> <span class='ocrx_word' id='word_1_25' title='bbox 338 607 408 660; x_wconf 87' lang='lat' dir='ltr'><strong>filius</strong></span> <span class='ocrx_word' id='word_1_26' title='bbox 432 621 506 662; x_wconf 88' lang='lat' dir='ltr'><strong>mens</strong></span> <span class='ocrx_word' id='word_1_27' title='bbox 530 623 546 660; x_wconf 91' lang='lat' dir='ltr'><strong>a</strong></span> <span class='ocrx_word' id='word_1_28' title='bbox 568 611 654 662; x_wconf 87' lang='lat' dir='ltr'><strong>matre</strong></span> <span class='ocrx_word' id='word_1_29' title='bbox 676 621 726 686; x_wconf 76' lang='lat' dir='ltr'><strong>sua</strong></span> <span class='ocrx_word' id='word_1_30' title='bbox 743 609 822 664; x_wconf 88' lang='lat' dir='ltr'><strong>heres</strong></span> <span class='ocrx_word' id='word_1_31' title='bbox 839 607 954 676; x_wconf 84' lang='lat' dir='ltr'><strong>scriptus</strong></span> <span class='ocrx_word' id='word_1_32' title='bbox 971 607 1052 688; x_wconf 78' lang='lat' dir='ltr'><strong>brerit</strong></span> <span class='ocrx_word' id='word_1_33' title='bbox 1067 613 1095 660; x_wconf 90' lang='lat' dir='ltr'><strong>et</strong></span> <span class='ocrx_word' id='word_1_34' title='bbox 1148 611 1159 660; x_wconf 88' lang='lat'>1</span> <span class='ocrx_word' id='word_1_35' title='bbox 1196 609 1231 662; x_wconf 89' lang='lat' dir='ltr'><strong>sit</strong></span> <span class='ocrx_word' id='word_1_36' title='bbox 1254 613 1281 660; x_wconf 92' lang='lat' dir='ltr'><strong>et</strong></span> <span class='ocrx_word' id='word_1_37' title='bbox 1303 607 1473 662; x_wconf 71' lang='lat' dir='ltr'><strong>substitutae</strong></span> <span class='ocrx_word' id='word_1_38' title='bbox 1507 607 1545 686; x_wconf 43' lang='lat' dir='ltr'><strong>Iu·</strong></span> <span class='ocrx_word' id='word_1_39' title='bbox 1562 607 1722 686; x_wconf 76' lang='lat' dir='ltr'><strong>sententiam</strong></span> <span class='ocrx_word' id='word_1_40' title='bbox 1744 607 1825 686; x_wconf 81' lang='lat' dir='ltr'><strong>edicti</strong></span> <span class='ocrx_word' id='word_1_41' title='bbox 1844 613 1961 676; x_wconf 40' lang='lat' dir='ltr'><strong>propter-,2</strong></span> 
     </span>
     <span class='ocr_line' id='line_1_4' title="bbox 285 673 1947 808; baseline -0.003 -13"><span class='ocrx_word' id='word_1_42' title='bbox 285 691 334 754; x_wconf 62' lang='lat'><strong>⁹³⁰</strong></span> <span class='ocrx_word' id='word_1_43' title='bbox 357 675 1096 808; x_wconf 45' lang='grc' dir='ltr'><strong>ι22ιίιῇιῖῗῗιὲιιῗιιι)Ἥὲιιὲιῖῗιξιιιιὲ</strong></span> <span class='ocrx_word' id='word_1_44' title='bbox 1144 673 1520 796; x_wconf 51' lang='lat' dir='ltr'><strong>massaritias</strong></span> <span class='ocrx_word' id='word_1_45' title='bbox 1532 673 1947 808; x_wconf 64' lang='lat' dir='ltr'><strong>santissimae</strong></span> 
     </span>
     <span class='ocr_line' id='line_1_5' title="bbox 284 741 1961 878; baseline 0 -14"><span class='ocrx_word' id='word_1_46' title='bbox 284 741 558 864; x_wconf 58' lang='lat' dir='ltr'><strong>dlaursidedndbebitndon</strong></span> <span class='ocrx_word' id='word_1_47' title='bbox 583 823 661 862; x_wconf 89' lang='lat' dir='ltr'><strong>secus</strong></span> <span class='ocrx_word' id='word_1_48' title='bbox 687 781 721 864; x_wconf 70' lang='lat' dir='ltr'><strong>ad</strong></span> <span class='ocrx_word' id='word_1_49' title='bbox 745 811 768 864; x_wconf 92' lang='lat' dir='ltr'><strong>si</strong></span> <span class='ocrx_word' id='word_1_50' title='bbox 793 809 852 876; x_wconf 90' lang='lat' dir='ltr'><strong>ipse</strong></span> <span class='ocrx_word' id='word_1_51' title='bbox 877 809 954 862; x_wconf 89' lang='lat' dir='ltr'><strong>heres</strong></span> <span class='ocrx_word' id='word_1_52' title='bbox 979 809 1095 878; x_wconf 86' lang='lat' dir='ltr'><strong>scriptus</strong></span> <span class='ocrx_word' id='word_1_53' title='bbox 1145 825 1199 862; x_wconf 90' lang='lat' dir='ltr'><strong>non</strong></span> <span class='ocrx_word' id='word_1_54' title='bbox 1216 809 1407 878; x_wconf 78' lang='lat' dir='ltr'>emancipavit,</span> <span class='ocrx_word' id='word_1_55' title='bbox 1432 807 1479 862; x_wconf 88' lang='lat' dir='ltr'><strong>sed</strong></span> <span class='ocrx_word' id='word_1_56' title='bbox 1501 809 1536 862; x_wconf 90' lang='lat' dir='ltr'><strong>ab</strong></span> <span class='ocrx_word' id='word_1_57' title='bbox 1558 809 1685 862; x_wconf 87' lang='lat' dir='ltr'><strong>intestato</strong></span> <span class='ocrx_word' id='word_1_58' title='bbox 1707 823 1756 876; x_wconf 92' lang='lat' dir='ltr'><strong>per</strong></span> <span class='ocrx_word' id='word_1_59' title='bbox 1774 809 1851 862; x_wconf 67' lang='lat' dir='ltr'><strong>euin⁴</strong></span> <span class='ocrx_word' id='word_1_60' title='bbox 1867 809 1961 876; x_wconf 72' lang='lat' dir='ltr'><strong>possi-ij</strong></span> 
     </span>
    </p>
   </div>
   <div class='ocr_carea' id='block_1_3' title="bbox 284 875 1959 1224">
    <p class='ocr_par' dir='ltr' id='par_1_3' title="bbox 284 875 1959 1012">
     <span class='ocr_line' id='line_1_6' title="bbox 284 875 1959 946; baseline -0.002 -15"><span class='ocrx_word' id='word_1_61' title='bbox 284 879 385 932; x_wconf 90' lang='lat' dir='ltr'><strong>omissa</strong></span> <span class='ocrx_word' id='word_1_62' title='bbox 408 891 492 930; x_wconf 89' lang='lat' dir='ltr'><strong>causa</strong></span> <span class='ocrx_word' id='word_1_63' title='bbox 513 877 664 932; x_wconf 78' lang='lat' dir='ltr'><strong>testamenti</strong></span> <span class='ocrx_word' id='word_1_64' title='bbox 688 877 819 932; x_wconf 90' lang='lat' dir='ltr'><strong>bonorum</strong></span> <span class='ocrx_word' id='word_1_65' title='bbox 843 875 1037 944; x_wconf 89' lang='lat' dir='ltr'><strong>possessionem</strong></span> <span class='ocrx_word' id='word_1_66' title='bbox 1059 877 1094 930; x_wconf 94' lang='lat' dir='ltr'><strong>ab</strong></span> <span class='ocrx_word' id='word_1_67' title='bbox 1145 881 1160 928; x_wconf 82' lang='lat'><strong>2</strong></span> <span class='ocrx_word' id='word_1_68' title='bbox 1196 877 1258 930; x_wconf 90' lang='lat' dir='ltr'><strong>dere</strong></span> <span class='ocrx_word' id='word_1_69' title='bbox 1285 893 1333 932; x_wconf 89' lang='lat' dir='ltr'><strong>coe</strong></span> <span class='ocrx_word' id='word_1_70' title='bbox 1352 877 1380 928; x_wconf 89' lang='lat' dir='ltr'><strong>it.</strong></span> <span class='ocrx_word' id='word_1_71' title='bbox 1421 877 1452 928; x_wconf 91' lang='lat' dir='ltr'><strong>In</strong></span> <span class='ocrx_word' id='word_1_72' title='bbox 1478 891 1552 940; x_wconf 86' lang='lat' dir='ltr'><strong>eum,</strong></span> <span class='ocrx_word' id='word_1_73' title='bbox 1581 875 1627 944; x_wconf 87' lang='lat' dir='ltr'><strong>qui</strong></span> <span class='ocrx_word' id='word_1_74' title='bbox 1655 881 1812 930; x_wconf 89' lang='lat' dir='ltr'><strong>testamento</strong></span> <span class='ocrx_word' id='word_1_75' title='bbox 1838 875 1959 946; x_wconf 65' lang='lat' dir='ltr'><strong>scriptus)</strong></span> 
     </span>
     <span class='ocr_line' id='line_1_7' title="bbox 287 943 1956 1012; baseline 0.002 -13"><span class='ocrx_word' id='word_1_76' title='bbox 287 943 600 1012; x_wconf 86' lang='lat' dir='ltr'><strong>intestatoacoopissem.</strong></span> <span class='ocrx_word' id='word_1_77' title='bbox 1144 943 1221 998; x_wconf 89' lang='lat' dir='ltr'><strong>heres</strong></span> <span class='ocrx_word' id='word_1_78' title='bbox 1245 959 1301 998; x_wconf 88' lang='lat' dir='ltr'><strong>non</strong></span> <span class='ocrx_word' id='word_1_79' title='bbox 1355 943 1388 1010; x_wconf 89' lang='grc' dir='ltr'><strong>ἰ,</strong></span> <span class='ocrx_word' id='word_1_80' title='bbox 1418 943 1440 998; x_wconf 92' lang='lat' dir='ltr'><strong>si</strong></span> <span class='ocrx_word' id='word_1_81' title='bbox 1464 943 1566 998; x_wconf 79' lang='lat' dir='ltr'><strong>bandis</strong></span> <span class='ocrx_word' id='word_1_82' title='bbox 1592 943 1701 998; x_wconf 89' lang='lat' dir='ltr'><strong>consilio</strong></span> <span class='ocrx_word' id='word_1_83' title='bbox 1729 959 1790 998; x_wconf 89' lang='lat' dir='ltr'><strong>cum</strong></span> <span class='ocrx_word' id='word_1_84' title='bbox 1811 943 1956 1012; x_wconf 69' lang='lat' dir='ltr'><strong>heredibm&#39;</strong></span> 
     </span>
    </p>

    <p class='ocr_par' dir='ltr' id='par_1_4' title="bbox 286 1009 1956 1224">
     <span class='ocr_line' id='line_1_8' title="bbox 322 1009 1953 1084; baseline -0.002 -16"><span class='ocrx_word' id='word_1_85' title='bbox 322 1009 362 1068; x_wconf 91' lang='grc'><strong>22</strong></span> <span class='ocrx_word' id='word_1_86' title='bbox 378 1011 542 1066; x_wconf 78' lang='lat' dir='ltr'><strong>Innrlitro</strong></span> <span class='ocrx_word' id='word_1_87' title='bbox 560 1011 691 1066; x_wconf 80' lang='lat' dir='ltr'><strong>tricesimo</strong></span> <span class='ocrx_word' id='word_1_88' title='bbox 704 1013 796 1084; x_wconf 81' lang='lat' dir='ltr'><strong>primo</strong></span> <span class='ocrx_word' id='word_1_89' title='bbox 815 1009 979 1080; x_wconf 80' lang='lat' dir='ltr'><strong>dt&#39;pestoram</strong></span> <span class='ocrx_word' id='word_1_90' title='bbox 1018 1009 1045 1064; x_wconf 91' lang='lat' dir='ltr'><strong>Si</strong></span> <span class='ocrx_word' id='word_1_91' title='bbox 1067 1011 1096 1066; x_wconf 90' lang='lat' dir='ltr'><strong>in</strong></span> <span class='ocrx_word' id='word_1_92' title='bbox 1145 1011 1251 1078; x_wconf 89' lang='lat' dir='ltr'><strong>scriptis</strong></span> <span class='ocrx_word' id='word_1_93' title='bbox 1264 1011 1425 1080; x_wconf 88' lang='lat' dir='ltr'><strong>participato</strong></span> <span class='ocrx_word' id='word_1_94' title='bbox 1439 1011 1580 1078; x_wconf 81' lang='lat' dir='ltr'><strong>legitimam</strong></span> <span class='ocrx_word' id='word_1_95' title='bbox 1593 1009 1768 1064; x_wconf 79' lang='lat' dir='ltr'><strong>hereditatem</strong></span> <span class='ocrx_word' id='word_1_96' title='bbox 1782 1009 1855 1066; x_wconf 89' lang='lat' dir='ltr'><strong>solus</strong></span> <span class='ocrx_word' id='word_1_97' title='bbox 1887 1011 1953 1066; x_wconf 51' lang='lat' dir='ltr'><strong>ossi-¹</strong></span> 
     </span>
     <span class='ocr_line' id='line_1_9' title="bbox 287 1027 1945 1158; baseline 0 -26"><span class='ocrx_word' id='word_1_98' title='bbox 287 1083 445 1158; x_wconf 81' lang='lat' dir='ltr'><strong>testamento</strong></span> <span class='ocrx_word' id='word_1_99' title='bbox 467 1079 507 1132; x_wconf 89' lang='lat' dir='ltr'><strong>ita</strong></span> <span class='ocrx_word' id='word_1_100' title='bbox 529 1077 657 1158; x_wconf 84' lang='lat' dir='ltr'><strong>scripbrm</strong></span> <span class='ocrx_word' id='word_1_101' title='bbox 679 1079 773 1132; x_wconf 86' lang='lat' dir='ltr'><strong>luerit:</strong></span> <span class='ocrx_word' id='word_1_102' title='bbox 802 1077 897 1132; x_wconf 87' lang='lat' dir='ltr'><strong>‘Titius</strong></span> <span class='ocrx_word' id='word_1_103' title='bbox 920 1081 999 1132; x_wconf 89' lang='lat' dir='ltr'><strong>heres</strong></span> <span class='ocrx_word' id='word_1_104' title='bbox 1022 1083 1093 1158; x_wconf 80' lang='lat' dir='ltr'><strong>esto:</strong></span> <span class='ocrx_word' id='word_1_105' title='bbox 1145 1077 1196 1132; x_wconf 91' lang='lat' dir='ltr'><strong>dea</strong></span> <span class='ocrx_word' id='word_1_106' title='bbox 1238 1079 1308 1134; x_wconf 87' lang='lat' dir='ltr'><strong>aetio</strong></span> <span class='ocrx_word' id='word_1_107' title='bbox 1325 1079 1473 1146; x_wconf 83' lang='lat' dir='ltr'><strong>legatorum</strong></span> <span class='ocrx_word' id='word_1_108' title='bbox 1490 1093 1522 1132; x_wconf 82' lang='lat' dir='ltr'><strong>ex</strong></span> <span class='ocrx_word' id='word_1_109' title='bbox 1540 1079 1671 1132; x_wconf 90' lang='lat' dir='ltr'><strong>sententia</strong></span> <span class='ocrx_word' id='word_1_110' title='bbox 1688 1079 1821 1158; x_wconf 87' lang='lat' dir='ltr'><strong>praetoris</strong></span> <span class='ocrx_word' id='word_1_111' title='bbox 1838 1027 1945 1136; x_wconf 53' lang='lat' dir='ltr'><strong>deditur.</strong></span> 
     </span>
     <span class='ocr_line' id='line_1_10' title="bbox 286 1143 1956 1224; baseline 0 -24"><span class='ocrx_word' id='word_1_112' title='bbox 286 1147 320 1200; x_wconf 83' lang='lat' dir='ltr'><strong>‘si</strong></span> <span class='ocrx_word' id='word_1_113' title='bbox 337 1147 423 1200; x_wconf 80' lang='lat' dir='ltr'><strong>Titius</strong></span> <span class='ocrx_word' id='word_1_114' title='bbox 446 1147 524 1200; x_wconf 90' lang='lat' dir='ltr'><strong>heres</strong></span> <span class='ocrx_word' id='word_1_115' title='bbox 548 1153 610 1212; x_wconf 85' lang='lat' dir='ltr'><strong>emt,</strong></span> <span class='ocrx_word' id='word_1_116' title='bbox 633 1147 753 1202; x_wconf 87' lang='lat' dir='ltr'><strong>Maevius</strong></span> <span class='ocrx_word' id='word_1_117' title='bbox 776 1147 854 1198; x_wconf 89' lang='lat' dir='ltr'><strong>heres</strong></span> <span class='ocrx_word' id='word_1_118' title='bbox 874 1147 941 1200; x_wconf 88' lang='lat' dir='ltr'><strong>esto’</strong></span> <span class='ocrx_word' id='word_1_119' title='bbox 965 1153 991 1200; x_wconf 91' lang='lat' dir='ltr'><strong>et</strong></span> <span class='ocrx_word' id='word_1_120' title='bbox 1010 1147 1095 1200; x_wconf 82' lang='lat' dir='ltr'><strong>Titius</strong></span> <span class='ocrx_word' id='word_1_121' title='bbox 1179 1143 1198 1202; x_wconf 83' lang='lat'><strong>2</strong></span> <span class='ocrx_word' id='word_1_122' title='bbox 1237 1145 1415 1200; x_wconf 70' lang='lat' dir='ltr'><strong>Maarsares</strong></span> <span class='ocrx_word' id='word_1_123' title='bbox 1428 1147 1496 1202; x_wconf 81' lang='lat' dir='ltr'><strong>libro</strong></span> <span class='ocrx_word' id='word_1_124' title='bbox 1513 1153 1612 1216; x_wconf 81' lang='lat' dir='ltr'><strong>quarto</strong></span> <span class='ocrx_word' id='word_1_125' title='bbox 1626 1147 1891 1224; x_wconf 67' lang='lat' dir='ltr'><strong>fideicommissorum</strong></span> <span class='ocrx_word' id='word_1_126' title='bbox 1924 1145 1956 1204; x_wconf 88' lang='lat' dir='ltr'><strong>Si</strong></span> 
     </span>
    </p>
   </div>
   <div class='ocr_carea' id='block_1_4' title="bbox 286 1213 1961 1292">
    <p class='ocr_par' dir='ltr' id='par_1_5' title="bbox 286 1213 1961 1292">
     <span class='ocr_line' id='line_1_11' title="bbox 286 1213 1961 1292; baseline -0.001 -24"><span class='ocrx_word' id='word_1_127' title='bbox 286 1213 384 1268; x_wconf 88' lang='lat' dir='ltr'><strong>omissa</strong></span> <span class='ocrx_word' id='word_1_128' title='bbox 409 1227 492 1266; x_wconf 86' lang='lat' dir='ltr'><strong>causa</strong></span> <span class='ocrx_word' id='word_1_129' title='bbox 514 1215 666 1270; x_wconf 74' lang='lat' dir='ltr'><strong>testamenti</strong></span> <span class='ocrx_word' id='word_1_130' title='bbox 682 1213 856 1266; x_wconf 76' lang='lat' dir='ltr'><strong>hereditatem</strong></span> <span class='ocrx_word' id='word_1_131' title='bbox 871 1213 1015 1282; x_wconf 80' lang='lat' dir='ltr'><strong>legitimam</strong></span> <span class='ocrx_word' id='word_1_132' title='bbox 1031 1229 1094 1282; x_wconf 88' lang='lat' dir='ltr'><strong>pos·</strong></span> <span class='ocrx_word' id='word_1_133' title='bbox 1145 1229 1250 1268; x_wconf 83' lang='lat' dir='ltr'><strong>serrum</strong></span> <span class='ocrx_word' id='word_1_134' title='bbox 1262 1213 1389 1266; x_wconf 86' lang='lat' dir='ltr'><strong>heredem</strong></span> <span class='ocrx_word' id='word_1_135' title='bbox 1401 1213 1552 1268; x_wconf 76' lang='lat' dir='ltr'><strong>institutum</strong></span> <span class='ocrx_word' id='word_1_136' title='bbox 1566 1213 1696 1278; x_wconf 88' lang='lat' dir='ltr'><strong>dommus,</strong></span> <span class='ocrx_word' id='word_1_137' title='bbox 1715 1213 1761 1292; x_wconf 74' lang='grc' dir='ltr'><strong>ιιι</strong></span> <span class='ocrx_word' id='word_1_138' title='bbox 1773 1213 1831 1282; x_wconf 86' lang='lat' dir='ltr'><strong>ipse</strong></span> <span class='ocrx_word' id='word_1_139' title='bbox 1844 1217 1961 1292; x_wconf 50' lang='lat' dir='ltr'><strong>rogatus¹</strong></span> 
     </span>
    </p>
   </div>
   <div class='ocr_carea' id='block_1_5' title="bbox 286 1279 1946 1400">
    <p class='ocr_par' dir='ltr' id='par_1_6' title="bbox 286 1279 1946 1400">
     <span class='ocr_line' id='line_1_12' title="bbox 286 1279 1946 1400; baseline 0.002 -65"><span class='ocrx_word' id='word_1_140' title='bbox 286 1281 393 1344; x_wconf 89' lang='lat' dir='ltr'><strong>sederit,</strong></span> <span class='ocrx_word' id='word_1_141' title='bbox 411 1279 515 1336; x_wconf 74' lang='lat' dir='ltr'><strong>Mando</strong></span> <span class='ocrx_word' id='word_1_142' title='bbox 533 1279 659 1336; x_wconf 83' lang='lat' dir='ltr'><strong>adversus</strong></span> <span class='ocrx_word' id='word_1_143' title='bbox 676 1297 736 1334; x_wconf 90' lang='lat' dir='ltr'><strong>eum</strong></span> <span class='ocrx_word' id='word_1_144' title='bbox 752 1279 847 1400; x_wconf 52' lang='grc' dir='ltr'>ἱειίιίο</span> <span class='ocrx_word' id='word_1_145' title='bbox 863 1279 1020 1336; x_wconf 87' lang='lat' dir='ltr'><strong>hereditatis</strong></span> <span class='ocrx_word' id='word_1_146' title='bbox 1037 1279 1095 1334; x_wconf 88' lang='lat' dir='ltr'><strong>dari</strong></span> <span class='ocrx_word' id='word_1_147' title='bbox 1145 1279 1234 1334; x_wconf 86' lang='lat' dir='ltr'><strong>iuerat</strong></span> <span class='ocrx_word' id='word_1_148' title='bbox 1261 1279 1493 1336; x_wconf 86' lang='lat' dir='ltr'><strong>fideicommissum</strong></span> <span class='ocrx_word' id='word_1_149' title='bbox 1517 1285 1669 1348; x_wconf 87' lang='lat' dir='ltr'><strong>praestare,</strong></span> <span class='ocrx_word' id='word_1_150' title='bbox 1698 1297 1854 1350; x_wconf 81' lang='lat' dir='ltr'><strong>priusquam</strong></span> <span class='ocrx_word' id='word_1_151' title='bbox 1882 1279 1946 1338; x_wconf 81' lang='lat' dir='ltr'><strong>adira</strong></span> 
     </span>
    </p>
   </div>
   <div class='ocr_carea' id='block_1_6' title="bbox 285 1347 1960 1420">
    <p class='ocr_par' dir='ltr' id='par_1_7' title="bbox 285 1347 1960 1420">
     <span class='ocr_line' id='line_1_13' title="bbox 285 1347 1960 1420; baseline 0 -18"><span class='ocrx_word' id='word_1_152' title='bbox 285 1363 341 1402; x_wconf 88' lang='lat' dir='ltr'><strong>non</strong></span> <span class='ocrx_word' id='word_1_153' title='bbox 359 1347 437 1402; x_wconf 88' lang='lat' dir='ltr'><strong>debet</strong></span> <span class='ocrx_word' id='word_1_154' title='bbox 453 1363 501 1416; x_wconf 89' lang='lat' dir='ltr'><strong>pro</strong></span> <span class='ocrx_word' id='word_1_155' title='bbox 519 1355 604 1418; x_wconf 87' lang='lat' dir='ltr'><strong>parte,</strong></span> <span class='ocrx_word' id='word_1_156' title='bbox 623 1363 702 1420; x_wconf 91' lang='lat' dir='ltr'><strong>quam</strong></span> <span class='ocrx_word' id='word_1_157' title='bbox 719 1349 755 1400; x_wconf 90' lang='lat' dir='ltr'><strong>ha</strong></span> <span class='ocrx_word' id='word_1_158' title='bbox 773 1347 860 1402; x_wconf 87' lang='lat' dir='ltr'><strong>iturus</strong></span> <span class='ocrx_word' id='word_1_159' title='bbox 878 1353 955 1412; x_wconf 89' lang='lat' dir='ltr'><strong>esset,</strong></span> <span class='ocrx_word' id='word_1_160' title='bbox 974 1347 998 1402; x_wconf 90' lang='lat' dir='ltr'><strong>si</strong></span> <span class='ocrx_word' id='word_1_161' title='bbox 1012 1353 1095 1402; x_wconf 87' lang='lat' dir='ltr'><strong>testa-</strong></span> <span class='ocrx_word' id='word_1_162' title='bbox 1145 1349 1257 1414; x_wconf 88' lang='lat' dir='ltr'><strong>iuberet,</strong></span> <span class='ocrx_word' id='word_1_163' title='bbox 1275 1347 1430 1414; x_wconf 83' lang='lat' dir='ltr'><strong>vendiderit,</strong></span> <span class='ocrx_word' id='word_1_164' title='bbox 1446 1351 1584 1418; x_wconf 87' lang='lat' dir='ltr'><strong>praestare</strong></span> <span class='ocrx_word' id='word_1_165' title='bbox 1601 1349 1629 1402; x_wconf 92' lang='lat' dir='ltr'><strong>id</strong></span> <span class='ocrx_word' id='word_1_166' title='bbox 1647 1349 1734 1414; x_wconf 90' lang='lat' dir='ltr'><strong>debet,</strong></span> <span class='ocrx_word' id='word_1_167' title='bbox 1751 1363 1812 1404; x_wconf 88' lang='lat' dir='ltr'><strong>cum</strong></span> <span class='ocrx_word' id='word_1_168' title='bbox 1828 1363 1877 1418; x_wconf 89' lang='lat' dir='ltr'><strong>per</strong></span> <span class='ocrx_word' id='word_1_169' title='bbox 1893 1363 1960 1420; x_wconf 66' lang='lat' dir='ltr'><strong>pres</strong></span> 
     </span>
    </p>
   </div>
   <div class='ocr_carea' id='block_1_7' title="bbox 268 1413 1956 2094">
    <p class='ocr_par' dir='ltr' id='par_1_8' title="bbox 268 1413 1956 2094">
     <span class='ocr_line' id='line_1_14' title="bbox 286 1413 1945 1486; baseline 0.002 -18"><span class='ocrx_word' id='word_1_170' title='bbox 286 1415 369 1470; x_wconf 90' lang='lat' dir='ltr'><strong>menti</strong></span> <span class='ocrx_word' id='word_1_171' title='bbox 392 1431 474 1470; x_wconf 87' lang='lat' dir='ltr'><strong>causa</strong></span> <span class='ocrx_word' id='word_1_172' title='bbox 497 1417 597 1472; x_wconf 89' lang='lat' dir='ltr'><strong>omissa</strong></span> <span class='ocrx_word' id='word_1_173' title='bbox 618 1433 672 1470; x_wconf 88' lang='lat' dir='ltr'><strong>non</strong></span> <span class='ocrx_word' id='word_1_174' title='bbox 694 1413 797 1468; x_wconf 83' lang='lat' dir='ltr'><strong>fuisset.</strong></span> <span class='ocrx_word' id='word_1_175' title='bbox 833 1431 893 1470; x_wconf 89' lang='lat' dir='ltr'><strong>cum</strong></span> <span class='ocrx_word' id='word_1_176' title='bbox 910 1415 978 1468; x_wconf 90' lang='lat' dir='ltr'><strong>enim</strong></span> <span class='ocrx_word' id='word_1_177' title='bbox 997 1415 1095 1470; x_wconf 90' lang='lat' dir='ltr'><strong>omisso</strong></span> <span class='ocrx_word' id='word_1_178' title='bbox 1145 1417 1211 1470; x_wconf 91' lang='lat' dir='ltr'><strong>tium</strong></span> <span class='ocrx_word' id='word_1_179' title='bbox 1239 1417 1308 1472; x_wconf 86' lang='lat' dir='ltr'><strong>servi</strong></span> <span class='ocrx_word' id='word_1_180' title='bbox 1336 1417 1491 1470; x_wconf 87' lang='lat' dir='ltr'><strong>hereditatis</strong></span> <span class='ocrx_word' id='word_1_181' title='bbox 1517 1431 1623 1486; x_wconf 87' lang='lat' dir='ltr'><strong>quoque</strong></span> <span class='ocrx_word' id='word_1_182' title='bbox 1653 1417 1863 1474; x_wconf 79' lang='lat' dir='ltr'><strong>aestimationem</strong></span> <span class='ocrx_word' id='word_1_183' title='bbox 1893 1431 1945 1482; x_wconf 79' lang='lat' dir='ltr'><strong>com</strong></span> 
     </span>
     <span class='ocr_line' id='line_1_15' title="bbox 268 1481 1946 1552; baseline 0.001 -14"><span class='ocrx_word' id='word_1_184' title='bbox 268 1489 444 1538; x_wconf 62' lang='lat' dir='ltr'><strong>,testamento</strong></span> <span class='ocrx_word' id='word_1_185' title='bbox 468 1483 602 1540; x_wconf 89' lang='lat' dir='ltr'><strong>hereditas</strong></span> <span class='ocrx_word' id='word_1_186' title='bbox 623 1483 789 1552; x_wconf 87' lang='lat' dir='ltr'><strong>possidetur,</strong></span> <span class='ocrx_word' id='word_1_187' title='bbox 817 1483 964 1552; x_wconf 81' lang='lat' dir='ltr'><strong>legatorum</strong></span> <span class='ocrx_word' id='word_1_188' title='bbox 990 1483 1095 1552; x_wconf 90' lang='lat' dir='ltr'><strong>quidem</strong></span> <span class='ocrx_word' id='word_1_189' title='bbox 1150 1489 1158 1536; x_wconf 86' lang='lat' dir='ltr'><strong>t</strong></span> <span class='ocrx_word' id='word_1_190' title='bbox 1196 1489 1332 1552; x_wconf 86' lang='lat' dir='ltr'><strong>sequatur.</strong></span> <span class='ocrx_word' id='word_1_191' title='bbox 1366 1483 1508 1538; x_wconf 80' lang='lat' dir='ltr'><strong>institutus</strong></span> <span class='ocrx_word' id='word_1_192' title='bbox 1532 1483 1609 1538; x_wconf 90' lang='lat' dir='ltr'><strong>heres</strong></span> <span class='ocrx_word' id='word_1_193' title='bbox 1633 1489 1660 1538; x_wconf 91' lang='lat' dir='ltr'><strong>et</strong></span> <span class='ocrx_word' id='word_1_194' title='bbox 1681 1489 1791 1552; x_wconf 78' lang='lat' dir='ltr'><strong>rogatus</strong></span> <span class='ocrx_word' id='word_1_195' title='bbox 1813 1481 1946 1542; x_wconf 76' lang='lat' dir='ltr'><strong>restItutre</strong></span> 
     </span>
     <span class='ocr_line' id='line_1_16' title="bbox 287 1549 1946 1620; baseline 0 -14"><span class='ocrx_word' id='word_1_196' title='bbox 287 1555 315 1606; x_wconf 91' lang='lat' dir='ltr'><strong>et</strong></span> <span class='ocrx_word' id='word_1_197' title='bbox 336 1551 499 1606; x_wconf 87' lang='lat' dir='ltr'><strong>libertatium</strong></span> <span class='ocrx_word' id='word_1_198' title='bbox 521 1553 590 1606; x_wconf 88' lang='lat' dir='ltr'><strong>ratio</strong></span> <span class='ocrx_word' id='word_1_199' title='bbox 614 1549 738 1604; x_wconf 90' lang='lat' dir='ltr'><strong>habenda</strong></span> <span class='ocrx_word' id='word_1_200' title='bbox 760 1555 814 1616; x_wconf 89' lang='lat' dir='ltr'><strong>est,</strong></span> <span class='ocrx_word' id='word_1_201' title='bbox 856 1553 901 1606; x_wconf 89' lang='lat' dir='ltr'><strong>uia</strong></span> <span class='ocrx_word' id='word_1_202' title='bbox 920 1551 998 1606; x_wconf 87' lang='lat' dir='ltr'><strong>aliter</strong></span> <span class='ocrx_word' id='word_1_203' title='bbox 1016 1567 1095 1618; x_wconf 89' lang='lat' dir='ltr'><strong>quam</strong></span> <span class='ocrx_word' id='word_1_204' title='bbox 1144 1551 1319 1606; x_wconf 81' lang='lat' dir='ltr'><strong>hereditatem</strong></span> <span class='ocrx_word' id='word_1_205' title='bbox 1347 1551 1371 1606; x_wconf 91' lang='lat' dir='ltr'><strong>si</strong></span> <span class='ocrx_word' id='word_1_206' title='bbox 1399 1549 1497 1606; x_wconf 89' lang='lat' dir='ltr'><strong>omissa</strong></span> <span class='ocrx_word' id='word_1_207' title='bbox 1526 1567 1609 1606; x_wconf 84' lang='lat' dir='ltr'><strong>causa</strong></span> <span class='ocrx_word' id='word_1_208' title='bbox 1636 1553 1790 1606; x_wconf 86' lang='lat' dir='ltr'><strong>testamenti</strong></span> <span class='ocrx_word' id='word_1_209' title='bbox 1813 1549 1946 1620; x_wconf 81' lang='lat' dir='ltr'><strong>legitimam</strong></span> 
     </span>
     <span class='ocr_line' id='line_1_17' title="bbox 287 1617 1945 1688; baseline 0.001 -16"><span class='ocrx_word' id='word_1_210' title='bbox 287 1619 321 1672; x_wconf 90' lang='lat' dir='ltr'><strong>ab</strong></span> <span class='ocrx_word' id='word_1_211' title='bbox 338 1617 436 1674; x_wconf 87' lang='lat' dir='ltr'><strong>herede</strong></span> <span class='ocrx_word' id='word_1_212' title='bbox 453 1619 511 1674; x_wconf 88' lang='lat' dir='ltr'><strong>dari</strong></span> <span class='ocrx_word' id='word_1_213' title='bbox 528 1635 582 1674; x_wconf 90' lang='lat' dir='ltr'><strong>non</strong></span> <span class='ocrx_word' id='word_1_214' title='bbox 599 1623 755 1686; x_wconf 88' lang='lat' dir='ltr'><strong>potuerunt:</strong></span> <span class='ocrx_word' id='word_1_215' title='bbox 774 1619 824 1672; x_wconf 92' lang='lat' dir='ltr'><strong>her</strong></span> <span class='ocrx_word' id='word_1_216' title='bbox 858 1619 929 1674; x_wconf 89' lang='lat' dir='ltr'><strong>&#39;tatis</strong></span> <span class='ocrx_word' id='word_1_217' title='bbox 946 1633 1008 1672; x_wconf 85' lang='lat' dir='ltr'><strong>vero</strong></span> <span class='ocrx_word' id='word_1_218' title='bbox 1026 1633 1095 1688; x_wconf 88' lang='lat' dir='ltr'><strong>quae</strong></span> <span class='ocrx_word' id='word_1_219' title='bbox 1144 1619 1318 1672; x_wconf 85' lang='lat' dir='ltr'><strong>hereditatem</strong></span> <span class='ocrx_word' id='word_1_220' title='bbox 1340 1619 1490 1688; x_wconf 87' lang='lat' dir='ltr'><strong>possideat,</strong></span> <span class='ocrx_word' id='word_1_221' title='bbox 1513 1635 1568 1674; x_wconf 90' lang='lat' dir='ltr'><strong>non</strong></span> <span class='ocrx_word' id='word_1_222' title='bbox 1593 1619 1672 1674; x_wconf 91' lang='lat' dir='ltr'><strong>dubie</strong></span> <span class='ocrx_word' id='word_1_223' title='bbox 1695 1625 1728 1672; x_wconf 87' lang='lat' dir='ltr'><strong>nt</strong></span> <span class='ocrx_word' id='word_1_224' title='bbox 1748 1621 1834 1688; x_wconf 84' lang='lat' dir='ltr'><strong>legata</strong></span> <span class='ocrx_word' id='word_1_225' title='bbox 1853 1623 1945 1674; x_wconf 78' lang='lat' dir='ltr'><strong>cetera-</strong></span> 
     </span>
     <span class='ocr_line' id='line_1_18' title="bbox 286 1685 1946 1756; baseline 0 -16"><span class='ocrx_word' id='word_1_226' title='bbox 286 1687 325 1740; x_wconf 90' lang='lat' dir='ltr'><strong>ita</strong></span> <span class='ocrx_word' id='word_1_227' title='bbox 343 1687 408 1740; x_wconf 88' lang='lat' dir='ltr'><strong>data</strong></span> <span class='ocrx_word' id='word_1_228' title='bbox 425 1693 465 1742; x_wconf 90' lang='lat' dir='ltr'><strong>est</strong></span> <span class='ocrx_word' id='word_1_229' title='bbox 481 1689 610 1742; x_wconf 90' lang='lat' dir='ltr'><strong>rationem</strong></span> <span class='ocrx_word' id='word_1_230' title='bbox 625 1685 725 1740; x_wconf 87' lang='lat' dir='ltr'><strong>habere</strong></span> <span class='ocrx_word' id='word_1_231' title='bbox 741 1691 849 1756; x_wconf 83' lang='lat' dir='ltr'><strong>praetor</strong></span> <span class='ocrx_word' id='word_1_232' title='bbox 865 1701 920 1740; x_wconf 90' lang='lat' dir='ltr'><strong>non</strong></span> <span class='ocrx_word' id='word_1_233' title='bbox 935 1687 1027 1740; x_wconf 85' lang='lat' dir='ltr'><strong>debet:</strong></span> <span class='ocrx_word' id='word_1_234' title='bbox 1046 1701 1095 1740; x_wconf 89' lang='lat' dir='ltr'><strong>sua</strong></span> <span class='ocrx_word' id='word_1_235' title='bbox 1145 1699 1197 1756; x_wconf 90' lang='lat' dir='ltr'><strong>que</strong></span> <span class='ocrx_word' id='word_1_236' title='bbox 1213 1685 1430 1750; x_wconf 77' lang='lat' dir='ltr'><strong>fideicommIssa,</strong></span> <span class='ocrx_word' id='word_1_237' title='bbox 1448 1687 1487 1742; x_wconf 88' lang='lat' dir='ltr'><strong>ita</strong></span> <span class='ocrx_word' id='word_1_238' title='bbox 1502 1687 1676 1742; x_wconf 87' lang='lat' dir='ltr'><strong>hereditatem</strong></span> <span class='ocrx_word' id='word_1_239' title='bbox 1694 1703 1745 1756; x_wconf 88' lang='lat' dir='ltr'><strong>quo</strong></span> <span class='ocrx_word' id='word_1_240' title='bbox 1765 1701 1798 1742; x_wconf 92' lang='lat' dir='ltr'><strong>ue</strong></span> <span class='ocrx_word' id='word_1_241' title='bbox 1814 1687 1946 1748; x_wconf 75' lang='lat' dir='ltr'><strong>restituere</strong></span> 
     </span>
     <span class='ocr_line' id='line_1_19' title="bbox 287 1753 1951 1824; baseline 0.001 -16"><span class='ocrx_word' id='word_1_242' title='bbox 287 1753 356 1808; x_wconf 86' lang='lat' dir='ltr'><strong>enim</strong></span> <span class='ocrx_word' id='word_1_243' title='bbox 379 1757 458 1824; x_wconf 89' lang='lat' dir='ltr'><strong>culpa</strong></span> <span class='ocrx_word' id='word_1_244' title='bbox 480 1759 595 1808; x_wconf 88' lang='lat' dir='ltr'><strong>testator</strong></span> <span class='ocrx_word' id='word_1_245' title='bbox 617 1753 667 1806; x_wconf 90' lang='lat' dir='ltr'><strong>sub</strong></span> <span class='ocrx_word' id='word_1_246' title='bbox 690 1755 742 1808; x_wconf 89' lang='lat' dir='ltr'><strong>hac</strong></span> <span class='ocrx_word' id='word_1_247' title='bbox 766 1753 921 1808; x_wconf 89' lang='lat' dir='ltr'><strong>condicione</strong></span> <span class='ocrx_word' id='word_1_248' title='bbox 939 1753 1095 1808; x_wconf 87' lang='lat' dir='ltr'><strong>hereditatis</strong></span> <span class='ocrx_word' id='word_1_249' title='bbox 1145 1753 1404 1822; x_wconf 87' lang='lat' dir='ltr'><strong>compellendusest,</strong></span> <span class='ocrx_word' id='word_1_250' title='bbox 1416 1755 1554 1810; x_wconf 82' lang='lat' dir='ltr'><strong>libertates</strong></span> <span class='ocrx_word' id='word_1_251' title='bbox 1566 1759 1737 1824; x_wconf 86' lang='lat' dir='ltr'><strong>quoquetam</strong></span> <span class='ocrx_word' id='word_1_252' title='bbox 1769 1755 1951 1824; x_wconf 82' lang='lat' dir='ltr'><strong>&#39;setasquam</strong></span> 
     </span>
     <span class='ocr_line' id='line_1_20' title="bbox 289 1821 1952 1892; baseline 0.001 -18"><span class='ocrx_word' id='word_1_253' title='bbox 289 1827 305 1874; x_wconf 87' lang='grc' dir='ltr'><strong>ι</strong></span> <span class='ocrx_word' id='word_1_254' title='bbox 336 1829 439 1890; x_wconf 87' lang='lat' dir='ltr'><strong>partem</strong></span> <span class='ocrx_word' id='word_1_255' title='bbox 457 1823 537 1886; x_wconf 85' lang='lat' dir='ltr'><strong>dedit,</strong></span> <span class='ocrx_word' id='word_1_256' title='bbox 555 1837 634 1888; x_wconf 87' lang='lat' dir='ltr'><strong>quam</strong></span> <span class='ocrx_word' id='word_1_257' title='bbox 651 1821 738 1888; x_wconf 90' lang='lat' dir='ltr'><strong>potuit</strong></span> <span class='ocrx_word' id='word_1_258' title='bbox 754 1837 822 1890; x_wconf 91' lang='lat' dir='ltr'><strong>pure</strong></span> <span class='ocrx_word' id='word_1_259' title='bbox 839 1821 903 1876; x_wconf 89' lang='lat' dir='ltr'><strong>dare</strong></span> <span class='ocrx_word' id='word_1_260' title='bbox 911 1825 928 1876; x_wconf 91' lang='lat'><strong>¹.</strong></span> <span class='ocrx_word' id='word_1_261' title='bbox 963 1821 1052 1892; x_wconf 76' lang='lat' dir='ltr'><strong>Quare</strong></span> <span class='ocrx_word' id='word_1_262' title='bbox 1069 1827 1095 1876; x_wconf 87' lang='lat' dir='ltr'><strong>et</strong></span> <span class='ocrx_word' id='word_1_263' title='bbox 1145 1821 1412 1876; x_wconf 86' lang='lat' dir='ltr'><strong>fideicommissarias.</strong></span> <span class='ocrx_word' id='word_1_264' title='bbox 1447 1823 1512 1886; x_wconf 86' lang='lat' dir='ltr'><strong>sed⁵</strong></span> <span class='ocrx_word' id='word_1_265' title='bbox 1529 1823 1553 1876; x_wconf 86' lang='lat' dir='ltr'><strong>si</strong></span> <span class='ocrx_word' id='word_1_266' title='bbox 1569 1823 1669 1876; x_wconf 90' lang='lat' dir='ltr'><strong>alienos</strong></span> <span class='ocrx_word' id='word_1_267' title='bbox 1686 1827 1902 1892; x_wconf 81' lang='lat' dir='ltr'><strong>servosrogatus</strong></span> <span class='ocrx_word' id='word_1_268' title='bbox 1919 1825 1952 1882; x_wconf 84' lang='lat' dir='ltr'><strong>sii</strong></span> 
     </span>
     <span class='ocr_line' id='line_1_21' title="bbox 287 1887 1946 1960; baseline 0 -16"><span class='ocrx_word' id='word_1_269' title='bbox 287 1891 314 1944; x_wconf 88' lang='lat' dir='ltr'><strong>si</strong></span> <span class='ocrx_word' id='word_1_270' title='bbox 330 1891 369 1944; x_wconf 89' lang='lat' dir='ltr'><strong>ita</strong></span> <span class='ocrx_word' id='word_1_271' title='bbox 391 1891 519 1958; x_wconf 89' lang='lat' dir='ltr'><strong>scriptum</strong></span> <span class='ocrx_word' id='word_1_272' title='bbox 542 1887 648 1942; x_wconf 87' lang='lat' dir='ltr'><strong>fuisset:</strong></span> <span class='ocrx_word' id='word_1_273' title='bbox 674 1889 768 1944; x_wconf 82' lang='lat' dir='ltr'><strong>‘Titius</strong></span> <span class='ocrx_word' id='word_1_274' title='bbox 786 1891 862 1946; x_wconf 89' lang='lat' dir='ltr'><strong>heres</strong></span> <span class='ocrx_word' id='word_1_275' title='bbox 881 1895 952 1944; x_wconf 89' lang='lat' dir='ltr'><strong>esto:</strong></span> <span class='ocrx_word' id='word_1_276' title='bbox 977 1889 1095 1958; x_wconf 85' lang='lat' dir='ltr'><strong>quisquis</strong></span> <span class='ocrx_word' id='word_1_277' title='bbox 1145 1889 1339 1956; x_wconf 84' lang='lat' dir='ltr'><strong>manumittere,</strong></span> <span class='ocrx_word' id='word_1_278' title='bbox 1353 1891 1446 1960; x_wconf 89' lang='lat' dir='ltr'><strong>utique</strong></span> <span class='ocrx_word' id='word_1_279' title='bbox 1458 1891 1587 1944; x_wconf 89' lang='lat' dir='ltr'><strong>redimere</strong></span> <span class='ocrx_word' id='word_1_280' title='bbox 1600 1905 1645 1944; x_wconf 92' lang='lat' dir='ltr'><strong>eos</strong></span> <span class='ocrx_word' id='word_1_281' title='bbox 1658 1891 1772 1944; x_wconf 92' lang='lat' dir='ltr'><strong>debebit.</strong></span> <span class='ocrx_word' id='word_1_282' title='bbox 1796 1895 1946 1950; x_wconf 84' lang='lat' dir='ltr'><strong>comantem</strong></span> 
     </span>
     <span class='ocr_line' id='line_1_22' title="bbox 287 1957 1956 2028; baseline 0.001 -18"><span class='ocrx_word' id='word_1_283' title='bbox 287 1957 360 2010; x_wconf 88' lang='lat' dir='ltr'><strong>‘mibi</strong></span> <span class='ocrx_word' id='word_1_284' title='bbox 374 1973 408 2012; x_wconf 83' lang='lat' dir='ltr'><strong>ex</strong></span> <span class='ocrx_word' id='word_1_285' title='bbox 422 1971 503 2026; x_wconf 87' lang='lat' dir='ltr'><strong>supra</strong></span> <span class='ocrx_word' id='word_1_286' title='bbox 517 1957 623 2026; x_wconf 88' lang='lat' dir='ltr'><strong>scriptis</strong></span> <span class='ocrx_word' id='word_1_287' title='bbox 637 1957 714 2012; x_wconf 87' lang='lat' dir='ltr'><strong>heres</strong></span> <span class='ocrx_word' id='word_1_288' title='bbox 730 1957 786 2022; x_wconf 89' lang='lat' dir='ltr'><strong>erit,</strong></span> <span class='ocrx_word' id='word_1_289' title='bbox 803 1957 909 2012; x_wconf 88' lang='lat' dir='ltr'><strong>Stichus</strong></span> <span class='ocrx_word' id='word_1_290' title='bbox 923 1959 991 2012; x_wconf 92' lang='lat' dir='ltr'><strong>liber</strong></span> <span class='ocrx_word' id='word_1_291' title='bbox 1005 1957 1094 2010; x_wconf 82' lang='lat' dir='ltr'><strong>heres·</strong></span> <span class='ocrx_word' id='word_1_292' title='bbox 1145 1957 1325 2020; x_wconf 78' lang='lat' dir='ltr'><strong>decessionem</strong></span> <span class='ocrx_word' id='word_1_293' title='bbox 1341 1957 1459 2026; x_wconf 88' lang='lat' dir='ltr'><strong>patietur</strong></span> <span class='ocrx_word' id='word_1_294' title='bbox 1475 1957 1498 2012; x_wconf 91' lang='lat' dir='ltr'><strong>is</strong></span> <span class='ocrx_word' id='word_1_295' title='bbox 1517 1957 1560 2012; x_wconf 90' lang='lat' dir='ltr'><strong>oui</strong></span> <span class='ocrx_word' id='word_1_296' title='bbox 1577 1957 1701 2014; x_wconf 91' lang='lat' dir='ltr'><strong>restituta</strong></span> <span class='ocrx_word' id='word_1_297' title='bbox 1717 1957 1798 2012; x_wconf 87' lang='lat' dir='ltr'><strong>fuerit</strong></span> <span class='ocrx_word' id='word_1_298' title='bbox 1814 1957 1956 2028; x_wconf 74' lang='lat' dir='ltr'><strong>hereditas,</strong></span> 
     </span>
     <span class='ocr_line' id='line_1_23' title="bbox 287 2023 1722 2094; baseline 0.001 -16"><span class='ocrx_word' id='word_1_299' title='bbox 287 2029 347 2092; x_wconf 85' lang='lat' dir='ltr'><strong>‘que</strong></span> <span class='ocrx_word' id='word_1_300' title='bbox 370 2025 436 2080; x_wconf 87' lang='lat' dir='ltr'><strong>esto&#39;</strong></span> <span class='ocrx_word' id='word_1_301' title='bbox 461 2029 488 2078; x_wconf 90' lang='lat' dir='ltr'><strong>et</strong></span> <span class='ocrx_word' id='word_1_302' title='bbox 509 2023 596 2078; x_wconf 89' lang='lat' dir='ltr'><strong>Titius</strong></span> <span class='ocrx_word' id='word_1_303' title='bbox 619 2025 715 2080; x_wconf 90' lang='lat' dir='ltr'><strong>omisso</strong></span> <span class='ocrx_word' id='word_1_304' title='bbox 738 2031 898 2080; x_wconf 89' lang='lat' dir='ltr'><strong>testamento</strong></span> <span class='ocrx_word' id='word_1_305' title='bbox 921 2025 1095 2080; x_wconf 88' lang='lat' dir='ltr'><strong>hereditatem</strong></span> <span class='ocrx_word' id='word_1_306' title='bbox 1145 2041 1225 2092; x_wconf 87' lang='lat' dir='ltr'><strong>quam</strong></span> <span class='ocrx_word' id='word_1_307' title='bbox 1241 2025 1264 2078; x_wconf 88' lang='lat' dir='ltr'><strong>is</strong></span> <span class='ocrx_word' id='word_1_308' title='bbox 1282 2025 1328 2092; x_wconf 85' lang='lat' dir='ltr'><strong>qui</strong></span> <span class='ocrx_word' id='word_1_309' title='bbox 1344 2025 1370 2080; x_wconf 90' lang='lat' dir='ltr'><strong>ci</strong></span> <span class='ocrx_word' id='word_1_310' title='bbox 1385 2025 1501 2080; x_wconf 87' lang='lat' dir='ltr'><strong>restituit</strong></span> <span class='ocrx_word' id='word_1_311' title='bbox 1517 2041 1645 2094; x_wconf 86' lang='lat' dir='ltr'><strong>passurus</strong></span> <span class='ocrx_word' id='word_1_312' title='bbox 1662 2023 1722 2080; x_wconf 84' lang='lat' dir='ltr'><strong>tuit.</strong></span> 
     </span>
    </p>
   </div>
   <div class='ocr_carea' id='block_1_8' title="bbox 243 2087 1962 2174">
    <p class='ocr_par' dir='ltr' id='par_1_9' title="bbox 243 2087 1962 2174">
     <span class='ocr_line' id='line_1_24' title="bbox 243 2087 1962 2174; baseline 0 -28"><span class='ocrx_word' id='word_1_313' title='bbox 243 2131 244 2134; x_wconf 25' lang='grc' dir='ltr'>ι</span> <span class='ocrx_word' id='word_1_314' title='bbox 282 2091 433 2160; x_wconf 89' lang='lat' dir='ltr'><strong>possideat,</strong></span> <span class='ocrx_word' id='word_1_315' title='bbox 457 2091 606 2146; x_wconf 89' lang='lat' dir='ltr'><strong>libertatem</strong></span> <span class='ocrx_word' id='word_1_316' title='bbox 621 2099 730 2174; x_wconf 79' lang='lat' dir='ltr'><strong>praetor</strong></span> <span class='ocrx_word' id='word_1_317' title='bbox 747 2093 833 2146; x_wconf 83' lang='lat' dir='ltr'><strong>Stichi</strong></span> <span class='ocrx_word' id='word_1_318' title='bbox 853 2095 923 2148; x_wconf 87' lang='lat' dir='ltr'><strong>tueri</strong></span> <span class='ocrx_word' id='word_1_319' title='bbox 944 2109 999 2146; x_wconf 92' lang='lat' dir='ltr'><strong>non</strong></span> <span class='ocrx_word' id='word_1_320' title='bbox 1017 2091 1095 2146; x_wconf 88' lang='lat' dir='ltr'><strong>debet</strong></span> <span class='ocrx_word' id='word_1_321' title='bbox 1180 2089 1219 2150; x_wconf 85' lang='grc'><strong>29</strong></span> <span class='ocrx_word' id='word_1_322' title='bbox 1244 2091 1389 2146; x_wconf 76' lang='lat' dir='ltr'><strong>Unrrrrros</strong></span> <span class='ocrx_word' id='word_1_323' title='bbox 1403 2093 1471 2148; x_wconf 83' lang='lat' dir='ltr'><strong>labro</strong></span> <span class='ocrx_word' id='word_1_324' title='bbox 1489 2095 1582 2162; x_wconf 79' lang='lat' dir='ltr'><strong>quinto</strong></span> <span class='ocrx_word' id='word_1_325' title='bbox 1598 2093 1863 2164; x_wconf 77' lang='lat' dir='ltr'><strong>fideicommissorum</strong></span> <span class='ocrx_word' id='word_1_326' title='bbox 1904 2087 1962 2162; x_wconf 75' lang='lat' dir='ltr'><strong>Qui</strong></span> 
     </span>
    </p>
   </div>
   <div class='ocr_carea' id='block_1_9' title="bbox 287 2159 1962 2230">
    <p class='ocr_par' dir='ltr' id='par_1_10' title="bbox 287 2159 1962 2230">
     <span class='ocr_line' id='line_1_25' title="bbox 287 2159 1962 2230; baseline 0.002 -18"><span class='ocrx_word' id='word_1_327' title='bbox 287 2165 302 2212; x_wconf 81' lang='lat'>2</span> <span class='ocrx_word' id='word_1_328' title='bbox 336 2173 386 2214; x_wconf 91' lang='lat' dir='ltr'><strong>nec</strong></span> <span class='ocrx_word' id='word_1_329' title='bbox 408 2161 561 2216; x_wconf 88' lang='lat' dir='ltr'><strong>hereditatis</strong></span> <span class='ocrx_word' id='word_1_330' title='bbox 584 2161 737 2230; x_wconf 77' lang='lat' dir='ltr'><strong>petitionem</strong></span> <span class='ocrx_word' id='word_1_331' title='bbox 760 2161 785 2216; x_wconf 91' lang='lat' dir='ltr'><strong>ei</strong></span> <span class='ocrx_word' id='word_1_332' title='bbox 807 2161 879 2214; x_wconf 88' lang='lat' dir='ltr'><strong>dare.</strong></span> <span class='ocrx_word' id='word_1_333' title='bbox 914 2161 942 2214; x_wconf 88' lang='lat' dir='ltr'><strong>Si</strong></span> <span class='ocrx_word' id='word_1_334' title='bbox 965 2161 1025 2228; x_wconf 89' lang='lat' dir='ltr'><strong>quis</strong></span> <span class='ocrx_word' id='word_1_335' title='bbox 1041 2161 1094 2216; x_wconf 89' lang='lat' dir='ltr'><strong>hoc</strong></span> <span class='ocrx_word' id='word_1_336' title='bbox 1145 2161 1244 2214; x_wconf 89' lang='lat' dir='ltr'><strong>omissa</strong></span> <span class='ocrx_word' id='word_1_337' title='bbox 1268 2175 1350 2214; x_wconf 89' lang='lat' dir='ltr'><strong>causa</strong></span> <span class='ocrx_word' id='word_1_338' title='bbox 1372 2161 1525 2214; x_wconf 86' lang='lat' dir='ltr'><strong>testamenti</strong></span> <span class='ocrx_word' id='word_1_339' title='bbox 1548 2161 1583 2214; x_wconf 91' lang='lat' dir='ltr'><strong>ab</strong></span> <span class='ocrx_word' id='word_1_340' title='bbox 1600 2161 1725 2214; x_wconf 89' lang='lat' dir='ltr'><strong>intestato</strong></span> <span class='ocrx_word' id='word_1_341' title='bbox 1742 2161 1863 2230; x_wconf 86' lang='lat' dir='ltr'><strong>possidet</strong></span> <span class='ocrx_word' id='word_1_342' title='bbox 1878 2159 1962 2218; x_wconf 70' lang='lat' dir='ltr'><strong>hers</strong></span> 
     </span>
    </p>
   </div>
   <div class='ocr_carea' id='block_1_10' title="bbox 284 2227 1956 2984">
    <p class='ocr_par' dir='ltr' id='par_1_11' title="bbox 284 2227 1956 2836">
     <span class='ocr_line' id='line_1_26' title="bbox 286 2227 1945 2298; baseline 0.001 -18"><span class='ocrx_word' id='word_1_343' title='bbox 286 2227 365 2282; x_wconf 88' lang='lat' dir='ltr'><strong>modo</strong></span> <span class='ocrx_word' id='word_1_344' title='bbox 380 2233 569 2290; x_wconf 88' lang='lat' dir='ltr'><strong>testamentum</strong></span> <span class='ocrx_word' id='word_1_345' title='bbox 587 2229 735 2298; x_wconf 84' lang='lat' dir='ltr'><strong>scripserit:</strong></span> <span class='ocrx_word' id='word_1_346' title='bbox 760 2229 855 2284; x_wconf 85' lang='lat' dir='ltr'><strong>‘Titius</strong></span> <span class='ocrx_word' id='word_1_347' title='bbox 878 2229 955 2284; x_wconf 88' lang='lat' dir='ltr'><strong>heres</strong></span> <span class='ocrx_word' id='word_1_348' title='bbox 977 2233 1047 2282; x_wconf 88' lang='lat' dir='ltr'><strong>esto:</strong></span> <span class='ocrx_word' id='word_1_349' title='bbox 1073 2227 1112 2282; x_wconf 90' lang='lat' dir='ltr'><strong>si</strong></span> <span class='ocrx_word' id='word_1_350' title='bbox 1145 2227 1267 2292; x_wconf 80' lang='lat' dir='ltr'><strong>dilatem,</strong></span> <span class='ocrx_word' id='word_1_351' title='bbox 1292 2243 1382 2282; x_wconf 87' lang='lat' dir='ltr'><strong>servos</strong></span> <span class='ocrx_word' id='word_1_352' title='bbox 1406 2229 1440 2282; x_wconf 91' lang='lat' dir='ltr'><strong>ad</strong></span> <span class='ocrx_word' id='word_1_353' title='bbox 1461 2227 1611 2284; x_wconf 89' lang='lat' dir='ltr'><strong>libertatem</strong></span> <span class='ocrx_word' id='word_1_354' title='bbox 1632 2227 1779 2296; x_wconf 88' lang='lat' dir='ltr'><strong>perducere</strong></span> <span class='ocrx_word' id='word_1_355' title='bbox 1802 2227 1895 2296; x_wconf 90' lang='lat' dir='ltr'><strong>debet,</strong></span> <span class='ocrx_word' id='word_1_356' title='bbox 1919 2229 1945 2288; x_wconf 75' lang='lat' dir='ltr'><strong>ns</strong></span> 
     </span>
     <span class='ocr_line' id='line_1_27' title="bbox 287 2293 1956 2366; baseline -0.001 -16"><span class='ocrx_word' id='word_1_357' title='bbox 287 2295 382 2350; x_wconf 86' lang='lat' dir='ltr'><strong>‘Titius</strong></span> <span class='ocrx_word' id='word_1_358' title='bbox 399 2295 477 2352; x_wconf 90' lang='lat' dir='ltr'><strong>heres</strong></span> <span class='ocrx_word' id='word_1_359' title='bbox 494 2313 549 2352; x_wconf 91' lang='lat' dir='ltr'><strong>non</strong></span> <span class='ocrx_word' id='word_1_360' title='bbox 566 2299 630 2362; x_wconf 87' lang='lat' dir='ltr'><strong>erit,</strong></span> <span class='ocrx_word' id='word_1_361' title='bbox 648 2297 768 2352; x_wconf 79' lang='lat' dir='ltr'><strong>Maevius</strong></span> <span class='ocrx_word' id='word_1_362' title='bbox 785 2297 862 2350; x_wconf 88' lang='lat' dir='ltr'><strong>heres</strong></span> <span class='ocrx_word' id='word_1_363' title='bbox 881 2303 951 2350; x_wconf 87' lang='lat' dir='ltr'><strong>esto:</strong></span> <span class='ocrx_word' id='word_1_364' title='bbox 975 2297 1095 2366; x_wconf 80' lang='lat' dir='ltr'><strong>quiaquia</strong></span> <span class='ocrx_word' id='word_1_365' title='bbox 1145 2297 1183 2350; x_wconf 90' lang='lat' dir='ltr'><strong>eis</strong></span> <span class='ocrx_word' id='word_1_366' title='bbox 1205 2293 1308 2350; x_wconf 84' lang='lat' dir='ltr'><strong>iactum</strong></span> <span class='ocrx_word' id='word_1_367' title='bbox 1329 2301 1428 2350; x_wconf 89' lang='lat' dir='ltr'><strong>noceat</strong></span> <span class='ocrx_word' id='word_1_368' title='bbox 1451 2295 1507 2350; x_wconf 86' lang='lat' dir='ltr'><strong>eius</strong></span> <span class='ocrx_word' id='word_1_369' title='bbox 1526 2295 1571 2364; x_wconf 85' lang='lat' dir='ltr'><strong>qui</strong></span> <span class='ocrx_word' id='word_1_370' title='bbox 1589 2311 1621 2350; x_wconf 80' lang='lat' dir='ltr'><strong>ex</strong></span> <span class='ocrx_word' id='word_1_371' title='bbox 1637 2299 1803 2350; x_wconf 86' lang='lat' dir='ltr'><strong>testamento.</strong></span> <span class='ocrx_word' id='word_1_372' title='bbox 1815 2295 1890 2350; x_wconf 90' lang='lat' dir='ltr'><strong>adire</strong></span> <span class='ocrx_word' id='word_1_373' title='bbox 1905 2313 1956 2366; x_wconf 56' lang='lat' dir='ltr'><strong>aa„</strong></span> 
     </span>
     <span class='ocr_line' id='line_1_28' title="bbox 286 2363 1953 2434; baseline 0 -18"><span class='ocrx_word' id='word_1_374' title='bbox 286 2363 359 2416; x_wconf 85' lang='lat' dir='ltr'><strong>‘mihi</strong></span> <span class='ocrx_word' id='word_1_375' title='bbox 380 2375 420 2416; x_wconf 76' lang='lat' dir='ltr'><strong>er</strong></span> <span class='ocrx_word' id='word_1_376' title='bbox 437 2379 518 2434; x_wconf 88' lang='lat' dir='ltr'><strong>supra</strong></span> <span class='ocrx_word' id='word_1_377' title='bbox 537 2365 641 2434; x_wconf 89' lang='lat' dir='ltr'><strong>scriptis</strong></span> <span class='ocrx_word' id='word_1_378' title='bbox 659 2367 735 2418; x_wconf 91' lang='lat' dir='ltr'><strong>heres</strong></span> <span class='ocrx_word' id='word_1_379' title='bbox 752 2365 817 2428; x_wconf 90' lang='lat' dir='ltr'><strong>erit,</strong></span> <span class='ocrx_word' id='word_1_380' title='bbox 840 2365 959 2430; x_wconf 82' lang='lat' dir='ltr'><strong>Maesio,</strong></span> <span class='ocrx_word' id='word_1_381' title='bbox 984 2365 1008 2418; x_wconf 91' lang='lat' dir='ltr'><strong>si</strong></span> <span class='ocrx_word' id='word_1_382' title='bbox 1031 2365 1095 2428; x_wconf 90' lang='lat' dir='ltr'><strong>mihi</strong></span> <span class='ocrx_word' id='word_1_383' title='bbox 1144 2365 1206 2418; x_wconf 89' lang='lat' dir='ltr'><strong>luit:</strong></span> <span class='ocrx_word' id='word_1_384' title='bbox 1225 2363 1264 2418; x_wconf 90' lang='lat' dir='ltr'><strong>sic</strong></span> <span class='ocrx_word' id='word_1_385' title='bbox 1281 2369 1380 2428; x_wconf 89' lang='lat' dir='ltr'><strong>tamen,</strong></span> <span class='ocrx_word' id='word_1_386' title='bbox 1397 2369 1428 2416; x_wconf 91' lang='lat' dir='ltr'><strong>ut</strong></span> <span class='ocrx_word' id='word_1_387' title='bbox 1444 2363 1544 2416; x_wconf 90' lang='lat' dir='ltr'><strong>habeat</strong></span> <span class='ocrx_word' id='word_1_388' title='bbox 1559 2363 1677 2416; x_wconf 82' lang='lat' dir='ltr'><strong>libertos.</strong></span> <span class='ocrx_word' id='word_1_389' title='bbox 1917 2369 1953 2426; x_wconf 68' lang='grc' dir='ltr'><strong>θῇ·</strong></span> 
     </span>
     <span class='ocr_line' id='line_1_29' title="bbox 286 2427 1944 2502; baseline 0.002 -18"><span class='ocrx_word' id='word_1_390' title='bbox 286 2431 371 2486; x_wconf 84' lang='lat' dir='ltr'><strong>‘heres</strong></span> <span class='ocrx_word' id='word_1_391' title='bbox 388 2447 443 2486; x_wconf 89' lang='lat' dir='ltr'><strong>non</strong></span> <span class='ocrx_word' id='word_1_392' title='bbox 461 2433 524 2498; x_wconf 92' lang='lat' dir='ltr'><strong>erit,</strong></span> <span class='ocrx_word' id='word_1_393' title='bbox 550 2437 656 2486; x_wconf 89' lang='lat' dir='ltr'><strong>centum</strong></span> <span class='ocrx_word' id='word_1_394' title='bbox 674 2431 753 2498; x_wconf 82' lang='lat' dir='ltr'><strong>dato&#39;,</strong></span> <span class='ocrx_word' id='word_1_395' title='bbox 778 2431 873 2486; x_wconf 87' lang='lat' dir='ltr'><strong>deinde</strong></span> <span class='ocrx_word' id='word_1_396' title='bbox 890 2431 976 2486; x_wconf 86' lang='lat' dir='ltr'><strong>Titius</strong></span> <span class='ocrx_word' id='word_1_397' title='bbox 997 2431 1094 2486; x_wconf 89' lang='lat' dir='ltr'><strong>omisso</strong></span> <span class='ocrx_word' id='word_1_398' title='bbox 1179 2427 1218 2488; x_wconf 88' lang='lat'><strong>30</strong></span> <span class='ocrx_word' id='word_1_399' title='bbox 1236 2431 1496 2486; x_wconf 75' lang='lat' dir='ltr'><strong>Haemosrarrrus</strong></span> <span class='ocrx_word' id='word_1_400' title='bbox 1510 2431 1577 2486; x_wconf 80' lang='lat' dir='ltr'><strong>libro</strong></span> <span class='ocrx_word' id='word_1_401' title='bbox 1596 2431 1674 2484; x_wconf 81' lang='lat' dir='ltr'><strong>tertio</strong></span> <span class='ocrx_word' id='word_1_402' title='bbox 1692 2431 1761 2486; x_wconf 81' lang='lat' dir='ltr'><strong>iuris</strong></span> <span class='ocrx_word' id='word_1_403' title='bbox 1778 2431 1944 2502; x_wconf 75' lang='lat' dir='ltr'><strong>spitametam</strong></span> 
     </span>
     <span class='ocr_line' id='line_1_30' title="bbox 285 2499 1943 2570; baseline 0 -16"><span class='ocrx_word' id='word_1_404' title='bbox 285 2503 444 2554; x_wconf 89' lang='lat' dir='ltr'><strong>testamento</strong></span> <span class='ocrx_word' id='word_1_405' title='bbox 461 2499 605 2568; x_wconf 84' lang='lat' dir='ltr'><strong>legitimam</strong></span> <span class='ocrx_word' id='word_1_406' title='bbox 620 2501 794 2554; x_wconf 89' lang='lat' dir='ltr'><strong>hereditatem</strong></span> <span class='ocrx_word' id='word_1_407' title='bbox 811 2499 954 2568; x_wconf 88' lang='lat' dir='ltr'><strong>possideat,</strong></span> <span class='ocrx_word' id='word_1_408' title='bbox 973 2499 1094 2554; x_wconf 88' lang='lat' dir='ltr'><strong>anMae-</strong></span> <span class='ocrx_word' id='word_1_409' title='bbox 1145 2499 1197 2566; x_wconf 80' lang='lat' dir='ltr'><strong>Qui</strong></span> <span class='ocrx_word' id='word_1_410' title='bbox 1219 2499 1318 2554; x_wconf 74' lang='lat' dir='ltr'><strong>ombsa</strong></span> <span class='ocrx_word' id='word_1_411' title='bbox 1340 2513 1423 2554; x_wconf 89' lang='lat' dir='ltr'><strong>causa</strong></span> <span class='ocrx_word' id='word_1_412' title='bbox 1445 2499 1598 2554; x_wconf 87' lang='lat' dir='ltr'><strong>testamenti</strong></span> <span class='ocrx_word' id='word_1_413' title='bbox 1622 2513 1671 2566; x_wconf 89' lang='lat' dir='ltr'><strong>pro</strong></span> <span class='ocrx_word' id='word_1_414' title='bbox 1699 2503 1817 2566; x_wconf 88' lang='lat' dir='ltr'><strong>emptore</strong></span> <span class='ocrx_word' id='word_1_415' title='bbox 1841 2499 1883 2554; x_wconf 83' lang='lat' dir='ltr'><strong>vel</strong></span> <span class='ocrx_word' id='word_1_416' title='bbox 1904 2515 1943 2570; x_wconf 85' lang='lat' dir='ltr'><strong>pm</strong></span> 
     </span>
     <span class='ocr_line' id='line_1_31' title="bbox 284 2565 1944 2644; baseline 0.004 -24"><span class='ocrx_word' id='word_1_417' title='bbox 284 2567 341 2632; x_wconf 82' lang='lat' dir='ltr'><strong>vio,</strong></span> <span class='ocrx_word' id='word_1_418' title='bbox 366 2567 442 2620; x_wconf 88' lang='lat' dir='ltr'><strong>ouius</strong></span> <span class='ocrx_word' id='word_1_419' title='bbox 458 2567 488 2620; x_wconf 92' lang='lat' dir='ltr'><strong>in</strong></span> <span class='ocrx_word' id='word_1_420' title='bbox 523 2571 637 2644; x_wconf 80' lang='lat' dir='ltr'><strong>otestate</strong></span> <span class='ocrx_word' id='word_1_421' title='bbox 653 2569 719 2632; x_wconf 86' lang='lat' dir='ltr'><strong>iuit,</strong></span> <span class='ocrx_word' id='word_1_422' title='bbox 742 2573 773 2620; x_wconf 90' lang='lat' dir='ltr'><strong>ut</strong></span> <span class='ocrx_word' id='word_1_423' title='bbox 790 2583 824 2620; x_wconf 86' lang='lat' dir='ltr'><strong>ex</strong></span> <span class='ocrx_word' id='word_1_424' title='bbox 841 2569 1030 2622; x_wconf 88' lang='lat' dir='ltr'><strong>substitutione</strong></span> <span class='ocrx_word' id='word_1_425' title='bbox 1046 2567 1094 2620; x_wconf 84' lang='lat' dir='ltr'><strong>ad·</strong></span> <span class='ocrx_word' id='word_1_426' title='bbox 1145 2567 1207 2622; x_wconf 90' lang='lat' dir='ltr'><strong>dote</strong></span> <span class='ocrx_word' id='word_1_427' title='bbox 1224 2567 1266 2624; x_wconf 84' lang='lat' dir='ltr'><strong>uel</strong></span> <span class='ocrx_word' id='word_1_428' title='bbox 1301 2583 1332 2620; x_wconf 90' lang='lat' dir='ltr'><strong>ro</strong></span> <span class='ocrx_word' id='word_1_429' title='bbox 1351 2567 1449 2622; x_wconf 89' lang='lat' dir='ltr'><strong>donato</strong></span> <span class='ocrx_word' id='word_1_430' title='bbox 1465 2567 1518 2622; x_wconf 84' lang='lat' dir='ltr'><strong>sive</strong></span> <span class='ocrx_word' id='word_1_431' title='bbox 1534 2567 1585 2622; x_wconf 90' lang='lat' dir='ltr'><strong>alio</strong></span> <span class='ocrx_word' id='word_1_432' title='bbox 1601 2565 1718 2636; x_wconf 87' lang='lat' dir='ltr'><strong>quolibet</strong></span> <span class='ocrx_word' id='word_1_433' title='bbox 1731 2565 1818 2632; x_wconf 91' lang='lat' dir='ltr'><strong>titulo,</strong></span> <span class='ocrx_word' id='word_1_434' title='bbox 1837 2569 1944 2638; x_wconf 80' lang='lat' dir='ltr'><strong>exceptis</strong></span> 
     </span>
     <span class='ocr_line' id='line_1_32' title="bbox 286 2583 1955 2754; baseline 0.002 -68"><span class='ocrx_word' id='word_1_435' title='bbox 286 2633 373 2686; x_wconf 87' lang='lat' dir='ltr'><strong>eundo</strong></span> <span class='ocrx_word' id='word_1_436' title='bbox 397 2639 481 2688; x_wconf 89' lang='lat' dir='ltr'><strong>totam</strong></span> <span class='ocrx_word' id='word_1_437' title='bbox 503 2583 676 2688; x_wconf 59' lang='lat' dir='ltr'><strong>hereditatem</strong></span> <span class='ocrx_word' id='word_1_438' title='bbox 698 2635 822 2698; x_wconf 87' lang='lat' dir='ltr'><strong>haberet,</strong></span> <span class='ocrx_word' id='word_1_439' title='bbox 851 2635 998 2702; x_wconf 86' lang='lat' dir='ltr'><strong>legatorum</strong></span> <span class='ocrx_word' id='word_1_440' title='bbox 1023 2635 1094 2688; x_wconf 89' lang='lat' dir='ltr'><strong>actio</strong></span> <span class='ocrx_word' id='word_1_441' title='bbox 1144 2651 1193 2704; x_wconf 90' lang='lat' dir='ltr'><strong>pro</strong></span> <span class='ocrx_word' id='word_1_442' title='bbox 1210 2585 1309 2690; x_wconf 65' lang='lat' dir='ltr'><strong>herede</strong></span> <span class='ocrx_word' id='word_1_443' title='bbox 1327 2641 1353 2688; x_wconf 87' lang='lat' dir='ltr'><strong>et</strong></span> <span class='ocrx_word' id='word_1_444' title='bbox 1369 2649 1419 2754; x_wconf 45' lang='lat' dir='ltr'><strong>{ro</strong></span> <span class='ocrx_word' id='word_1_445' title='bbox 1436 2641 1600 2704; x_wconf 87' lang='lat' dir='ltr'><strong>possessore,</strong></span> <span class='ocrx_word' id='word_1_446' title='bbox 1619 2635 1755 2704; x_wconf 89' lang='lat' dir='ltr'><strong>possideat</strong></span> <span class='ocrx_word' id='word_1_447' title='bbox 1771 2634 1955 2710; x_wconf 51' lang='lat' dir='ltr'><strong>hereditatem,¹</strong></span> 
     </span>
     <span class='ocr_line' id='line_1_33' title="bbox 286 2701 1956 2770; baseline 0 -16"><span class='ocrx_word' id='word_1_448' title='bbox 286 2701 477 2766; x_wconf 82' lang='lat' dir='ltr'><strong>deridebant,</strong></span> <span class='ocrx_word' id='word_1_449' title='bbox 503 2701 645 2770; x_wconf 87' lang='lat' dir='ltr'><strong>quaeritur.</strong></span> <span class='ocrx_word' id='word_1_450' title='bbox 686 2707 714 2756; x_wconf 91' lang='lat' dir='ltr'><strong>et</strong></span> <span class='ocrx_word' id='word_1_451' title='bbox 737 2701 833 2770; x_wconf 63' lang='lat' dir='ltr'><strong>placet,</strong></span> <span class='ocrx_word' id='word_1_452' title='bbox 852 2701 917 2764; x_wconf 88' lang='lat' dir='ltr'><strong>dari,</strong></span> <span class='ocrx_word' id='word_1_453' title='bbox 945 2701 1008 2770; x_wconf 89' lang='lat' dir='ltr'><strong>quia</strong></span> <span class='ocrx_word' id='word_1_454' title='bbox 1029 2701 1095 2754; x_wconf 91' lang='lat' dir='ltr'><strong>nihil</strong></span> <span class='ocrx_word' id='word_1_455' title='bbox 1145 2701 1312 2770; x_wconf 87' lang='lat' dir='ltr'><strong>alegatariis</strong></span> <span class='ocrx_word' id='word_1_456' title='bbox 1330 2707 1358 2756; x_wconf 85' lang='lat' dir='ltr'><strong>ct</strong></span> <span class='ocrx_word' id='word_1_457' title='bbox 1394 2701 1623 2758; x_wconf 85' lang='lat' dir='ltr'><strong>deicommissariis</strong></span> <span class='ocrx_word' id='word_1_458' title='bbox 1639 2717 1694 2756; x_wconf 87' lang='lat' dir='ltr'><strong>non</strong></span> <span class='ocrx_word' id='word_1_459' title='bbox 1712 2701 1876 2758; x_wconf 83' lang='lat' dir='ltr'><strong>convenitur.</strong></span> <span class='ocrx_word' id='word_1_460' title='bbox 1952 2733 1956 2754; x_wconf 48' lang='grc' dir='ltr'>ι</span> 
     </span>
     <span class='ocr_line' id='line_1_34' title="bbox 285 2767 1095 2836; baseline 0 -14"><span class='ocrx_word' id='word_1_461' title='bbox 285 2767 408 2836; x_wconf 85' lang='lat' dir='ltr'><strong>prohibet</strong></span> <span class='ocrx_word' id='word_1_462' title='bbox 425 2769 557 2824; x_wconf 78' lang='lat' dir='ltr'><strong>Maeuium</strong></span> <span class='ocrx_word' id='word_1_463' title='bbox 579 2769 676 2824; x_wconf 87' lang='lat' dir='ltr'><strong>iustam</strong></span> <span class='ocrx_word' id='word_1_464' title='bbox 695 2783 804 2822; x_wconf 88' lang='lat' dir='ltr'><strong>causam</strong></span> <span class='ocrx_word' id='word_1_465' title='bbox 822 2769 963 2834; x_wconf 87' lang='lat' dir='ltr'><strong>habuisse,</strong></span> <span class='ocrx_word' id='word_1_466' title='bbox 985 2773 1095 2836; x_wconf 90' lang='lat' dir='ltr'><strong>propter</strong></span> 
     </span>
    </p>

    <p class='ocr_par' dir='ltr' id='par_1_12' title="bbox 285 2837 1526 2906">
     <span class='ocr_line' id='line_1_35' title="bbox 285 2837 1526 2906; baseline 0 -16"><span class='ocrx_word' id='word_1_467' title='bbox 285 2851 365 2906; x_wconf 88' lang='lat' dir='ltr'><strong>quam</strong></span> <span class='ocrx_word' id='word_1_468' title='bbox 381 2837 464 2890; x_wconf 90' lang='lat' dir='ltr'><strong>nollet</strong></span> <span class='ocrx_word' id='word_1_469' title='bbox 480 2837 593 2904; x_wconf 81' lang='lat' dir='ltr'><strong>negotiis</strong></span> <span class='ocrx_word' id='word_1_470' title='bbox 609 2837 776 2890; x_wconf 87' lang='lat' dir='ltr'><strong>hereditariis</strong></span> <span class='ocrx_word' id='word_1_471' title='bbox 792 2837 930 2904; x_wconf 81' lang='lat' dir='ltr'><strong>implicari</strong></span> <span class='ocrx_word' id='word_1_472' title='bbox 1523 2899 1526 2904; x_wconf 19' lang='grc' dir='ltr'><strong>Δ</strong></span> 
     </span>
    </p>

    <p class='ocr_par' dir='ltr' id='par_1_13' title="bbox 320 2899 1579 2984">
     <span class='ocr_line' id='line_1_36' title="bbox 320 2899 1579 2984; baseline -0.002 -24"><span class='ocrx_word' id='word_1_473' title='bbox 320 2899 359 2962; x_wconf 89' lang='grc'><strong>23</strong></span> <span class='ocrx_word' id='word_1_474' title='bbox 383 2903 528 2960; x_wconf 68' lang='lat' dir='ltr'><strong>dupinius</strong></span> <span class='ocrx_word' id='word_1_475' title='bbox 540 2905 609 2960; x_wconf 82' lang='lat' dir='ltr'><strong>libro</strong></span> <span class='ocrx_word' id='word_1_476' title='bbox 620 2905 828 2984; x_wconf 72' lang='lat' dir='ltr'><strong>quadrupesimo</strong></span> <span class='ocrx_word' id='word_1_477' title='bbox 840 2911 918 2958; x_wconf 77' lang='lat' dir='ltr'><strong>sexto</strong></span> <span class='ocrx_word' id='word_1_478' title='bbox 931 2903 969 2958; x_wconf 88' lang='lat' dir='ltr'><strong>ad</strong></span> <span class='ocrx_word' id='word_1_479' title='bbox 978 2905 1093 2958; x_wconf 79' lang='lat' dir='ltr'><strong>edictum</strong></span> <span class='ocrx_word' id='word_1_480' title='bbox 1526 2907 1579 2968; x_wconf 70' lang='lat' dir='ltr'><strong>W,</strong></span> 
     </span>
    </p>
   </div>
   <div class='ocr_carea' id='block_1_11' title="bbox 286 2971 1920 3058">
    <p class='ocr_par' dir='ltr' id='par_1_14' title="bbox 286 2949 1947 3058">
     <span class='ocr_line' id='line_1_37' title="bbox 286 2971 1920 3058; baseline 0 -32"><span class='ocrx_word' id='word_1_481' title='bbox 286 2971 314 3026; x_wconf 92' lang='lat' dir='ltr'><strong>Si</strong></span> <span class='ocrx_word' id='word_1_482' title='bbox 336 2971 407 3026; x_wconf 89' lang='lat' dir='ltr'><strong>filius</strong></span> <span class='ocrx_word' id='word_1_483' title='bbox 431 2971 476 3039; x_wconf 90' lang='lat' dir='ltr'><strong>qui</strong></span> <span class='ocrx_word' id='word_1_484' title='bbox 497 2971 596 3026; x_wconf 88' lang='lat' dir='ltr'><strong>mansit</strong></span> <span class='ocrx_word' id='word_1_485' title='bbox 616 2973 645 3026; x_wconf 94' lang='lat' dir='ltr'><strong>in</strong></span> <span class='ocrx_word' id='word_1_486' title='bbox 667 2977 751 3040; x_wconf 83' lang='lat' dir='ltr'><strong>patrus</strong></span> <span class='ocrx_word' id='word_1_487' title='bbox 774 2977 921 3040; x_wconf 90' lang='lat' dir='ltr'><strong>potestate,</strong></span> <span class='ocrx_word' id='word_1_488' title='bbox 950 2971 1013 3026; x_wconf 91' lang='lat' dir='ltr'><strong>item</strong></span> <span class='ocrx_word' id='word_1_489' title='bbox 1038 2971 1095 3026; x_wconf 88' lang='lat' dir='ltr'><strong>filia</strong></span> <span class='ocrx_word' id='word_1_490' title='bbox 1178 3007 1224 3058; x_wconf 73' lang='lat' dir='ltr'><strong>DE</strong></span> <span class='ocrx_word' id='word_1_491' title='bbox 1260 3005 1413 3058; x_wconf 62' lang='lat' dir='ltr'>SENATUS</span> <span class='ocrx_word' id='word_1_492' title='bbox 1448 3005 1622 3058; x_wconf 74' lang='lat' dir='ltr'><strong>CONSULTO</strong></span> <span class='ocrx_word' id='word_1_493' title='bbox 1657 3005 1842 3058; x_wconf 58' lang='lat' dir='ltr'>SILANIANO</span> <span class='ocrx_word' id='word_1_494' title='bbox 1875 3007 1920 3058; x_wconf 65' lang='grc' dir='ltr'><strong>ΕΤ</strong></span> 
     </span>
    </p>
   </div>
   <div class='ocr_carea' id='block_1_12' title="bbox 285 3039 1904 3194">
    <p class='ocr_par' dir='ltr' id='par_1_15' title="bbox 285 3039 1904 3194">
     <span class='ocr_line' id='line_1_38' title="bbox 285 3039 1904 3130; baseline 0.012 -38"><span class='ocrx_word' id='word_1_495' title='bbox 285 3039 396 3094; x_wconf 90' lang='lat' dir='ltr'><strong>heredes</strong></span> <span class='ocrx_word' id='word_1_496' title='bbox 422 3039 535 3094; x_wconf 90' lang='lat' dir='ltr'><strong>instituti</strong></span> <span class='ocrx_word' id='word_1_497' title='bbox 559 3041 702 3120; x_wconf 84' lang='lat' dir='ltr'><strong>praeterito</strong></span> <span class='ocrx_word' id='word_1_498' title='bbox 728 3039 812 3118; x_wconf 76' lang='lat' dir='ltr'><strong>fratre</strong></span> <span class='ocrx_word' id='word_1_499' title='bbox 839 3039 1020 3120; x_wconf 80' lang='lat' dir='ltr'><strong>emancipato,</strong></span> <span class='ocrx_word' id='word_1_500' title='bbox 1049 3039 1094 3120; x_wconf 75' lang='lat' dir='ltr'><strong>qui</strong></span> <span class='ocrx_word' id='word_1_501' title='bbox 1195 3075 1406 3126; x_wconf 60' lang='lat' dir='ltr'><strong>CLAUDIAM),</strong></span> <span class='ocrx_word' id='word_1_502' title='bbox 1436 3073 1579 3130; x_wconf 71' lang='lat' dir='ltr'>QUORUM</span> <span class='ocrx_word' id='word_1_503' title='bbox 1603 3073 1831 3124; x_wconf 69' lang='lat' dir='ltr'><strong>fflspppppppp</strong></span> <span class='ocrx_word' id='word_1_504' title='bbox 1855 3073 1904 3124; x_wconf 68' lang='lat' dir='ltr'><strong>pp</strong></span> 
     </span>
     <span class='ocr_line' id='line_1_39' title="bbox 286 3109 1662 3194; baseline 0.011 -32"><span class='ocrx_word' id='word_1_505' title='bbox 286 3115 381 3162; x_wconf 88' lang='lat' dir='ltr'><strong>contra</strong></span> <span class='ocrx_word' id='word_1_506' title='bbox 397 3109 503 3164; x_wconf 91' lang='lat' dir='ltr'><strong>tabulas</strong></span> <span class='ocrx_word' id='word_1_507' title='bbox 521 3123 642 3176; x_wconf 81' lang='lat' dir='ltr'><strong>accipere</strong></span> <span class='ocrx_word' id='word_1_508' title='bbox 659 3123 855 3178; x_wconf 80' lang='lat' dir='ltr'><strong>possessionem</strong></span> <span class='ocrx_word' id='word_1_509' title='bbox 874 3113 975 3178; x_wconf 79' lang='lat' dir='ltr'><strong>potuit,</strong></span> <span class='ocrx_word' id='word_1_510' title='bbox 999 3113 1030 3160; x_wconf 91' lang='lat' dir='ltr'><strong>ut</strong></span> <span class='ocrx_word' id='word_1_511' title='bbox 1052 3125 1093 3162; x_wconf 89' lang='lat' dir='ltr'><strong>m·</strong></span> <span class='ocrx_word' id='word_1_512' title='bbox 1436 3143 1662 3194; x_wconf 67' lang='lat' dir='ltr'><strong>APERlANTUb</strong></span> 
     </span>
    </p>
   </div>
   <div class='ocr_carea' id='block_1_13' title="bbox 223 3175 1955 4330">
    <p class='ocr_par' dir='ltr' id='par_1_16' title="bbox 223 3175 1955 4330">
     <span class='ocr_line' id='line_1_40' title="bbox 287 3175 1093 3246; baseline 0 -16"><span class='ocrx_word' id='word_1_513' title='bbox 287 3175 375 3232; x_wconf 88' lang='lat' dir='ltr'><strong>testati</strong></span> <span class='ocrx_word' id='word_1_514' title='bbox 392 3175 477 3244; x_wconf 90' lang='lat' dir='ltr'><strong>patris</strong></span> <span class='ocrx_word' id='word_1_515' title='bbox 494 3175 690 3244; x_wconf 87' lang='lat' dir='ltr'><strong>possessionem</strong></span> <span class='ocrx_word' id='word_1_516' title='bbox 710 3175 876 3246; x_wconf 88' lang='lat' dir='ltr'><strong>acceperint,</strong></span> <span class='ocrx_word' id='word_1_517' title='bbox 900 3175 987 3244; x_wconf 83' lang='lat' dir='ltr'><strong>legata</strong></span> <span class='ocrx_word' id='word_1_518' title='bbox 1010 3177 1093 3230; x_wconf 88' lang='lat' dir='ltr'><strong>omni-</strong></span> 
     </span>
     <span class='ocr_line' id='line_1_41' title="bbox 287 3239 1944 3314; baseline 0 -16"><span class='ocrx_word' id='word_1_519' title='bbox 287 3243 335 3298; x_wconf 88' lang='lat' dir='ltr'><strong>bus</strong></span> <span class='ocrx_word' id='word_1_520' title='bbox 352 3245 527 3314; x_wconf 87' lang='lat' dir='ltr'><strong>praestabunt</strong></span> <span class='ocrx_word' id='word_1_521' title='bbox 543 3259 594 3298; x_wconf 85' lang='lat' dir='ltr'><strong>nco</strong></span> <span class='ocrx_word' id='word_1_522' title='bbox 610 3243 666 3298; x_wconf 87' lang='lat' dir='ltr'><strong>filia</strong></span> <span class='ocrx_word' id='word_1_523' title='bbox 680 3243 769 3298; x_wconf 86' lang='lat' dir='ltr'><strong>dotem</strong></span> <span class='ocrx_word' id='word_1_524' title='bbox 784 3259 860 3298; x_wconf 90' lang='lat' dir='ltr'><strong>suam</strong></span> <span class='ocrx_word' id='word_1_525' title='bbox 872 3243 950 3298; x_wconf 85' lang='lat' dir='ltr'><strong>fratri</strong></span> <span class='ocrx_word' id='word_1_526' title='bbox 966 3241 1093 3310; x_wconf 80' lang='lat' dir='ltr'><strong>conferet,</strong></span> <span class='ocrx_word' id='word_1_527' title='bbox 1180 3239 1195 3298; x_wconf 91' lang='lat'>1</span> <span class='ocrx_word' id='word_1_528' title='bbox 1220 3241 1367 3298; x_wconf 77' lang='lat' dir='ltr'><strong>Uarrrrrs</strong></span> <span class='ocrx_word' id='word_1_529' title='bbox 1378 3241 1446 3298; x_wconf 81' lang='lat' dir='ltr'><strong>libro</strong></span> <span class='ocrx_word' id='word_1_530' title='bbox 1461 3243 1683 3314; x_wconf 62' lang='lat' dir='ltr'><strong>quinquepertito</strong></span> <span class='ocrx_word' id='word_1_531' title='bbox 1699 3241 1737 3298; x_wconf 83' lang='lat' dir='ltr'><strong>ad</strong></span> <span class='ocrx_word' id='word_1_532' title='bbox 1746 3241 1862 3298; x_wconf 81' lang='lat' dir='ltr'><strong>cdcbtum</strong></span> <span class='ocrx_word' id='word_1_533' title='bbox 1887 3241 1944 3298; x_wconf 84' lang='lat' dir='ltr'><strong>(lun</strong></span> 
     </span>
     <span class='ocr_line' id='line_1_42' title="bbox 271 3309 1943 3382; baseline -0.001 -14"><span class='ocrx_word' id='word_1_534' title='bbox 271 3327 346 3368; x_wconf 63' lang='lat' dir='ltr'><strong>,cum</strong></span> <span class='ocrx_word' id='word_1_535' title='bbox 363 3317 394 3364; x_wconf 90' lang='lat' dir='ltr'><strong>ut</strong></span> <span class='ocrx_word' id='word_1_536' title='bbox 410 3311 510 3380; x_wconf 88' lang='lat' dir='ltr'><strong>scripta</strong></span> <span class='ocrx_word' id='word_1_537' title='bbox 527 3313 649 3382; x_wconf 83' lang='lat' dir='ltr'><strong>videatur</strong></span> <span class='ocrx_word' id='word_1_538' title='bbox 664 3311 840 3366; x_wconf 87' lang='lat' dir='ltr'><strong>hereditatem</strong></span> <span class='ocrx_word' id='word_1_539' title='bbox 855 3311 964 3364; x_wconf 89' lang='lat' dir='ltr'><strong>habere.</strong></span> <span class='ocrx_word' id='word_1_540' title='bbox 1037 3345 1038 3348; x_wconf 55' lang='lat'><em>=</em></span> <span class='ocrx_word' id='word_1_541' title='bbox 1144 3309 1222 3364; x_wconf 89' lang='lat' dir='ltr'><strong>aliter</strong></span> <span class='ocrx_word' id='word_1_542' title='bbox 1244 3309 1318 3364; x_wconf 87' lang='lat' dir='ltr'><strong>nulla</strong></span> <span class='ocrx_word' id='word_1_543' title='bbox 1343 3309 1437 3364; x_wconf 87' lang='lat' dir='ltr'><strong>domus</strong></span> <span class='ocrx_word' id='word_1_544' title='bbox 1462 3315 1521 3364; x_wconf 91' lang='lat' dir='ltr'><strong>tuta</strong></span> <span class='ocrx_word' id='word_1_545' title='bbox 1548 3325 1607 3364; x_wconf 85' lang='lat' dir='ltr'><strong>esse</strong></span> <span class='ocrx_word' id='word_1_546' title='bbox 1631 3309 1730 3380; x_wconf 86' lang='lat' dir='ltr'><strong>possit,</strong></span> <span class='ocrx_word' id='word_1_547' title='bbox 1758 3311 1811 3364; x_wconf 88' lang='lat' dir='ltr'><strong>nisi</strong></span> <span class='ocrx_word' id='word_1_548' title='bbox 1835 3309 1943 3378; x_wconf 81' lang='lat' dir='ltr'><strong>periculo</strong></span> 
     </span>
     <span class='ocr_line' id='line_1_43' title="bbox 320 3375 1944 3450; baseline -0.003 -14"><span class='ocrx_word' id='word_1_549' title='bbox 320 3375 360 3436; x_wconf 86' lang='grc'><strong>24</strong></span> <span class='ocrx_word' id='word_1_550' title='bbox 377 3379 497 3434; x_wconf 78' lang='lat' dir='ltr'><strong>Pronus</strong></span> <span class='ocrx_word' id='word_1_551' title='bbox 511 3381 579 3436; x_wconf 80' lang='lat' dir='ltr'><strong>libro</strong></span> <span class='ocrx_word' id='word_1_552' title='bbox 596 3379 765 3450; x_wconf 77' lang='lat' dir='ltr'><strong>senapess&#39;mo</strong></span> <span class='ocrx_word' id='word_1_553' title='bbox 784 3379 952 3434; x_wconf 75' lang='lat' dir='ltr'><strong>edmarum</strong></span> <span class='ocrx_word' id='word_1_554' title='bbox 986 3379 1016 3434; x_wconf 92' lang='lat' dir='ltr'><strong>Si</strong></span> <span class='ocrx_word' id='word_1_555' title='bbox 1032 3379 1092 3434; x_wconf 92' lang='lat' dir='ltr'><strong>dolo</strong></span> <span class='ocrx_word' id='word_1_556' title='bbox 1145 3377 1240 3446; x_wconf 88' lang='lat' dir='ltr'><strong>capitis</strong></span> <span class='ocrx_word' id='word_1_557' title='bbox 1268 3377 1311 3432; x_wconf 88' lang='lat' dir='ltr'><strong>sui</strong></span> <span class='ocrx_word' id='word_1_558' title='bbox 1340 3377 1489 3432; x_wconf 85' lang='lat' dir='ltr'><strong>custodiam</strong></span> <span class='ocrx_word' id='word_1_559' title='bbox 1518 3377 1630 3432; x_wconf 93' lang='lat' dir='ltr'><strong>dominis</strong></span> <span class='ocrx_word' id='word_1_560' title='bbox 1659 3379 1776 3432; x_wconf 82' lang='lat' dir='ltr'><strong>tamab</strong></span> <span class='ocrx_word' id='word_1_561' title='bbox 1803 3377 1944 3448; x_wconf 85' lang='lat' dir='ltr'><strong>domesticis</strong></span> 
     </span>
     <span class='ocr_line' id='line_1_44' title="bbox 284 3445 1943 3518; baseline -0.002 -16"><span class='ocrx_word' id='word_1_562' title='bbox 284 3447 380 3502; x_wconf 89' lang='lat' dir='ltr'><strong>tutoris</strong></span> <span class='ocrx_word' id='word_1_563' title='bbox 398 3447 514 3502; x_wconf 88' lang='lat' dir='ltr'><strong>omiserit</strong></span> <span class='ocrx_word' id='word_1_564' title='bbox 530 3447 646 3518; x_wconf 89' lang='lat' dir='ltr'><strong>pupillus</strong></span> <span class='ocrx_word' id='word_1_565' title='bbox 665 3463 775 3502; x_wconf 88' lang='lat' dir='ltr'><strong>causam</strong></span> <span class='ocrx_word' id='word_1_566' title='bbox 796 3447 949 3502; x_wconf 87' lang='lat' dir='ltr'><strong>testamenti</strong></span> <span class='ocrx_word' id='word_1_567' title='bbox 965 3451 993 3502; x_wconf 89' lang='lat' dir='ltr'><strong>et</strong></span> <span class='ocrx_word' id='word_1_568' title='bbox 1009 3447 1092 3516; x_wconf 82' lang='lat' dir='ltr'><strong>legiti-</strong></span> <span class='ocrx_word' id='word_1_569' title='bbox 1144 3461 1224 3514; x_wconf 80' lang='lat' dir='ltr'><strong>quam</strong></span> <span class='ocrx_word' id='word_1_570' title='bbox 1250 3445 1284 3498; x_wconf 90' lang='lat' dir='ltr'><strong>ab</strong></span> <span class='ocrx_word' id='word_1_571' title='bbox 1311 3445 1444 3502; x_wconf 77' lang='lat' dir='ltr'><strong>ermeneis</strong></span> <span class='ocrx_word' id='word_1_572' title='bbox 1469 3449 1607 3514; x_wconf 88' lang='lat' dir='ltr'><strong>praestare</strong></span> <span class='ocrx_word' id='word_1_573' title='bbox 1628 3445 1699 3500; x_wconf 86' lang='lat' dir='ltr'><strong>servi</strong></span> <span class='ocrx_word' id='word_1_574' title='bbox 1722 3451 1865 3514; x_wconf 82' lang='lat' dir='ltr'><strong>cogantur,</strong></span> <span class='ocrx_word' id='word_1_575' title='bbox 1894 3445 1943 3500; x_wconf 90' lang='lat' dir='ltr'><strong>ideo</strong></span> 
     </span>
     <span class='ocr_line' id='line_1_45' title="bbox 284 3511 1944 3584; baseline 0 -16"><span class='ocrx_word' id='word_1_576' title='bbox 284 3529 355 3568; x_wconf 89' lang='lat' dir='ltr'><strong>mam</strong></span> <span class='ocrx_word' id='word_1_577' title='bbox 379 3515 553 3568; x_wconf 89' lang='lat' dir='ltr'><strong>hereditatem</strong></span> <span class='ocrx_word' id='word_1_578' title='bbox 581 3513 730 3584; x_wconf 89' lang='lat' dir='ltr'><strong>possideat,</strong></span> <span class='ocrx_word' id='word_1_579' title='bbox 758 3513 849 3568; x_wconf 88' lang='lat' dir='ltr'><strong>danda</strong></span> <span class='ocrx_word' id='word_1_580' title='bbox 878 3521 918 3568; x_wconf 88' lang='lat' dir='ltr'><strong>est</strong></span> <span class='ocrx_word' id='word_1_581' title='bbox 945 3517 1093 3584; x_wconf 86' lang='lat' dir='ltr'><strong>legatorum</strong></span> <span class='ocrx_word' id='word_1_582' title='bbox 1144 3519 1253 3568; x_wconf 87' lang='lat' dir='ltr'><strong>senatus</strong></span> <span class='ocrx_word' id='word_1_583' title='bbox 1276 3511 1401 3568; x_wconf 87' lang='lat' dir='ltr'><strong>consulta</strong></span> <span class='ocrx_word' id='word_1_584' title='bbox 1423 3511 1662 3568; x_wconf 80' lang='lat' dir='ltr'><strong>introductarum</strong></span> <span class='ocrx_word' id='word_1_585' title='bbox 1684 3511 1944 3584; x_wconf 78' lang='lat' dir='ltr'><strong>depublIcaquaes·</strong></span> 
     </span>
     <span class='ocr_line' id='line_1_46' title="bbox 284 3579 1946 3664; baseline 0 -28"><span class='ocrx_word' id='word_1_586' title='bbox 284 3583 355 3636; x_wconf 87' lang='lat' dir='ltr'><strong>actio</strong></span> <span class='ocrx_word' id='word_1_587' title='bbox 374 3583 402 3636; x_wconf 92' lang='lat' dir='ltr'><strong>in</strong></span> <span class='ocrx_word' id='word_1_588' title='bbox 419 3583 562 3664; x_wconf 81' lang='lat' dir='ltr'><strong>pupilium,</strong></span> <span class='ocrx_word' id='word_1_589' title='bbox 587 3583 634 3638; x_wconf 90' lang='lat' dir='ltr'><strong>sed</strong></span> <span class='ocrx_word' id='word_1_590' title='bbox 658 3587 781 3646; x_wconf 87' lang='lat' dir='ltr'><strong>eatenus,</strong></span> <span class='ocrx_word' id='word_1_591' title='bbox 805 3587 936 3652; x_wconf 84' lang='lat' dir='ltr'><strong>quatenus</strong></span> <span class='ocrx_word' id='word_1_592' title='bbox 959 3583 1092 3642; x_wconf 82' lang='lat' dir='ltr'><strong>hereditas</strong></span> <span class='ocrx_word' id='word_1_593' title='bbox 1147 3585 1157 3632; x_wconf 88' lang='lat' dir='ltr'><strong>t</strong></span> <span class='ocrx_word' id='word_1_594' title='bbox 1193 3581 1266 3636; x_wconf 91' lang='lat' dir='ltr'><strong>tione</strong></span> <span class='ocrx_word' id='word_1_595' title='bbox 1295 3597 1313 3636; x_wconf 91' lang='lat' dir='ltr'><strong>a</strong></span> <span class='ocrx_word' id='word_1_596' title='bbox 1340 3579 1459 3636; x_wconf 81' lang='lat' dir='ltr'><strong>familia⁷</strong></span> <span class='ocrx_word' id='word_1_597' title='bbox 1490 3585 1646 3634; x_wconf 89' lang='lat' dir='ltr'><strong>necatorum</strong></span> <span class='ocrx_word' id='word_1_598' title='bbox 1673 3581 1804 3634; x_wconf 88' lang='lat' dir='ltr'><strong>habenda.</strong></span> <span class='ocrx_word' id='word_1_599' title='bbox 1847 3579 1946 3638; x_wconf 84' lang='lat' dir='ltr'><strong>Domini</strong></span> 
     </span>
     <span class='ocr_line' id='line_1_47' title="bbox 284 3645 1955 3770; baseline -0.001 -66"><span class='ocrx_word' id='word_1_600' title='bbox 284 3649 309 3704; x_wconf 88' lang='lat' dir='ltr'><strong>ei</strong></span> <span class='ocrx_word' id='word_1_601' title='bbox 332 3649 465 3718; x_wconf 82' lang='lat' dir='ltr'><strong>adquisita</strong></span> <span class='ocrx_word' id='word_1_602' title='bbox 488 3655 534 3704; x_wconf 90' lang='lat' dir='ltr'><strong>est.</strong></span> <span class='ocrx_word' id='word_1_603' title='bbox 560 3649 633 3770; x_wconf 77' lang='lat' dir='ltr'><strong>Squid</strong></span> <span class='ocrx_word' id='word_1_604' title='bbox 651 3649 733 3714; x_wconf 89' lang='lat' dir='ltr'><strong>enim,</strong></span> <span class='ocrx_word' id='word_1_605' title='bbox 756 3649 780 3702; x_wconf 88' lang='lat' dir='ltr'><strong>si</strong></span> <span class='ocrx_word' id='word_1_606' title='bbox 803 3665 864 3704; x_wconf 87' lang='lat' dir='ltr'><strong>oum</strong></span> <span class='ocrx_word' id='word_1_607' title='bbox 887 3649 939 3704; x_wconf 91' lang='lat' dir='ltr'><strong>alio</strong></span> <span class='ocrx_word' id='word_1_608' title='bbox 957 3651 1093 3718; x_wconf 88' lang='lat' dir='ltr'><strong>possideat</strong></span> <span class='ocrx_word' id='word_1_609' title='bbox 1144 3649 1324 3718; x_wconf 87' lang='lat' dir='ltr'><strong>appellatione</strong></span> <span class='ocrx_word' id='word_1_610' title='bbox 1346 3649 1497 3704; x_wconf 87' lang='lat' dir='ltr'><strong>continetur</strong></span> <span class='ocrx_word' id='word_1_611' title='bbox 1514 3649 1559 3718; x_wconf 88' lang='lat' dir='ltr'><strong>qui</strong></span> <span class='ocrx_word' id='word_1_612' title='bbox 1575 3649 1658 3702; x_wconf 91' lang='lat' dir='ltr'><strong>habet</strong></span> <span class='ocrx_word' id='word_1_613' title='bbox 1673 3649 1878 3718; x_wconf 88' lang='lat' dir='ltr'><strong>proprietatem,</strong></span> <span class='ocrx_word' id='word_1_614' title='bbox 1904 3645 1955 3706; x_wconf 86' lang='lat' dir='ltr'><strong>etsi</strong></span> 
     </span>
     <span class='ocr_line' id='line_1_48' title="bbox 287 3715 1944 3786; baseline 0.001 -16"><span class='ocrx_word' id='word_1_615' title='bbox 287 3721 299 3770; x_wconf 87' lang='lat'>1</span> <span class='ocrx_word' id='word_1_616' title='bbox 334 3715 526 3770; x_wconf 82' lang='lat' dir='ltr'><strong>hereditatem?</strong></span> <span class='ocrx_word' id='word_1_617' title='bbox 581 3715 613 3770; x_wconf 90' lang='lat' dir='ltr'><strong>ed</strong></span> <span class='ocrx_word' id='word_1_618' title='bbox 637 3715 693 3770; x_wconf 88' lang='lat' dir='ltr'><strong>hoc</strong></span> <span class='ocrx_word' id='word_1_619' title='bbox 716 3721 744 3770; x_wconf 88' lang='lat' dir='ltr'><strong>et</strong></span> <span class='ocrx_word' id='word_1_620' title='bbox 767 3715 796 3770; x_wconf 88' lang='lat' dir='ltr'><strong>in</strong></span> <span class='ocrx_word' id='word_1_621' title='bbox 822 3731 853 3770; x_wconf 91' lang='lat' dir='ltr'><strong>eo</strong></span> <span class='ocrx_word' id='word_1_622' title='bbox 877 3717 923 3784; x_wconf 86' lang='lat' dir='ltr'><strong>qui</strong></span> <span class='ocrx_word' id='word_1_623' title='bbox 944 3719 1028 3786; x_wconf 90' lang='lat' dir='ltr'><strong>pubes</strong></span> <span class='ocrx_word' id='word_1_624' title='bbox 1052 3723 1093 3772; x_wconf 91' lang='lat' dir='ltr'><strong>est</strong></span> <span class='ocrx_word' id='word_1_625' title='bbox 1145 3721 1158 3768; x_wconf 80' lang='lat'><strong>2</strong></span> <span class='ocrx_word' id='word_1_626' title='bbox 1193 3733 1260 3770; x_wconf 88' lang='lat' dir='ltr'><strong>usus</strong></span> <span class='ocrx_word' id='word_1_627' title='bbox 1283 3715 1389 3772; x_wconf 87' lang='lat' dir='ltr'><strong>fructus</strong></span> <span class='ocrx_word' id='word_1_628' title='bbox 1412 3715 1512 3770; x_wconf 86' lang='lat' dir='ltr'><strong>alienus</strong></span> <span class='ocrx_word' id='word_1_629' title='bbox 1531 3717 1572 3772; x_wconf 88' lang='lat' dir='ltr'><strong>sit.</strong></span> <span class='ocrx_word' id='word_1_630' title='bbox 1608 3715 1659 3784; x_wconf 76' lang='lat' dir='ltr'><strong>Qui</strong></span> <span class='ocrx_word' id='word_1_631' title='bbox 1680 3733 1785 3772; x_wconf 82' lang='lat' dir='ltr'><strong>serrum</strong></span> <span class='ocrx_word' id='word_1_632' title='bbox 1808 3717 1881 3784; x_wconf 82' lang='lat' dir='ltr'><strong>bona</strong></span> <span class='ocrx_word' id='word_1_633' title='bbox 1901 3715 1944 3772; x_wconf 80' lang='lat' dir='ltr'><strong>fids</strong></span> 
     </span>
     <span class='ocr_line' id='line_1_49' title="bbox 283 3781 1943 3854; baseline 0 -16"><span class='ocrx_word' id='word_1_634' title='bbox 283 3783 402 3854; x_wconf 89' lang='lat' dir='ltr'><strong>plerique</strong></span> <span class='ocrx_word' id='word_1_635' title='bbox 419 3789 515 3852; x_wconf 90' lang='lat' dir='ltr'><strong>putant</strong></span> <span class='ocrx_word' id='word_1_636' title='bbox 532 3781 734 3848; x_wconf 75' lang='lat' dir='ltr'><strong>observandum,</strong></span> <span class='ocrx_word' id='word_1_637' title='bbox 752 3789 783 3838; x_wconf 91' lang='lat' dir='ltr'><strong>ut</strong></span> <span class='ocrx_word' id='word_1_638' title='bbox 799 3799 849 3852; x_wconf 91' lang='lat' dir='ltr'><strong>pro</strong></span> <span class='ocrx_word' id='word_1_639' title='bbox 866 3799 920 3852; x_wconf 79' lang='lat' dir='ltr'><strong>qua</strong></span> <span class='ocrx_word' id='word_1_640' title='bbox 936 3789 1014 3854; x_wconf 87' lang='lat' dir='ltr'><strong>parte</strong></span> <span class='ocrx_word' id='word_1_641' title='bbox 1029 3799 1092 3854; x_wconf 91' lang='lat' dir='ltr'><strong>pos·</strong></span> <span class='ocrx_word' id='word_1_642' title='bbox 1143 3783 1277 3852; x_wconf 90' lang='lat' dir='ltr'><strong>possedit,</strong></span> <span class='ocrx_word' id='word_1_643' title='bbox 1301 3783 1401 3838; x_wconf 90' lang='lat' dir='ltr'><strong>domini</strong></span> <span class='ocrx_word' id='word_1_644' title='bbox 1421 3783 1598 3852; x_wconf 87' lang='lat' dir='ltr'><strong>appellatione</strong></span> <span class='ocrx_word' id='word_1_645' title='bbox 1615 3799 1670 3838; x_wconf 88' lang='lat' dir='ltr'><strong>non</strong></span> <span class='ocrx_word' id='word_1_646' title='bbox 1687 3785 1880 3848; x_wconf 87' lang='lat' dir='ltr'><strong>continebitur,</strong></span> <span class='ocrx_word' id='word_1_647' title='bbox 1903 3797 1943 3838; x_wconf 83' lang='lat' dir='ltr'><strong>ner</strong></span> 
     </span>
     <span class='ocr_line' id='line_1_50' title="bbox 284 3849 1943 3932; baseline -0.001 -26"><span class='ocrx_word' id='word_1_648' title='bbox 284 3851 378 3916; x_wconf 87' lang='lat' dir='ltr'><strong>sideat,</strong></span> <span class='ocrx_word' id='word_1_649' title='bbox 395 3857 525 3916; x_wconf 87' lang='lat' dir='ltr'><strong>teneatur,</strong></span> <span class='ocrx_word' id='word_1_650' title='bbox 544 3853 661 3932; x_wconf 80' lang='lat' dir='ltr'><strong>quamvis</strong></span> <span class='ocrx_word' id='word_1_651' title='bbox 678 3855 786 3920; x_wconf 81' lang='lat' dir='ltr'><strong>praetor</strong></span> <span class='ocrx_word' id='word_1_652' title='bbox 802 3851 913 3922; x_wconf 87' lang='lat' dir='ltr'><strong>perinde</strong></span> <span class='ocrx_word' id='word_1_653' title='bbox 929 3853 959 3908; x_wconf 90' lang='lat' dir='ltr'><strong>in</strong></span> <span class='ocrx_word' id='word_1_654' title='bbox 972 3869 1032 3908; x_wconf 92' lang='lat' dir='ltr'><strong>eum</strong></span> <span class='ocrx_word' id='word_1_655' title='bbox 1047 3853 1093 3908; x_wconf 92' lang='lat' dir='ltr'><strong>det</strong></span> <span class='ocrx_word' id='word_1_656' title='bbox 1137 3857 1158 3922; x_wconf 51' lang='lat'><strong>¹3</strong></span> <span class='ocrx_word' id='word_1_657' title='bbox 1195 3853 1241 3922; x_wconf 89' lang='lat' dir='ltr'><strong>qui</strong></span> <span class='ocrx_word' id='word_1_658' title='bbox 1257 3865 1336 3904; x_wconf 88' lang='lat' dir='ltr'><strong>usum</strong></span> <span class='ocrx_word' id='word_1_659' title='bbox 1353 3851 1471 3904; x_wconf 85' lang='lat' dir='ltr'><strong>fructum</strong></span> <span class='ocrx_word' id='word_1_660' title='bbox 1488 3853 1574 3906; x_wconf 90' lang='lat' dir='ltr'><strong>solum</strong></span> <span class='ocrx_word' id='word_1_661' title='bbox 1593 3851 1696 3906; x_wconf 91' lang='lat' dir='ltr'><strong>babuit.</strong></span> <span class='ocrx_word' id='word_1_662' title='bbox 1731 3851 1827 3908; x_wconf 79' lang='lat' dir='ltr'><strong>Servus</strong></span> <span class='ocrx_word' id='word_1_663' title='bbox 1850 3849 1943 3922; x_wconf 78' lang='lat' dir='ltr'><strong>pignori</strong></span> 
     </span>
     <span class='ocr_line' id='line_1_51' title="bbox 284 3917 1952 3992; baseline 0.001 -20"><span class='ocrx_word' id='word_1_664' title='bbox 284 3919 426 3984; x_wconf 86' lang='lat' dir='ltr'><strong>actionem,</strong></span> <span class='ocrx_word' id='word_1_665' title='bbox 443 3925 524 3988; x_wconf 86' lang='lat' dir='ltr'><strong>atque</strong></span> <span class='ocrx_word' id='word_1_666' title='bbox 542 3935 564 3974; x_wconf 88' lang='lat' dir='ltr'><strong>s1</strong></span> <span class='ocrx_word' id='word_1_667' title='bbox 581 3919 680 3974; x_wconf 87' lang='lat' dir='ltr'><strong>adisset</strong></span> <span class='ocrx_word' id='word_1_668' title='bbox 696 3919 878 3976; x_wconf 87' lang='lat' dir='ltr'><strong>hereditatem.</strong></span> <span class='ocrx_word' id='word_1_669' title='bbox 1144 3918 1236 3984; x_wconf 88' lang='lat' dir='ltr'><strong>datus,</strong></span> <span class='ocrx_word' id='word_1_670' title='bbox 1261 3919 1332 3990; x_wconf 87' lang='lat' dir='ltr'><strong>quod</strong></span> <span class='ocrx_word' id='word_1_671' title='bbox 1350 3919 1445 3974; x_wconf 90' lang='lat' dir='ltr'><strong>attinet</strong></span> <span class='ocrx_word' id='word_1_672' title='bbox 1463 3919 1497 3974; x_wconf 89' lang='lat' dir='ltr'><strong>ad</strong></span> <span class='ocrx_word' id='word_1_673' title='bbox 1514 3919 1641 3974; x_wconf 90' lang='lat' dir='ltr'><strong>debitoris</strong></span> <span class='ocrx_word' id='word_1_674' title='bbox 1664 3935 1770 3986; x_wconf 89' lang='lat' dir='ltr'><strong>necem,</strong></span> <span class='ocrx_word' id='word_1_675' title='bbox 1793 3935 1842 3988; x_wconf 89' lang='lat' dir='ltr'><strong>per</strong></span> <span class='ocrx_word' id='word_1_676' title='bbox 1865 3917 1952 3992; x_wconf 51' lang='lat' dir='ltr'><strong>currit¹</strong></span> 
     </span>
     <span class='ocr_line' id='line_1_52' title="bbox 318 3983 1942 4060; baseline 0 -18"><span class='ocrx_word' id='word_1_677' title='bbox 318 3983 358 4044; x_wconf 85' lang='grc'><strong>25</strong></span> <span class='ocrx_word' id='word_1_678' title='bbox 384 3987 583 4042; x_wconf 66' lang='lat' dir='ltr'><strong>crisostomi</strong></span> <span class='ocrx_word' id='word_1_679' title='bbox 606 3991 685 4042; x_wconf 78' lang='lat' dir='ltr'><strong>sento</strong></span> <span class='ocrx_word' id='word_1_680' title='bbox 710 3987 813 4052; x_wconf 80' lang='lat' dir='ltr'><strong>decimo</strong></span> <span class='ocrx_word' id='word_1_681' title='bbox 839 3985 1004 4060; x_wconf 75' lang='lat' dir='ltr'><strong>clipeatorum</strong></span> <span class='ocrx_word' id='word_1_682' title='bbox 1044 3985 1094 4042; x_wconf 80' lang='lat' dir='ltr'><strong>Oui</strong></span> <span class='ocrx_word' id='word_1_683' title='bbox 1142 3985 1254 4056; x_wconf 87' lang='lat' dir='ltr'><strong>perinde</strong></span> <span class='ocrx_word' id='word_1_684' title='bbox 1274 3987 1391 4042; x_wconf 89' lang='lat' dir='ltr'><strong>habetur</strong></span> <span class='ocrx_word' id='word_1_685' title='bbox 1413 3991 1494 4054; x_wconf 91' lang='lat' dir='ltr'><strong>atque</strong></span> <span class='ocrx_word' id='word_1_686' title='bbox 1517 3987 1541 4042; x_wconf 88' lang='lat' dir='ltr'><strong>si</strong></span> <span class='ocrx_word' id='word_1_687' title='bbox 1562 3985 1667 4056; x_wconf 87' lang='lat' dir='ltr'><strong>pignori</strong></span> <span class='ocrx_word' id='word_1_688' title='bbox 1692 3987 1771 4042; x_wconf 90' lang='lat' dir='ltr'><strong>datus</strong></span> <span class='ocrx_word' id='word_1_689' title='bbox 1796 4003 1851 4042; x_wconf 89' lang='lat' dir='ltr'><strong>non</strong></span> <span class='ocrx_word' id='word_1_690' title='bbox 1874 3989 1942 4050; x_wconf 76' lang='lat' dir='ltr'><strong>esset</strong></span> 
     </span>
     <span class='ocr_line' id='line_1_53' title="bbox 223 4051 1942 4136; baseline -0.002 -26"><span class='ocrx_word' id='word_1_691' title='bbox 223 4081 224 4084; x_wconf 38' lang='lat'>¹</span> <span class='ocrx_word' id='word_1_692' title='bbox 284 4069 375 4110; x_wconf 83' lang='lat' dir='ltr'><strong>sersus</strong></span> <span class='ocrx_word' id='word_1_693' title='bbox 401 4055 485 4136; x_wconf 87' lang='lat' dir='ltr'><strong>ipsius</strong></span> <span class='ocrx_word' id='word_1_694' title='bbox 509 4053 676 4124; x_wconf 85' lang='lat' dir='ltr'><strong>substitutus</strong></span> <span class='ocrx_word' id='word_1_695' title='bbox 698 4059 751 4120; x_wconf 87' lang='lat' dir='ltr'><strong>est,</strong></span> <span class='ocrx_word' id='word_1_696' title='bbox 782 4071 886 4108; x_wconf 84' lang='lat' dir='ltr'><strong>servum</strong></span> <span class='ocrx_word' id='word_1_697' title='bbox 914 4069 992 4108; x_wconf 87' lang='lat' dir='ltr'><strong>suum</strong></span> <span class='ocrx_word' id='word_1_698' title='bbox 1019 4055 1093 4110; x_wconf 89' lang='lat' dir='ltr'><strong>adire</strong></span> <span class='ocrx_word' id='word_1_699' title='bbox 1143 4061 1159 4108; x_wconf 87' lang='lat'>4</span> <span class='ocrx_word' id='word_1_700' title='bbox 1194 4053 1269 4108; x_wconf 82' lang='lat' dir='ltr'><strong>Serui</strong></span> <span class='ocrx_word' id='word_1_701' title='bbox 1286 4071 1321 4124; x_wconf 88' lang='lat' dir='ltr'><strong>ap</strong></span> <span class='ocrx_word' id='word_1_702' title='bbox 1341 4055 1464 4108; x_wconf 82' lang='lat' dir='ltr'><strong>allatione</strong></span> <span class='ocrx_word' id='word_1_703' title='bbox 1482 4053 1561 4108; x_wconf 89' lang='lat' dir='ltr'><strong>etiam</strong></span> <span class='ocrx_word' id='word_1_704' title='bbox 1577 4055 1607 4109; x_wconf 91' lang='lat' dir='ltr'><strong>hi</strong></span> <span class='ocrx_word' id='word_1_705' title='bbox 1628 4055 1812 4122; x_wconf 88' lang='lat' dir='ltr'><strong>eontinentur,</strong></span> <span class='ocrx_word' id='word_1_706' title='bbox 1850 4055 1881 4108; x_wconf 88' lang='lat' dir='ltr'><strong>ui</strong></span> <span class='ocrx_word' id='word_1_707' title='bbox 1902 4051 1942 4108; x_wconf 89' lang='lat' dir='ltr'><strong>sub</strong></span> 
     </span>
     <span class='ocr_line' id='line_1_54' title="bbox 284 4071 1942 4192; baseline -0.001 -14"><span class='ocrx_word' id='word_1_708' title='bbox 284 4123 370 4178; x_wconf 90' lang='lat' dir='ltr'><strong>iussit.</strong></span> <span class='ocrx_word' id='word_1_709' title='bbox 401 4139 424 4178; x_wconf 82' lang='lat' dir='ltr'><strong>si</strong></span> <span class='ocrx_word' id='word_1_710' title='bbox 440 4123 540 4178; x_wconf 89' lang='lat' dir='ltr'><strong>idcirco</strong></span> <span class='ocrx_word' id='word_1_711' title='bbox 557 4121 629 4188; x_wconf 83' lang='lat' dir='ltr'><strong>feeit,</strong></span> <span class='ocrx_word' id='word_1_712' title='bbox 647 4137 681 4178; x_wconf 91' lang='lat' dir='ltr'><strong>ne</strong></span> <span class='ocrx_word' id='word_1_713' title='bbox 698 4123 786 4192; x_wconf 82' lang='lat' dir='ltr'><strong>legata</strong></span> <span class='ocrx_word' id='word_1_714' title='bbox 802 4129 960 4192; x_wconf 88' lang='lat' dir='ltr'><strong>praestaret,</strong></span> <span class='ocrx_word' id='word_1_715' title='bbox 978 4127 1093 4192; x_wconf 88' lang='lat' dir='ltr'><strong>utraque</strong></span> <span class='ocrx_word' id='word_1_716' title='bbox 1143 4121 1299 4178; x_wconf 90' lang='lat' dir='ltr'><strong>condicione</strong></span> <span class='ocrx_word' id='word_1_717' title='bbox 1321 4071 1402 4192; x_wconf 64' lang='lat' dir='ltr'><strong>segeti</strong></span> <span class='ocrx_word' id='word_1_718' title='bbox 1425 4129 1500 4176; x_wconf 86' lang='lat' dir='ltr'><strong>sunt:</strong></span> <span class='ocrx_word' id='word_1_719' title='bbox 1524 4137 1587 4176; x_wconf 87' lang='lat' dir='ltr'><strong>nam</strong></span> <span class='ocrx_word' id='word_1_720' title='bbox 1610 4121 1695 4178; x_wconf 89' lang='lat' dir='ltr'><strong>medio</strong></span> <span class='ocrx_word' id='word_1_721' title='bbox 1714 4129 1832 4192; x_wconf 86' lang='lat' dir='ltr'><strong>tempore</strong></span> <span class='ocrx_word' id='word_1_722' title='bbox 1868 4121 1942 4176; x_wconf 83' lang='lat' dir='ltr'><strong>eredis</strong></span> 
     </span>
     <span class='ocr_line' id='line_1_55' title="bbox 283 4189 1943 4314; baseline 0 -68"><span class='ocrx_word' id='word_1_723' title='bbox 283 4191 447 4262; x_wconf 86' lang='lat' dir='ltr'><strong>praestabit,</strong></span> <span class='ocrx_word' id='word_1_724' title='bbox 476 4197 502 4246; x_wconf 92' lang='lat' dir='ltr'><strong>et</strong></span> <span class='ocrx_word' id='word_1_725' title='bbox 524 4207 577 4260; x_wconf 90' lang='lat' dir='ltr'><strong>qua</strong></span> <span class='ocrx_word' id='word_1_726' title='bbox 599 4191 676 4246; x_wconf 85' lang='lat' dir='ltr'><strong>heres</strong></span> <span class='ocrx_word' id='word_1_727' title='bbox 700 4197 741 4246; x_wconf 88' lang='lat' dir='ltr'><strong>est</strong></span> <span class='ocrx_word' id='word_1_728' title='bbox 763 4197 791 4246; x_wconf 91' lang='lat' dir='ltr'><strong>et</strong></span> <span class='ocrx_word' id='word_1_729' title='bbox 814 4207 867 4314; x_wconf 55' lang='lat' dir='ltr'><strong>‘hua</strong></span> <span class='ocrx_word' id='word_1_730' title='bbox 890 4189 987 4246; x_wconf 89' lang='lat' dir='ltr'><strong>omissa</strong></span> <span class='ocrx_word' id='word_1_731' title='bbox 1011 4207 1093 4246; x_wconf 88' lang='lat' dir='ltr'><strong>causa</strong></span> <span class='ocrx_word' id='word_1_732' title='bbox 1142 4197 1214 4258; x_wconf 86' lang='lat' dir='ltr'><strong>sunt,</strong></span> <span class='ocrx_word' id='word_1_733' title='bbox 1232 4207 1282 4246; x_wconf 91' lang='lat' dir='ltr'><strong>nec</strong></span> <span class='ocrx_word' id='word_1_734' title='bbox 1301 4191 1372 4260; x_wconf 83' lang='lat' dir='ltr'><strong>quod</strong></span> <span class='ocrx_word' id='word_1_735' title='bbox 1390 4189 1510 4246; x_wconf 90' lang='lat' dir='ltr'><strong>condicio</strong></span> <span class='ocrx_word' id='word_1_736' title='bbox 1529 4191 1644 4246; x_wconf 86' lang='lat' dir='ltr'><strong>existens</strong></span> <span class='ocrx_word' id='word_1_737' title='bbox 1661 4189 1755 4258; x_wconf 88' lang='lat' dir='ltr'><strong>efficit,</strong></span> <span class='ocrx_word' id='word_1_738' title='bbox 1778 4195 1809 4246; x_wconf 91' lang='lat' dir='ltr'><strong>ut</strong></span> <span class='ocrx_word' id='word_1_739' title='bbox 1831 4189 1943 4270; x_wconf 76' lang='lat' dir='ltr'><strong>desinant</strong></span> 
     </span>
     <span class='ocr_line' id='line_1_56' title="bbox 283 4259 1943 4330; baseline 0.001 -18"><span class='ocrx_word' id='word_1_740' title='bbox 283 4261 435 4314; x_wconf 88' lang='lat' dir='ltr'><strong>testamenti</strong></span> <span class='ocrx_word' id='word_1_741' title='bbox 446 4259 564 4330; x_wconf 90' lang='lat' dir='ltr'><strong>possidet</strong></span> <span class='ocrx_word' id='word_1_742' title='bbox 575 4273 608 4312; x_wconf 81' lang='lat' dir='ltr'><strong>ex</strong></span> <span class='ocrx_word' id='word_1_743' title='bbox 619 4259 808 4314; x_wconf 90' lang='lat' dir='ltr'><strong>substitutione</strong></span> <span class='ocrx_word' id='word_1_744' title='bbox 841 4261 1001 4326; x_wconf 88' lang='lat' dir='ltr'><strong>ereditatem,</strong></span> <span class='ocrx_word' id='word_1_745' title='bbox 1019 4261 1092 4314; x_wconf 81' lang='lat' dir='ltr'><strong>salva</strong></span> <span class='ocrx_word' id='word_1_746' title='bbox 1143 4275 1201 4314; x_wconf 88' lang='lat' dir='ltr'><strong>esse</strong></span> <span class='ocrx_word' id='word_1_747' title='bbox 1217 4259 1330 4326; x_wconf 88' lang='lat' dir='ltr'><strong>heredis,</strong></span> <span class='ocrx_word' id='word_1_748' title='bbox 1349 4259 1415 4312; x_wconf 85' lang='lat' dir='ltr'><strong>iacit</strong></span> <span class='ocrx_word' id='word_1_749' title='bbox 1430 4275 1465 4314; x_wconf 90' lang='lat' dir='ltr'><strong>ne</strong></span> <span class='ocrx_word' id='word_1_750' title='bbox 1481 4259 1622 4312; x_wconf 86' lang='lat' dir='ltr'><strong>videantur</strong></span> <span class='ocrx_word' id='word_1_751' title='bbox 1637 4259 1843 4314; x_wconf 65' lang='lat' dir='ltr'><strong>marineium.</strong></span> <span class='ocrx_word' id='word_1_752' title='bbox 1868 4259 1943 4314; x_wconf 58' lang='lat' dir='ltr'><strong>idem*</strong></span> 
     </span>
    </p>
   </div>
   <div class='ocr_carea' id='block_1_14' title="bbox 1960 2227 1962 2284">
    <p class='ocr_par' dir='ltr' id='par_1_17' title="bbox 1960 2187 1962 2284">
     <span class='ocr_line' id='line_1_57' title="bbox 1960 2227 1962 2284; baseline 0 -66"><span class='ocrx_word' id='word_1_753' title='bbox 1960 2227 1962 2284; x_wconf 29' lang='grc' dir='ltr'><strong><em>Ν</em></strong></span> 
     </span>
    </p>
   </div>
   <div class='ocr_carea' id='block_1_15' title="bbox 284 4319 1956 4396">
    <p class='ocr_par' dir='ltr' id='par_1_18' title="bbox 284 4319 1956 4396">
     <span class='ocr_line' id='line_1_58' title="bbox 284 4319 1956 4396; baseline -0.002 -16"><span class='ocrx_word' id='word_1_754' title='bbox 284 4319 405 4382; x_wconf 78' lang='lat' dir='ltr'><strong>Falcidia</strong></span> <span class='ocrx_word' id='word_1_755' title='bbox 423 4329 446 4382; x_wconf 90' lang='lat' dir='ltr'><strong>ei</strong></span> <span class='ocrx_word' id='word_1_756' title='bbox 464 4333 575 4390; x_wconf 84' lang='lat' dir='ltr'><strong>seruata.</strong></span> <span class='ocrx_word' id='word_1_757' title='bbox 1142 4333 1157 4380; x_wconf 77' lang='grc'>5</span> <span class='ocrx_word' id='word_1_758' title='bbox 1194 4343 1245 4396; x_wconf 91' lang='lat' dir='ltr'><strong>que</strong></span> <span class='ocrx_word' id='word_1_759' title='bbox 1268 4327 1320 4380; x_wconf 88' lang='lat' dir='ltr'><strong>erit</strong></span> <span class='ocrx_word' id='word_1_760' title='bbox 1342 4327 1501 4382; x_wconf 75' lang='lat' dir='ltr'><strong>dicandum⁹</strong></span> <span class='ocrx_word' id='word_1_761' title='bbox 1523 4327 1551 4380; x_wconf 90' lang='lat' dir='ltr'><strong>in</strong></span> <span class='ocrx_word' id='word_1_762' title='bbox 1574 4327 1738 4382; x_wconf 89' lang='lat' dir='ltr'><strong>statulibero.</strong></span> <span class='ocrx_word' id='word_1_763' title='bbox 1780 4327 1833 4380; x_wconf 85' lang='lat' dir='ltr'><strong>Sed</strong></span> <span class='ocrx_word' id='word_1_764' title='bbox 1855 4327 1885 4380; x_wconf 91' lang='lat' dir='ltr'><strong>in</strong></span> <span class='ocrx_word' id='word_1_765' title='bbox 1909 4339 1956 4388; x_wconf 77' lang='lat' dir='ltr'><strong>eo„</strong></span> 
     </span>
    </p>
   </div>
   <div class='ocr_carea' id='block_1_16' title="bbox 264 4391 1950 4736">
    <p class='ocr_par' dir='ltr' id='par_1_19' title="bbox 264 4391 1951 4736">
     <span class='ocr_line' id='line_1_59' title="bbox 318 4391 1941 4464; baseline -0.004 -10"><span class='ocrx_word' id='word_1_766' title='bbox 318 4391 360 4454; x_wconf 83' lang='grc'><strong>26</strong></span> <span class='ocrx_word' id='word_1_767' title='bbox 383 4393 567 4450; x_wconf 72' lang='lat' dir='ltr'><strong>Pammenes</strong></span> <span class='ocrx_word' id='word_1_768' title='bbox 590 4393 657 4450; x_wconf 83' lang='lat' dir='ltr'><strong>libro</strong></span> <span class='ocrx_word' id='word_1_769' title='bbox 680 4399 759 4450; x_wconf 75' lang='lat' dir='ltr'><strong>sexto</strong></span> <span class='ocrx_word' id='word_1_770' title='bbox 782 4395 883 4450; x_wconf 72' lang='lat' dir='ltr'><strong>decim</strong></span> <span class='ocrx_word' id='word_1_771' title='bbox 907 4395 1091 4464; x_wconf 76' lang='lat' dir='ltr'><strong>quaestionem</strong></span> <span class='ocrx_word' id='word_1_772' title='bbox 1142 4395 1187 4450; x_wconf 91' lang='lat' dir='ltr'><strong>cui</strong></span> <span class='ocrx_word' id='word_1_773' title='bbox 1208 4393 1413 4450; x_wconf 77' lang='lat' dir='ltr'><strong>fideicommIssa</strong></span> <span class='ocrx_word' id='word_1_774' title='bbox 1434 4393 1543 4450; x_wconf 89' lang='lat' dir='ltr'><strong>libertas</strong></span> <span class='ocrx_word' id='word_1_775' title='bbox 1565 4411 1633 4464; x_wconf 88' lang='lat' dir='ltr'><strong>pure</strong></span> <span class='ocrx_word' id='word_1_776' title='bbox 1656 4395 1780 4460; x_wconf 90' lang='lat' dir='ltr'><strong>debetur,</strong></span> <span class='ocrx_word' id='word_1_777' title='bbox 1798 4399 1892 4450; x_wconf 88' lang='lat' dir='ltr'><strong>exstat</strong></span> <span class='ocrx_word' id='word_1_778' title='bbox 1908 4397 1941 4456; x_wconf 64' lang='grc' dir='ltr'><strong>τι</strong></span> 
     </span>
     <span class='ocr_line' id='line_1_60' title="bbox 264 4461 1950 4584; baseline 0 -68"><span class='ocrx_word' id='word_1_779' title='bbox 264 4463 402 4538; x_wconf 50' lang='lat' dir='ltr'><strong>¹Iulianus</strong></span> <span class='ocrx_word' id='word_1_780' title='bbox 425 4463 518 4518; x_wconf 89' lang='lat' dir='ltr'><strong>scribit</strong></span> <span class='ocrx_word' id='word_1_781' title='bbox 557 4467 656 4528; x_wconf 85' lang='lat' dir='ltr'><strong>atram,</strong></span> <span class='ocrx_word' id='word_1_782' title='bbox 680 4463 726 4584; x_wconf 61' lang='lat' dir='ltr'><strong>riui</strong></span> <span class='ocrx_word' id='word_1_783' title='bbox 746 4461 829 4516; x_wconf 85' lang='lat' dir='ltr'><strong>filiam</strong></span> <span class='ocrx_word' id='word_1_784' title='bbox 851 4461 903 4518; x_wconf 88' lang='lat' dir='ltr'><strong>sibi</strong></span> <span class='ocrx_word' id='word_1_785' title='bbox 919 4461 1092 4518; x_wconf 83' lang='lat' dir='ltr'><strong>substitutam</strong></span> <span class='ocrx_word' id='word_1_786' title='bbox 1142 4461 1270 4532; x_wconf 87' lang='lat' dir='ltr'><strong>scriptum</strong></span> <span class='ocrx_word' id='word_1_787' title='bbox 1287 4461 1341 4516; x_wconf 82' lang='lat' dir='ltr'><strong>divi</strong></span> <span class='ocrx_word' id='word_1_788' title='bbox 1356 4461 1398 4516; x_wconf 91' lang='lat' dir='ltr'><strong>Pii</strong></span> <span class='ocrx_word' id='word_1_789' title='bbox 1415 4461 1450 4516; x_wconf 88' lang='lat' dir='ltr'><strong>ad</strong></span> <span class='ocrx_word' id='word_1_790' title='bbox 1466 4463 1615 4516; x_wconf 86' lang='lat' dir='ltr'><strong>Iuventium</strong></span> <span class='ocrx_word' id='word_1_791' title='bbox 1632 4461 1773 4528; x_wconf 89' lang='lat' dir='ltr'><strong>Sabinum,</strong></span> <span class='ocrx_word' id='word_1_792' title='bbox 1792 4477 1845 4532; x_wconf 83' lang='lat' dir='ltr'><strong>quo</strong></span> <span class='ocrx_word' id='word_1_793' title='bbox 1862 4465 1950 4536; x_wconf 51' lang='lat' dir='ltr'><strong>oster13¹</strong></span> 
     </span>
     <span class='ocr_line' id='line_1_61' title="bbox 282 4529 1941 4600; baseline -0.001 -16"><span class='ocrx_word' id='word_1_794' title='bbox 282 4531 361 4584; x_wconf 88' lang='lat' dir='ltr'><strong>iussit</strong></span> <span class='ocrx_word' id='word_1_795' title='bbox 383 4529 456 4590; x_wconf 86' lang='lat' dir='ltr'><strong>adire</strong></span> <span class='ocrx_word' id='word_1_796' title='bbox 479 4531 542 4592; x_wconf 87' lang='lat' dir='ltr'><strong>here</strong></span> <span class='ocrx_word' id='word_1_797' title='bbox 560 4531 664 4596; x_wconf 80' lang='lat' dir='ltr'><strong>tatem,</strong></span> <span class='ocrx_word' id='word_1_798' title='bbox 698 4535 776 4600; x_wconf 85' lang='lat' dir='ltr'><strong>egata</strong></span> <span class='ocrx_word' id='word_1_799' title='bbox 798 4545 867 4600; x_wconf 89' lang='lat' dir='ltr'><strong>quae</strong></span> <span class='ocrx_word' id='word_1_800' title='bbox 890 4531 924 4586; x_wconf 92' lang='lat' dir='ltr'><strong>ab</strong></span> <span class='ocrx_word' id='word_1_801' title='bbox 947 4531 1006 4600; x_wconf 91' lang='lat' dir='ltr'><strong>ipso</strong></span> <span class='ocrx_word' id='word_1_802' title='bbox 1028 4531 1092 4584; x_wconf 87' lang='lat' dir='ltr'><strong>data</strong></span> <span class='ocrx_word' id='word_1_803' title='bbox 1142 4531 1213 4584; x_wconf 89' lang='lat' dir='ltr'><strong>ditur</strong></span> <span class='ocrx_word' id='word_1_804' title='bbox 1236 4545 1291 4584; x_wconf 88' lang='lat' dir='ltr'><strong>non</strong></span> <span class='ocrx_word' id='word_1_805' title='bbox 1313 4543 1373 4584; x_wconf 90' lang='lat' dir='ltr'><strong>esse</strong></span> <span class='ocrx_word' id='word_1_806' title='bbox 1395 4529 1575 4584; x_wconf 83' lang='lat' dir='ltr'><strong>festinandum</strong></span> <span class='ocrx_word' id='word_1_807' title='bbox 1598 4529 1633 4584; x_wconf 90' lang='lat' dir='ltr'><strong>ad</strong></span> <span class='ocrx_word' id='word_1_808' title='bbox 1656 4535 1788 4584; x_wconf 89' lang='lat' dir='ltr'><strong>tormenta</strong></span> <span class='ocrx_word' id='word_1_809' title='bbox 1810 4529 1883 4594; x_wconf 91' lang='lat' dir='ltr'><strong>eius,</strong></span> <span class='ocrx_word' id='word_1_810' title='bbox 1907 4541 1941 4584; x_wconf 84' lang='lat' dir='ltr'><strong>cm</strong></span> 
     </span>
     <span class='ocr_line' id='line_1_62' title="bbox 284 4597 1917 4668; baseline -0.001 -14"><span class='ocrx_word' id='word_1_811' title='bbox 284 4603 348 4654; x_wconf 89' lang='lat' dir='ltr'><strong>sunt</strong></span> <span class='ocrx_word' id='word_1_812' title='bbox 365 4613 398 4654; x_wconf 82' lang='lat' dir='ltr'><strong>ex</strong></span> <span class='ocrx_word' id='word_1_813' title='bbox 416 4597 546 4666; x_wconf 83' lang='lat' dir='ltr'><strong>sententia</strong></span> <span class='ocrx_word' id='word_1_814' title='bbox 563 4597 643 4654; x_wconf 90' lang='lat' dir='ltr'><strong>edicti</strong></span> <span class='ocrx_word' id='word_1_815' title='bbox 658 4603 870 4668; x_wconf 89' lang='lat' dir='ltr'><strong>praestaturum,</strong></span> <span class='ocrx_word' id='word_1_816' title='bbox 895 4597 1020 4668; x_wconf 85' lang='lat' dir='ltr'><strong>qnoniam</strong></span> <span class='ocrx_word' id='word_1_817' title='bbox 1036 4597 1092 4652; x_wconf 88' lang='lat' dir='ltr'><strong>filia</strong></span> <span class='ocrx_word' id='word_1_818' title='bbox 1141 4597 1344 4652; x_wconf 86' lang='lat' dir='ltr'><strong>fideicommissa</strong></span> <span class='ocrx_word' id='word_1_819' title='bbox 1361 4597 1471 4652; x_wconf 89' lang='lat' dir='ltr'><strong>libertas</strong></span> <span class='ocrx_word' id='word_1_820' title='bbox 1490 4597 1614 4654; x_wconf 90' lang='lat' dir='ltr'><strong>debetur:</strong></span> <span class='ocrx_word' id='word_1_821' title='bbox 1633 4603 1660 4652; x_wconf 91' lang='lat' dir='ltr'><strong>et</strong></span> <span class='ocrx_word' id='word_1_822' title='bbox 1676 4615 1703 4652; x_wconf 92' lang='lat' dir='ltr'><strong>m</strong></span> <span class='ocrx_word' id='word_1_823' title='bbox 1739 4597 1760 4652; x_wconf 90' lang='lat' dir='ltr'><strong>&#39;s</strong></span> <span class='ocrx_word' id='word_1_824' title='bbox 1778 4601 1832 4662; x_wconf 87' lang='lat' dir='ltr'><strong>est,</strong></span> <span class='ocrx_word' id='word_1_825' title='bbox 1850 4609 1884 4652; x_wconf 91' lang='lat' dir='ltr'><strong>ne</strong></span> <span class='ocrx_word' id='word_1_826' title='bbox 1900 4613 1917 4668; x_wconf 91' lang='lat' dir='ltr'><strong>p</strong></span> 
     </span>
     <span class='ocr_line' id='line_1_63' title="bbox 282 4613 1940 4736; baseline 0 -16"><span class='ocrx_word' id='word_1_827' title='bbox 282 4667 353 4736; x_wconf 90' lang='lat' dir='ltr'><strong>patri</strong></span> <span class='ocrx_word' id='word_1_828' title='bbox 370 4665 540 4720; x_wconf 89' lang='lat' dir='ltr'><strong>substituitur</strong></span> <span class='ocrx_word' id='word_1_829' title='bbox 554 4665 583 4720; x_wconf 91' lang='lat' dir='ltr'><strong>in</strong></span> <span class='ocrx_word' id='word_1_830' title='bbox 601 4683 679 4732; x_wconf 86' lang='lat' dir='ltr'><strong>casu,</strong></span> <span class='ocrx_word' id='word_1_831' title='bbox 702 4683 757 4722; x_wconf 90' lang='lat' dir='ltr'><strong>non</strong></span> <span class='ocrx_word' id='word_1_832' title='bbox 777 4671 808 4720; x_wconf 87' lang='lat' dir='ltr'><strong>ut</strong></span> <span class='ocrx_word' id='word_1_833' title='bbox 824 4667 963 4720; x_wconf 88' lang='lat' dir='ltr'><strong>arbitrium</strong></span> <span class='ocrx_word' id='word_1_834' title='bbox 980 4665 1092 4736; x_wconf 81' lang='lat' dir='ltr'><strong>eligendi</strong></span> <span class='ocrx_word' id='word_1_835' title='bbox 1141 4667 1232 4720; x_wconf 90' lang='lat' dir='ltr'><strong>niatur</strong></span> <span class='ocrx_word' id='word_1_836' title='bbox 1250 4665 1284 4720; x_wconf 94' lang='lat' dir='ltr'><strong>ob</strong></span> <span class='ocrx_word' id='word_1_837' title='bbox 1301 4667 1354 4720; x_wconf 90' lang='lat' dir='ltr'><strong>hoc</strong></span> <span class='ocrx_word' id='word_1_838' title='bbox 1372 4665 1444 4734; x_wconf 91' lang='lat' dir='ltr'><strong>quod</strong></span> <span class='ocrx_word' id='word_1_839' title='bbox 1460 4667 1510 4720; x_wconf 90' lang='lat' dir='ltr'><strong>sub</strong></span> <span class='ocrx_word' id='word_1_840' title='bbox 1526 4667 1619 4720; x_wconf 91' lang='lat' dir='ltr'><strong>eodem</strong></span> <span class='ocrx_word' id='word_1_841' title='bbox 1635 4613 1785 4732; x_wconf 45' lang='lat' dir='ltr'><strong>contendit,</strong></span> <span class='ocrx_word' id='word_1_842' title='bbox 1802 4665 1854 4720; x_wconf 89' lang='lat' dir='ltr'><strong>nisi</strong></span> <span class='ocrx_word' id='word_1_843' title='bbox 1867 4663 1940 4736; x_wconf 79' lang='lat' dir='ltr'><strong>pard-</strong></span> 
     </span>
    </p>
   </div>
   <div class='ocr_carea' id='block_1_17' title="bbox 282 4733 1941 4812">
    <p class='ocr_par' dir='ltr' id='par_1_20' title="bbox 282 4733 1941 4812">
     <span class='ocr_line' id='line_1_64' title="bbox 282 4733 1941 4812; baseline -0.001 -24"><span class='ocrx_word' id='word_1_844' title='bbox 282 4735 459 4804; x_wconf 83' lang='lat' dir='ltr'><strong>relinquatur:</strong></span> <span class='ocrx_word' id='word_1_845' title='bbox 488 4735 537 4790; x_wconf 91' lang='lat' dir='ltr'><strong>sed</strong></span> <span class='ocrx_word' id='word_1_846' title='bbox 564 4735 588 4790; x_wconf 90' lang='lat' dir='ltr'><strong>si</strong></span> <span class='ocrx_word' id='word_1_847' title='bbox 612 4735 686 4790; x_wconf 81' lang='lat' dir='ltr'><strong>uaria</strong></span> <span class='ocrx_word' id='word_1_848' title='bbox 714 4735 802 4804; x_wconf 80' lang='lat' dir='ltr'><strong>legata</strong></span> <span class='ocrx_word' id='word_1_849' title='bbox 826 4751 908 4804; x_wconf 89' lang='lat' dir='ltr'><strong>snpra</strong></span> <span class='ocrx_word' id='word_1_850' title='bbox 934 4735 1091 4790; x_wconf 89' lang='lat' dir='ltr'><strong>dodrantem</strong></span> <span class='ocrx_word' id='word_1_851' title='bbox 1142 4739 1157 4788; x_wconf 89' lang='grc'><strong>6</strong></span> <span class='ocrx_word' id='word_1_852' title='bbox 1193 4733 1377 4802; x_wconf 86' lang='lat' dir='ltr'><strong>cepssceleris</strong></span> <span class='ocrx_word' id='word_1_853' title='bbox 1389 4733 1478 4788; x_wconf 77' lang='lat' dir='ltr'><strong>bresit.</strong></span> <span class='ocrx_word' id='word_1_854' title='bbox 1502 4735 1608 4788; x_wconf 89' lang='lat' dir='ltr'><strong>Domini</strong></span> <span class='ocrx_word' id='word_1_855' title='bbox 1619 4733 1798 4812; x_wconf 79' lang='lat' dir='ltr'><strong>appellatione</strong></span> <span class='ocrx_word' id='word_1_856' title='bbox 1809 4735 1888 4788; x_wconf 88' lang='lat' dir='ltr'><strong>etiam</strong></span> <span class='ocrx_word' id='word_1_857' title='bbox 1900 4745 1941 4810; x_wconf 75' lang='lat' dir='ltr'><strong>pm</strong></span> 
     </span>
    </p>
   </div>
   <div class='ocr_carea' id='block_1_18' title="bbox 282 4801 1962 5074">
    <p class='ocr_par' dir='ltr' id='par_1_21' title="bbox 282 4801 1962 5074">
     <span class='ocr_line' id='line_1_65' title="bbox 284 4801 1962 4880; baseline 0 -24"><span class='ocrx_word' id='word_1_858' title='bbox 284 4803 348 4858; x_wconf 85' lang='lat' dir='ltr'><strong>data</strong></span> <span class='ocrx_word' id='word_1_859' title='bbox 365 4803 431 4866; x_wconf 89' lang='lat' dir='ltr'><strong>sint,</strong></span> <span class='ocrx_word' id='word_1_860' title='bbox 455 4817 547 4858; x_wconf 88' lang='lat' dir='ltr'><strong>eorum</strong></span> <span class='ocrx_word' id='word_1_861' title='bbox 563 4803 638 4872; x_wconf 91' lang='lat' dir='ltr'><strong>prius</strong></span> <span class='ocrx_word' id='word_1_862' title='bbox 655 4801 784 4858; x_wconf 89' lang='lat' dir='ltr'><strong>rationem</strong></span> <span class='ocrx_word' id='word_1_863' title='bbox 800 4801 965 4868; x_wconf 87' lang='lat' dir='ltr'><strong>habendam,</strong></span> <span class='ocrx_word' id='word_1_864' title='bbox 988 4817 1092 4870; x_wconf 83' lang='lat' dir='ltr'><strong>quaea</strong></span> <span class='ocrx_word' id='word_1_865' title='bbox 1142 4807 1156 4854; x_wconf 85' lang='lat'><strong>7</strong></span> <span class='ocrx_word' id='word_1_866' title='bbox 1191 4805 1269 4880; x_wconf 77' lang='lat' dir='ltr'><strong>parte</strong></span> <span class='ocrx_word' id='word_1_867' title='bbox 1292 4801 1428 4856; x_wconf 88' lang='lat' dir='ltr'><strong>dominum</strong></span> <span class='ocrx_word' id='word_1_868' title='bbox 1450 4801 1581 4856; x_wconf 91' lang='lat' dir='ltr'><strong>contineri</strong></span> <span class='ocrx_word' id='word_1_869' title='bbox 1601 4801 1741 4880; x_wconf 77' lang='lat' dir='ltr'><strong>dicendum</strong></span> <span class='ocrx_word' id='word_1_870' title='bbox 1759 4805 1824 4880; x_wconf 69' lang='lat' dir='ltr'><strong>est.⁸</strong></span> <span class='ocrx_word' id='word_1_871' title='bbox 1842 4801 1962 4880; x_wconf 46' lang='lat' dir='ltr'><strong>Domim¹</strong></span> 
     </span>
     <span class='ocr_line' id='line_1_66' title="bbox 282 4867 1941 4950; baseline -0.001 -26"><span class='ocrx_word' id='word_1_872' title='bbox 282 4869 338 4924; x_wconf 86' lang='lat' dir='ltr'><strong>filia</strong></span> <span class='ocrx_word' id='word_1_873' title='bbox 360 4869 453 4924; x_wconf 86' lang='lat' dir='ltr'><strong>relicta</strong></span> <span class='ocrx_word' id='word_1_874' title='bbox 476 4877 546 4950; x_wconf 83' lang='lat' dir='ltr'><strong>sunt.</strong></span> <span class='ocrx_word' id='word_1_875' title='bbox 582 4887 636 4924; x_wconf 91' lang='lat' dir='ltr'><strong>non</strong></span> <span class='ocrx_word' id='word_1_876' title='bbox 659 4871 729 4924; x_wconf 86' lang='lat' dir='ltr'><strong>enim</strong></span> <span class='ocrx_word' id='word_1_877' title='bbox 752 4875 826 4924; x_wconf 87' lang='lat' dir='ltr'><strong>caret</strong></span> <span class='ocrx_word' id='word_1_878' title='bbox 848 4869 912 4948; x_wconf 85' lang='lat' dir='ltr'><strong>doio</strong></span> <span class='ocrx_word' id='word_1_879' title='bbox 928 4875 1022 4950; x_wconf 77' lang='lat' dir='ltr'><strong>pater,</strong></span> <span class='ocrx_word' id='word_1_880' title='bbox 1045 4871 1091 4938; x_wconf 87' lang='lat' dir='ltr'><strong>qui</strong></span> <span class='ocrx_word' id='word_1_881' title='bbox 1142 4869 1319 4938; x_wconf 79' lang='lat' dir='ltr'><strong>appellatione</strong></span> <span class='ocrx_word' id='word_1_882' title='bbox 1337 4873 1365 4924; x_wconf 90' lang='lat' dir='ltr'><strong>et</strong></span> <span class='ocrx_word' id='word_1_883' title='bbox 1379 4867 1452 4948; x_wconf 77' lang='lat' dir='ltr'><strong>iilius</strong></span> <span class='ocrx_word' id='word_1_884' title='bbox 1469 4867 1582 4924; x_wconf 88' lang='lat' dir='ltr'><strong>familias</strong></span> <span class='ocrx_word' id='word_1_885' title='bbox 1601 4873 1733 4938; x_wconf 83' lang='lat' dir='ltr'><strong>oetenque</strong></span> <span class='ocrx_word' id='word_1_886' title='bbox 1749 4869 1839 4934; x_wconf 86' lang='lat' dir='ltr'><strong>libem,</strong></span> <span class='ocrx_word' id='word_1_887' title='bbox 1859 4875 1962 4948; x_wconf 76' lang='grc' dir='ltr'>ιιιιιι</span> 
     </span>
     <span class='ocr_line' id='line_1_67' title="bbox 282 4937 1962 5074; baseline 0 -84"><span class='ocrx_word' id='word_1_888' title='bbox 282 4939 384 4992; x_wconf 87' lang='lat' dir='ltr'><strong>honore</strong></span> <span class='ocrx_word' id='word_1_889' title='bbox 406 4953 513 5008; x_wconf 77' lang='lat' dir='ltr'><strong>proprio</strong></span> <span class='ocrx_word' id='word_1_890' title='bbox 535 4939 631 4994; x_wconf 91' lang='lat' dir='ltr'><strong>omisso</strong></span> <span class='ocrx_word' id='word_1_891' title='bbox 649 4941 758 5008; x_wconf 88' lang='lat' dir='ltr'><strong>propter</strong></span> <span class='ocrx_word' id='word_1_892' title='bbox 776 4939 961 5018; x_wconf 80' lang='lat' dir='ltr'><strong>compendium</strong></span> <span class='ocrx_word' id='word_1_893' title='bbox 977 4939 1091 4992; x_wconf 80' lang='lat' dir='ltr'><strong>alienam</strong></span> <span class='ocrx_word' id='word_1_894' title='bbox 1140 4937 1941 5074; x_wconf 37' lang='lat' dir='ltr'><strong>&amp;taeditaaddrndudd&#39;ncgffindduporegsatfffidlssfflfflnffi</strong></span> <span class='ocrx_word' id='word_1_895' title='bbox 1961 4949 1962 5000; x_wconf 85' lang='lat' dir='ltr'><strong>j</strong></span> 
     </span>
    </p>
   </div>
   <div class='ocr_carea' id='block_1_19' title="bbox 282 5005 1940 5142">
    <p class='ocr_par' dir='ltr' id='par_1_22' title="bbox 282 5005 1940 5142">
     <span class='ocr_line' id='line_1_68' title="bbox 285 5005 1939 5086; baseline -0.001 -26"><span class='ocrx_word' id='word_1_896' title='bbox 285 5011 315 5086; x_wconf 84' lang='grc' dir='ltr'><strong>ιΙ</strong></span> <span class='ocrx_word' id='word_1_897' title='bbox 332 5005 524 5086; x_wconf 73' lang='lat' dir='ltr'><strong>institutiqrrem</strong></span> <span class='ocrx_word' id='word_1_898' title='bbox 539 5007 639 5086; x_wconf 84' lang='lat' dir='ltr'><strong>maluit.</strong></span> <span class='ocrx_word' id='word_1_899' title='bbox 666 5005 788 5086; x_wconf 77' lang='lat' dir='ltr'><strong>Denique</strong></span> <span class='ocrx_word' id='word_1_900' title='bbox 805 5005 829 5060; x_wconf 90' lang='lat' dir='ltr'><strong>si</strong></span> <span class='ocrx_word' id='word_1_901' title='bbox 845 5005 915 5060; x_wconf 89' lang='lat' dir='ltr'><strong>iihae</strong></span> <span class='ocrx_word' id='word_1_902' title='bbox 932 5011 1011 5074; x_wconf 86' lang='lat' dir='ltr'><strong>pater</strong></span> <span class='ocrx_word' id='word_1_903' title='bbox 1026 5005 1091 5062; x_wconf 88' lang='lat' dir='ltr'><strong>snb·</strong></span> <span class='ocrx_word' id='word_1_904' title='bbox 1202 5073 1208 5086; x_wconf 38' lang='grc'><strong>.</strong></span> <span class='ocrx_word' id='word_1_905' title='bbox 1490 5071 1497 5084; x_wconf 93' lang='lat'>.</span> <span class='ocrx_word' id='word_1_906' title='bbox 1627 5071 1633 5084; x_wconf 34' lang='grc'>1</span> <span class='ocrx_word' id='word_1_907' title='bbox 1705 5071 1711 5084; x_wconf 88' lang='lat'><strong>.</strong></span> <span class='ocrx_word' id='word_1_908' title='bbox 1802 5073 1808 5086; x_wconf 30' lang='lat'><strong>³</strong></span> <span class='ocrx_word' id='word_1_909' title='bbox 1934 5067 1939 5082; x_wconf 46' lang='lat'>‚</span> 
     </span>
     <span class='ocr_line' id='line_1_69' title="bbox 282 5071 1940 5142; baseline -0.001 -14"><span class='ocrx_word' id='word_1_910' title='bbox 282 5079 391 5128; x_wconf 85' lang='lat' dir='ltr'><strong>strtutus</strong></span> <span class='ocrx_word' id='word_1_911' title='bbox 420 5073 486 5128; x_wconf 85' lang='lat' dir='ltr'><strong>adut</strong></span> <span class='ocrx_word' id='word_1_912' title='bbox 513 5075 699 5140; x_wconf 79' lang='lat' dir='ltr'><strong>hereditatem,</strong></span> <span class='ocrx_word' id='word_1_913' title='bbox 729 5073 794 5128; x_wconf 85' lang='lat' dir='ltr'><strong>mhrl</strong></span> <span class='ocrx_word' id='word_1_914' title='bbox 823 5089 883 5132; x_wconf 86' lang='lat' dir='ltr'><strong>eum</strong></span> <span class='ocrx_word' id='word_1_915' title='bbox 912 5073 974 5128; x_wconf 91' lang='lat' dir='ltr'><strong>dolo</strong></span> <span class='ocrx_word' id='word_1_916' title='bbox 1001 5073 1090 5128; x_wconf 85' lang='lat' dir='ltr'><strong>iacere</strong></span> <span class='ocrx_word' id='word_1_917' title='bbox 1142 5077 1156 5126; x_wconf 89' lang='lat'>8</span> <span class='ocrx_word' id='word_1_918' title='bbox 1190 5071 1289 5128; x_wconf 81' lang='lat' dir='ltr'><strong>liberos</strong></span> <span class='ocrx_word' id='word_1_919' title='bbox 1307 5087 1413 5142; x_wconf 85' lang='lat' dir='ltr'><strong>quoque</strong></span> <span class='ocrx_word' id='word_1_920' title='bbox 1429 5075 1551 5140; x_wconf 80' lang='lat' dir='ltr'><strong>pertinet.</strong></span> <span class='ocrx_word' id='word_1_921' title='bbox 1584 5071 1653 5140; x_wconf 76' lang='lat' dir='ltr'><strong>Qurd</strong></span> <span class='ocrx_word' id='word_1_922' title='bbox 1671 5071 1766 5126; x_wconf 88' lang='lat' dir='ltr'><strong>demde</strong></span> <span class='ocrx_word' id='word_1_923' title='bbox 1782 5071 1940 5138; x_wconf 68' lang='lat' dir='ltr'><strong>dictumst</strong></span> 
     </span>
    </p>
   </div>
   <div class='ocr_carea' id='block_1_20' title="bbox 281 5139 1960 5212">
    <p class='ocr_par' dir='ltr' id='par_1_23' title="bbox 281 5139 1960 5212">
     <span class='ocr_line' id='line_1_70' title="bbox 281 5139 1960 5212; baseline -0.001 -16"><span class='ocrx_word' id='word_1_924' title='bbox 281 5143 400 5196; x_wconf 86' lang='lat' dir='ltr'><strong>lulianus</strong></span> <span class='ocrx_word' id='word_1_925' title='bbox 425 5141 570 5206; x_wconf 85' lang='lat' dir='ltr'><strong>existimat,</strong></span> <span class='ocrx_word' id='word_1_926' title='bbox 595 5143 657 5210; x_wconf 87' lang='lat' dir='ltr'><strong>quia</strong></span> <span class='ocrx_word' id='word_1_927' title='bbox 679 5157 756 5196; x_wconf 91' lang='lat' dir='ltr'><strong>nemo</strong></span> <span class='ocrx_word' id='word_1_928' title='bbox 779 5139 851 5196; x_wconf 89' lang='lat' dir='ltr'><strong>filiae</strong></span> <span class='ocrx_word' id='word_1_929' title='bbox 871 5147 975 5212; x_wconf 85' lang='lat' dir='ltr'><strong>patrem</strong></span> <span class='ocrx_word' id='word_1_930' title='bbox 996 5145 1090 5196; x_wconf 89' lang='lat' dir='ltr'><strong>contra</strong></span> <span class='ocrx_word' id='word_1_931' title='bbox 1139 5139 1217 5194; x_wconf 86' lang='lat' dir='ltr'><strong>liberi</strong></span> <span class='ocrx_word' id='word_1_932' title='bbox 1239 5155 1294 5194; x_wconf 90' lang='lat' dir='ltr'><strong>non</strong></span> <span class='ocrx_word' id='word_1_933' title='bbox 1316 5139 1371 5194; x_wconf 87' lang='lat' dir='ltr'><strong>sint</strong></span> <span class='ocrx_word' id='word_1_934' title='bbox 1392 5141 1421 5194; x_wconf 93' lang='lat' dir='ltr'><strong>in</strong></span> <span class='ocrx_word' id='word_1_935' title='bbox 1442 5141 1595 5208; x_wconf 80' lang='lat' dir='ltr'><strong>potestate?</strong></span> <span class='ocrx_word' id='word_1_936' title='bbox 1623 5139 1767 5194; x_wconf 87' lang='lat' dir='ltr'><strong>Marcellus</strong></span> <span class='ocrx_word' id='word_1_937' title='bbox 1790 5139 1857 5194; x_wconf 88' lang='lat' dir='ltr'><strong>libro</strong></span> <span class='ocrx_word' id='word_1_938' title='bbox 1882 5139 1960 5194; x_wconf 51' lang='lat' dir='ltr'><strong>duo·¹</strong></span> 
     </span>
    </p>
   </div>
   <div class='ocr_carea' id='block_1_21' title="bbox 281 5205 1945 5548">
    <p class='ocr_par' dir='ltr' id='par_1_24' title="bbox 281 5205 1939 5356">
     <span class='ocr_line' id='line_1_71' title="bbox 282 5205 1939 5276; baseline -0.001 -12"><span class='ocrx_word' id='word_1_939' title='bbox 282 5215 373 5266; x_wconf 81' lang='lat' dir='ltr'><strong>sotum</strong></span> <span class='ocrx_word' id='word_1_940' title='bbox 414 5209 544 5264; x_wconf 81' lang='lat' dir='ltr'><strong>mentium</strong></span> <span class='ocrx_word' id='word_1_941' title='bbox 566 5209 728 5264; x_wconf 87' lang='lat' dir='ltr'><strong>substituere</strong></span> <span class='ocrx_word' id='word_1_942' title='bbox 749 5207 866 5274; x_wconf 82' lang='lat' dir='ltr'><strong>ridetur,</strong></span> <span class='ocrx_word' id='word_1_943' title='bbox 891 5209 939 5264; x_wconf 89' lang='lat' dir='ltr'><strong>sed</strong></span> <span class='ocrx_word' id='word_1_944' title='bbox 964 5213 995 5264; x_wconf 95' lang='lat' dir='ltr'><strong>ut</strong></span> <span class='ocrx_word' id='word_1_945' title='bbox 1018 5209 1101 5268; x_wconf 52' lang='lat' dir='ltr'><strong>arbi»</strong></span> <span class='ocrx_word' id='word_1_946' title='bbox 1140 5207 1242 5262; x_wconf 91' lang='lat' dir='ltr'><strong>decimo</strong></span> <span class='ocrx_word' id='word_1_947' title='bbox 1266 5205 1429 5276; x_wconf 82' lang='lat' dir='ltr'><strong>digestorum</strong></span> <span class='ocrx_word' id='word_1_948' title='bbox 1452 5207 1569 5260; x_wconf 86' lang='lat' dir='ltr'><strong>dubitat:</strong></span> <span class='ocrx_word' id='word_1_949' title='bbox 1595 5223 1641 5276; x_wconf 78' lang='lat' dir='ltr'><strong>ego</strong></span> <span class='ocrx_word' id='word_1_950' title='bbox 1664 5211 1730 5276; x_wconf 88' lang='lat' dir='ltr'><strong>puto</strong></span> <span class='ocrx_word' id='word_1_951' title='bbox 1752 5207 1857 5276; x_wconf 87' lang='lat' dir='ltr'><strong>plenius</strong></span> <span class='ocrx_word' id='word_1_952' title='bbox 1877 5205 1939 5262; x_wconf 83' lang='lat' dir='ltr'><strong>acci·</strong></span> 
     </span>
     <span class='ocr_line' id='line_1_72' title="bbox 281 5273 1938 5356; baseline -0.004 -24"><span class='ocrx_word' id='word_1_953' title='bbox 281 5277 363 5332; x_wconf 83' lang='lat' dir='ltr'><strong>trium</strong></span> <span class='ocrx_word' id='word_1_954' title='bbox 380 5275 412 5332; x_wconf 80' lang='lat' dir='ltr'><strong>e&#39;</strong></span> <span class='ocrx_word' id='word_1_955' title='bbox 431 5277 492 5332; x_wconf 87' lang='lat' dir='ltr'><strong>endi</strong></span> <span class='ocrx_word' id='word_1_956' title='bbox 508 5277 648 5344; x_wconf 83' lang='lat' dir='ltr'><strong>relinquat.</strong></span> <span class='ocrx_word' id='word_1_957' title='bbox 1139 5275 1279 5344; x_wconf 88' lang='lat' dir='ltr'><strong>piendum,</strong></span> <span class='ocrx_word' id='word_1_958' title='bbox 1303 5281 1334 5328; x_wconf 88' lang='lat' dir='ltr'><strong>ut</strong></span> <span class='ocrx_word' id='word_1_959' title='bbox 1357 5275 1436 5328; x_wconf 88' lang='lat' dir='ltr'><strong>etiam</strong></span> <span class='ocrx_word' id='word_1_960' title='bbox 1453 5275 1489 5328; x_wconf 88' lang='lat' dir='ltr'><strong>ad</strong></span> <span class='ocrx_word' id='word_1_961' title='bbox 1506 5289 1551 5328; x_wconf 91' lang='lat' dir='ltr'><strong>eos</strong></span> <span class='ocrx_word' id='word_1_962' title='bbox 1568 5275 1666 5330; x_wconf 87' lang='lat' dir='ltr'><strong>liberos</strong></span> <span class='ocrx_word' id='word_1_963' title='bbox 1682 5273 1828 5344; x_wconf 87' lang='lat' dir='ltr'><strong>pertineat,</strong></span> <span class='ocrx_word' id='word_1_964' title='bbox 1852 5275 1897 5356; x_wconf 81' lang='lat' dir='ltr'><strong>qui</strong></span> <span class='ocrx_word' id='word_1_965' title='bbox 1916 5275 1938 5326; x_wconf 88' lang='lat' dir='ltr'><strong>ir</strong></span> 
     </span>
    </p>

    <p class='ocr_par' dir='ltr' id='par_1_25' title="bbox 282 5341 1945 5548">
     <span class='ocr_line' id='line_1_73' title="bbox 317 5341 1939 5414; baseline -0.004 -10"><span class='ocrx_word' id='word_1_966' title='bbox 317 5341 357 5404; x_wconf 85' lang='grc'><strong>27</strong></span> <span class='ocrx_word' id='word_1_967' title='bbox 375 5343 473 5398; x_wconf 82' lang='lat' dir='ltr'><strong>²Iorrr</strong></span> <span class='ocrx_word' id='word_1_968' title='bbox 486 5345 554 5400; x_wconf 84' lang='lat' dir='ltr'><strong>libro</strong></span> <span class='ocrx_word' id='word_1_969' title='bbox 570 5351 649 5400; x_wconf 82' lang='lat' dir='ltr'><strong>scorto</strong></span> <span class='ocrx_word' id='word_1_970' title='bbox 666 5357 857 5414; x_wconf 77' lang='lat' dir='ltr'><strong>responsorum</strong></span> <span class='ocrx_word' id='word_1_971' title='bbox 888 5341 977 5398; x_wconf 86' lang='lat' dir='ltr'><strong>Mater</strong></span> <span class='ocrx_word' id='word_1_972' title='bbox 992 5357 1088 5398; x_wconf 88' lang='lat' dir='ltr'><strong>secun·</strong></span> <span class='ocrx_word' id='word_1_973' title='bbox 1140 5347 1155 5396; x_wconf 90' lang='grc'>9</span> <span class='ocrx_word' id='word_1_974' title='bbox 1190 5347 1323 5412; x_wconf 87' lang='lat' dir='ltr'><strong>potestate</strong></span> <span class='ocrx_word' id='word_1_975' title='bbox 1340 5359 1395 5396; x_wconf 89' lang='lat' dir='ltr'><strong>non</strong></span> <span class='ocrx_word' id='word_1_976' title='bbox 1412 5347 1482 5398; x_wconf 89' lang='lat' dir='ltr'><strong>sunt.</strong></span> <span class='ocrx_word' id='word_1_977' title='bbox 1508 5341 1541 5396; x_wconf 91' lang='lat' dir='ltr'><strong>In</strong></span> <span class='ocrx_word' id='word_1_978' title='bbox 1557 5357 1597 5408; x_wconf 89' lang='lat' dir='ltr'><strong>eo,</strong></span> <span class='ocrx_word' id='word_1_979' title='bbox 1615 5341 1661 5412; x_wconf 85' lang='lat' dir='ltr'><strong>qui</strong></span> <span class='ocrx_word' id='word_1_980' title='bbox 1677 5347 1718 5398; x_wconf 88' lang='lat' dir='ltr'><strong>est</strong></span> <span class='ocrx_word' id='word_1_981' title='bbox 1733 5341 1763 5396; x_wconf 92' lang='lat' dir='ltr'><strong>in</strong></span> <span class='ocrx_word' id='word_1_982' title='bbox 1779 5341 1939 5412; x_wconf 83' lang='lat' dir='ltr'><strong>adoptionem</strong></span> 
     </span>
     <span class='ocr_line' id='line_1_74' title="bbox 282 5407 1945 5482; baseline 0 -16"><span class='ocrx_word' id='word_1_983' title='bbox 282 5413 322 5468; x_wconf 92' lang='lat' dir='ltr'><strong>dis</strong></span> <span class='ocrx_word' id='word_1_984' title='bbox 347 5413 445 5466; x_wconf 88' lang='lat' dir='ltr'><strong>tabulis</strong></span> <span class='ocrx_word' id='word_1_985' title='bbox 470 5413 600 5482; x_wconf 88' lang='lat' dir='ltr'><strong>impuberi</strong></span> <span class='ocrx_word' id='word_1_986' title='bbox 624 5413 679 5466; x_wconf 91' lang='lat' dir='ltr'><strong>filio</strong></span> <span class='ocrx_word' id='word_1_987' title='bbox 708 5411 853 5466; x_wconf 87' lang='lat' dir='ltr'><strong>substituta</strong></span> <span class='ocrx_word' id='word_1_988' title='bbox 881 5411 970 5466; x_wconf 91' lang='lat' dir='ltr'><strong>locum</strong></span> <span class='ocrx_word' id='word_1_989' title='bbox 1000 5411 1088 5466; x_wconf 89' lang='lat' dir='ltr'><strong>edicto</strong></span> <span class='ocrx_word' id='word_1_990' title='bbox 1139 5409 1233 5476; x_wconf 89' lang='lat' dir='ltr'><strong>datus,</strong></span> <span class='ocrx_word' id='word_1_991' title='bbox 1256 5425 1311 5464; x_wconf 91' lang='lat' dir='ltr'><strong>non</strong></span> <span class='ocrx_word' id='word_1_992' title='bbox 1333 5413 1459 5480; x_wconf 88' lang='lat' dir='ltr'><strong>putamus</strong></span> <span class='ocrx_word' id='word_1_993' title='bbox 1481 5411 1569 5466; x_wconf 89' lang='lat' dir='ltr'><strong>locum</strong></span> <span class='ocrx_word' id='word_1_994' title='bbox 1592 5411 1691 5466; x_wconf 89' lang='lat' dir='ltr'><strong>habere</strong></span> <span class='ocrx_word' id='word_1_995' title='bbox 1713 5415 1821 5466; x_wconf 86' lang='lat' dir='ltr'><strong>senatus</strong></span> <span class='ocrx_word' id='word_1_996' title='bbox 1842 5407 1945 5466; x_wconf 51' lang='lat' dir='ltr'><strong>consul·¹</strong></span> 
     </span>
     <span class='ocr_line' id='line_1_75' title="bbox 282 5477 1938 5548; baseline -0.001 -15"><span class='ocrx_word' id='word_1_997' title='bbox 282 5479 360 5546; x_wconf 87' lang='lat' dir='ltr'><strong>facit,</strong></span> <span class='ocrx_word' id='word_1_998' title='bbox 389 5479 412 5536; x_wconf 91' lang='lat' dir='ltr'><strong>si</strong></span> <span class='ocrx_word' id='word_1_999' title='bbox 440 5479 539 5536; x_wconf 85' lang='lat' dir='ltr'><strong>omisso</strong></span> <span class='ocrx_word' id='word_1_1000' title='bbox 563 5483 723 5534; x_wconf 88' lang='lat' dir='ltr'><strong>testamento</strong></span> <span class='ocrx_word' id='word_1_1001' title='bbox 747 5479 891 5548; x_wconf 79' lang='lat' dir='ltr'><strong>legitimam</strong></span> <span class='ocrx_word' id='word_1_1002' title='bbox 915 5477 1088 5532; x_wconf 89' lang='lat' dir='ltr'><strong>hereditatem</strong></span> <span class='ocrx_word' id='word_1_1003' title='bbox 1142 5481 1173 5530; x_wconf 82' lang='lat' dir='ltr'><strong>to</strong></span> <span class='ocrx_word' id='word_1_1004' title='bbox 1205 5483 1271 5542; x_wconf 88' lang='lat' dir='ltr'><strong>tum,</strong></span> <span class='ocrx_word' id='word_1_1005' title='bbox 1289 5479 1408 5548; x_wconf 83' lang='lat' dir='ltr'><strong>quamvis</strong></span> <span class='ocrx_word' id='word_1_1006' title='bbox 1424 5477 1453 5532; x_wconf 90' lang='lat' dir='ltr'><strong>in</strong></span> <span class='ocrx_word' id='word_1_1007' title='bbox 1467 5479 1596 5548; x_wconf 87' lang='lat' dir='ltr'><strong>adoptato</strong></span> <span class='ocrx_word' id='word_1_1008' title='bbox 1610 5479 1698 5534; x_wconf 91' lang='lat' dir='ltr'><strong>locum</strong></span> <span class='ocrx_word' id='word_1_1009' title='bbox 1712 5479 1801 5533; x_wconf 82' lang='lat' dir='ltr'><strong>habet.</strong></span> <span class='ocrx_word' id='word_1_1010' title='bbox 1832 5477 1884 5532; x_wconf 87' lang='lat' dir='ltr'><strong>Sed</strong></span> <span class='ocrx_word' id='word_1_1011' title='bbox 1897 5489 1938 5532; x_wconf 82' lang='lat' dir='ltr'><strong>oet</strong></span> 
     </span>
    </p>
   </div>
   <div class='ocr_carea' id='block_1_22' title="bbox 281 5647 1937 5854">
    <p class='ocr_par' dir='ltr' id='par_1_26' title="bbox 281 5647 1937 5854">
     <span class='ocr_line' id='line_1_76' title="bbox 282 5647 1937 5716; baseline -0.001 -14"><span class='ocrx_word' id='word_1_1012' title='bbox 282 5653 312 5714; x_wconf 77' lang='grc' dir='ltr'><strong>ιι)</strong></span> <span class='ocrx_word' id='word_1_1013' title='bbox 329 5647 421 5700; x_wconf 67' lang='lat' dir='ltr'><strong>iamt*</strong></span> <span class='ocrx_word' id='word_1_1014' title='bbox 497 5651 531 5714; x_wconf 85' lang='lat' dir='ltr'><strong>(a)</strong></span> <span class='ocrx_word' id='word_1_1015' title='bbox 549 5647 790 5714; x_wconf 72' lang='lat' dir='ltr'><strong>adascfiPap.D.</strong></span> <span class='ocrx_word' id='word_1_1016' title='bbox 800 5651 834 5702; x_wconf 89' lang='lat'><strong>38</strong></span> <span class='ocrx_word' id='word_1_1017' title='bbox 852 5659 896 5710; x_wconf 80' lang='lat' dir='ltr'><strong>aa</strong></span> <span class='ocrx_word' id='word_1_1018' title='bbox 980 5653 1014 5710; x_wconf 73' lang='lat' dir='ltr'><strong>(a)</strong></span> <span class='ocrx_word' id='word_1_1019' title='bbox 1031 5647 1088 5698; x_wconf 85' lang='lat' dir='ltr'><strong>etsi</strong></span> <span class='ocrx_word' id='word_1_1020' title='bbox 1173 5653 1206 5710; x_wconf 80' lang='grc' dir='ltr'><strong>ιι)</strong></span> <span class='ocrx_word' id='word_1_1021' title='bbox 1223 5647 1616 5710; x_wconf 72' lang='lat' dir='ltr'><strong>Sot.1.a.e...1o.m...1s.mass</strong></span> <span class='ocrx_word' id='word_1_1022' title='bbox 1633 5651 1863 5710; x_wconf 79' lang='lat' dir='ltr'><strong>Ed.a.1o...1e.ar;</strong></span> <span class='ocrx_word' id='word_1_1023' title='bbox 1880 5649 1937 5716; x_wconf 80' lang='lat' dir='ltr'><strong>Pap</strong></span> 
     </span>
     <span class='ocr_line' id='line_1_77' title="bbox 281 5715 1937 5784; baseline 0 -16"><span class='ocrx_word' id='word_1_1024' title='bbox 281 5719 334 5770; x_wconf 87' lang='lat' dir='ltr'><strong>filio</strong></span> <span class='ocrx_word' id='word_1_1025' title='bbox 350 5715 498 5766; x_wconf 79' lang='lat' dir='ltr'><strong>exheredato</strong></span> <span class='ocrx_word' id='word_1_1026' title='bbox 512 5717 548 5766; x_wconf 90' lang='lat' dir='ltr'><strong>sit</strong></span> <span class='ocrx_word' id='word_1_1027' title='bbox 561 5715 699 5766; x_wconf 86' lang='lat' dir='ltr'><strong>substituta</strong></span> <span class='ocrx_word' id='word_1_1028' title='bbox 713 5733 759 5766; x_wconf 84' lang='lat' dir='ltr'><strong>scr.</strong></span> <span class='ocrx_word' id='word_1_1029' title='bbox 857 5715 891 5784; x_wconf 81' lang='grc' dir='ltr'><strong>(ι)</strong></span> <span class='ocrx_word' id='word_1_1030' title='bbox 908 5731 955 5782; x_wconf 86' lang='lat' dir='ltr'><strong>per</strong></span> <span class='ocrx_word' id='word_1_1031' title='bbox 967 5731 1023 5764; x_wconf 86' lang='lat' dir='ltr'><strong>eum</strong></span> <span class='ocrx_word' id='word_1_1032' title='bbox 1037 5717 1085 5768; x_wconf 83' lang='lat' dir='ltr'><strong>del.</strong></span> <span class='ocrx_word' id='word_1_1033' title='bbox 1138 5725 1158 5768; x_wconf 79' lang='grc'><strong>4.</strong></span> <span class='ocrx_word' id='word_1_1034' title='bbox 1174 5727 1203 5768; x_wconf 85' lang='grc' dir='ltr'><strong>ιι.</strong></span> <span class='ocrx_word' id='word_1_1035' title='bbox 1218 5727 1314 5776; x_wconf 76' lang='lat' dir='ltr'><strong>tit-..233</strong></span> <span class='ocrx_word' id='word_1_1036' title='bbox 1337 5719 1403 5782; x_wconf 81' lang='lat' dir='ltr'><strong>App.</strong></span> <span class='ocrx_word' id='word_1_1037' title='bbox 1419 5727 1455 5770; x_wconf 71' lang='lat' dir='ltr'><strong>ab.</strong></span> <span class='ocrx_word' id='word_1_1038' title='bbox 1470 5745 1504 5754; x_wconf 89' lang='lat'><em>-</em></span> <span class='ocrx_word' id='word_1_1039' title='bbox 1520 5719 1582 5770; x_wconf 85' lang='lat' dir='ltr'><strong>Bos.</strong></span> <span class='ocrx_word' id='word_1_1040' title='bbox 1599 5719 1639 5780; x_wconf 85' lang='lat'><strong>35,</strong></span> <span class='ocrx_word' id='word_1_1041' title='bbox 1655 5729 1686 5770; x_wconf 84' lang='lat' dir='ltr'><strong>lt·</strong></span> <span class='ocrx_word' id='word_1_1042' title='bbox 1702 5745 1737 5756; x_wconf 86' lang='lat'><em>-</em></span> <span class='ocrx_word' id='word_1_1043' title='bbox 1754 5719 1791 5784; x_wconf 82' lang='lat' dir='ltr'><strong>Os.</strong></span> <span class='ocrx_word' id='word_1_1044' title='bbox 1805 5719 1863 5770; x_wconf 81' lang='lat' dir='ltr'><strong>Cod.</strong></span> <span class='ocrx_word' id='word_1_1045' title='bbox 1878 5719 1902 5778; x_wconf 84' lang='grc'><strong>6,</strong></span> <span class='ocrx_word' id='word_1_1046' title='bbox 1915 5725 1937 5768; x_wconf 78' lang='lat' dir='ltr'><strong>st</strong></span> 
     </span>
     <span class='ocr_line' id='line_1_78' title="bbox 284 5781 1845 5854; baseline 0 -18"><span class='ocrx_word' id='word_1_1047' title='bbox 284 5787 408 5854; x_wconf 74' lang='lat' dir='ltr'><strong>Kraeqer:</strong></span> <span class='ocrx_word' id='word_1_1048' title='bbox 426 5781 492 5830; x_wconf 83' lang='lat' dir='ltr'><strong>bona</strong></span> <span class='ocrx_word' id='word_1_1049' title='bbox 501 5785 546 5834; x_wconf 81' lang='lat' dir='ltr'><strong>s&#39;ns.</strong></span> <span class='ocrx_word' id='word_1_1050' title='bbox 555 5783 582 5832; x_wconf 88' lang='lat' dir='ltr'><em>F</em></span> <span class='ocrx_word' id='word_1_1051' title='bbox 583 5785 595 5818; x_wconf 81' lang='lat'><strong>¹</strong></span> <span class='ocrx_word' id='word_1_1052' title='bbox 645 5785 677 5844; x_wconf 78' lang='lat' dir='ltr'><strong>(t)</strong></span> <span class='ocrx_word' id='word_1_1053' title='bbox 695 5785 776 5836; x_wconf 67' lang='lat' dir='ltr'><strong>etiae.</strong></span> <span class='ocrx_word' id='word_1_1054' title='bbox 1137 5785 1170 5846; x_wconf 81' lang='grc'><strong>(7)</strong></span> <span class='ocrx_word' id='word_1_1055' title='bbox 1187 5783 1314 5836; x_wconf 77' lang='lat' dir='ltr'><strong>flmilisF</strong></span> <span class='ocrx_word' id='word_1_1056' title='bbox 1374 5785 1597 5848; x_wconf 70' lang='lat' dir='ltr'><strong>islesseadd.1⁴&#39;&#39;²</strong></span> <span class='ocrx_word' id='word_1_1057' title='bbox 1664 5787 1696 5848; x_wconf 80' lang='lat' dir='ltr'><strong>(al</strong></span> <span class='ocrx_word' id='word_1_1058' title='bbox 1715 5783 1845 5836; x_wconf 60' lang='lat' dir='ltr'><strong>elensi*</strong></span> 
     </span>
    </p>
   </div>
   <div class='ocr_carea' id='block_1_23' title="bbox 0 0 2188 6258">
    <p class='ocr_par' dir='ltr' id='par_1_27' title="bbox 0 0 2188 6258">
     <span class='ocr_line' id='line_1_79' title="bbox 0 0 2188 6258; baseline 0 2"><span class='ocrx_word' id='word_1_1059' title='bbox 0 0 2188 6258; x_wconf 95' lang='lat' dir='ltr'><strong> </strong></span> 
     </span>
    </p>
   </div>
  </div>
 </body>
</html>
