4366 6258
248 379 357 428 [cairo
380 377 488 426 FACTO
510 375 727 424 TESTAMENTO

248 547 285 600 vla
302 543 372 596 filius
389 547 543 612 sequentem
559 543 686 610 madum,
710 557 726 622 a
747 557 798 610 quo
817 541 991 598 exheredatus
1010 545 1059 604 est,

1049 349 1115 424 317

1736 349 1878 416 XXVIII
1899 355 1917 418 3

1108 539 1179 594 vitae
1201 537 1243 592 rel
1265 539 1421 598 valetudinis
1445 541 1571 596 adversae
1592 533 1749 608 inpatientia
1774 533 1817 588 rel
1832 531 1918 588 iacta-

248 613 363 684 patiatur
384 609 479 664 valere.
515 609 562 664 sed
590 611 615 664 si
640 625 657 664 a
678 625 763 678 prrmo
785 611 871 680 gradu
892 609 1059 680 praeteritus,
1109 605 1217 674 tionis⁹,
1240 611 1272 658 ut
1288 607 1395 676 quidam
1411 609 1576 680 philosophi,
1598 607 1628 662 in
1644 619 1676 660 ea
1693 617 1776 684 causa
1793 607 1919 684 spumat

248 697 264 736 a
285 679 399 732 secundo
424 679 600 732 exheredatus
621 679 671 742 sit,
695 679 718 732 si
741 691 772 732 eo
795 683 916 748 tempore
932 681 1061 732 nascatur
1108 675 1269 728 testamenta
1280 691 1372 730 eorum
1382 679 1497 730 valeant.
1514 693 1593 748 quam
1604 675 1800 730 distinctromm
1810 687 1839 726 m
1850 671 1917 724 mrh·

248 751 391 820 postumus,
409 763 462 814 quo
479 745 574 814 aliquis
591 759 625 798 ax
641 745 770 800 institutis
783 747 857 812 vixit,
874 751 960 802 totum
976 749 1059 800 testa·

249 821 362 872 mentum
381 819 489 882 ruptum
512 817 565 868 est:
588 829 652 868 nam
674 813 791 868 tollendo
814 817 928 886 primum
949 811 1060 882 gradum

248 883 296 940 sibi
311 883 399 936 locum
416 879 504 934 faciet.
542 909 543 912 =

281 949 397 1006 iiInerr
415 949 482 1004 libro
506 949 607 1004 decimo
638 947 675 1002 ad
700 949 829 1004 Sabinam
871 949 900 1002 Si
923 947 981 1018 quiS
1004 947 1059 1000 filio

249 1017 405 1072 exheredato
423 1033 493 1070 nuru
528 1021 656 1084 raegnatc
678 1017 772 1070 relicta
794 1015 939 1070 decesserit
964 1021 990 1070 et
1013 1031 1058 1070 ex·

249 1093 366 1140 maneum
383 1083 432 1138 sub
456 1099 507 1138 con
527 1085 612 1138 'tione
633 1085 778 1138 instituerit
801 1089 828 1138 et
844 1083 978 1152 pendente
995 1097 1058 1136 oon·

250 1153 348 1210 dicione
365 1157 426 1220 post
443 1155 554 1204 mortem
570 1153 655 1220 patris
673 1151 714 1204 rel
726 1151 888 1206 deliberante
904 1147 1001 1204 herede
1017 1149 1058 1202 in-

250 1219 338 1278 stituto
357 1219 388 1270 de
411 1217 533 1272 adeunda
555 1219 702 1272 hereditate
719 1217 895 1272 exheredatus
918 1215 988 1270 tilius
1013 1217 1058 1270 de-

251 1285 356 1344 cesserit
365 1291 482 1354 atnepos
494 1285 576 1340 fuerit
586 1291 675 1352 natas,
691 1301 726 1340 an
736 1285 1059 1354 rumpattestamentum?

250 1361 276 1412 et
291 1355 405 1408 ditemus
422 1359 611 1408 testamentum
628 1369 683 1408 nou
700 1355 801 1422 rumpi,
827 1369 887 1408 cam
909 1367 959 1406 nec
977 1351 1057 1408 exhe-

250 1423 335 1480 redari
350 1421 502 1476 huiusmodi
518 1437 602 1492 nepos
621 1423 729 1476 deberet
746 1421 779 1476 ab
797 1435 861 1486 avo,
886 1435 963 1490 quem
1001 1425 1059 1474 ater

250 1489 429 1612 &accedebat
463 1489 543 1558 plane
560 1489 583 1544 si
599 1489 669 1544 forte
692 1489 828 1542 institutus
846 1489 965 1542 omiserit
981 1437 1057 1542 iere-

269 1559 362 1622 'tatem
379 1557 451 1610 hune
468 1573 517 1610 aro
536 1559 632 1612 suum¹
649 1555 769 1612 futurum
786 1555 910 1610 heredem
927 1557 961 1610 ab
975 1555 1056 1612 intes·

250 1629 303 1680 tato
326 1639 379 1678 non
402 1623 546 1678 dubitatur,
587 1629 730 1694 utramque
754 1625 868 1692 propriis
894 1625 1056 1678 rationibus:

250 1707 308 1750 nam
333 1691 546 1760 adgnascendo²⁸
572 1693 678 1762 quidem
702 1693 726 1746 is
752 1693 852 1762 rumpit
876 1707 954 1762 quem
979 1707 1056 1748 nemo

250 1759 422 1832 praecedebat
446 1761 538 1816 mortIs
566 1765 699 1830 tempore:
730 1761 764 1814 ab
790 1761 917 1816 intestato
942 1777 1005 1816 rero
1033 1761 1057 1816 is

251 1827 363 1886 succedit
382 1827 423 1882 cui
441 1833 503 1882 ante
521 1845 581 1882 eum
599 1829 645 1882 alii
662 1831 735 1882 non²
752 1833 793 1882 est
810 1829 898 1882 ddata
914 1829 1057 1894 hereditas,

251 1911 300 1952 non
317 1895 399 1948 fuisse
417 1901 505 1948 autem
522 1895 576 1950 filio
601 1897 716 1948 delatam
739 1897 912 1950 hereditatem
936 1901 1057 1976 apparet,

252 1979 307 2020 cum
325 1963 486 2016 deliberante
502 1963 624 2018 instituto
638 1963 788 2018 decesserit.
824 1963 872 2018 sed
889 1963 957 2018 haec
970 1969 1017 2030 rta,
1035 1963 1059 2018 si

251 2029 337 2086 mortis
355 2031 396 2086 avi
417 2035 535 2100 tempore
552 2031 581 2084 in
603 2037 680 2086 atero
698 2047 780 2100 nepos
803 2029 862 2086 fuit.
900 2037 1018 2086 ceterum
1035 2031 1059 2086 si

250 2102 339 2170 postea
352 2105 495 2166 conceptus
509 2103 556 2164 est,
570 2099 714 2152 Marcellus
728 2099 820 2152 scribit
833 2113 920 2168 neque
935 2103 967 2152 nt
980 2115 1059 2154 suum

250 2181 330 2236 neque
346 2173 377 2220 ut
393 2171 517 2236 nepotem
535 2173 582 2220 eut
602 2173 747 2246 'cognatum
764 2167 800 2222 ad
824 2167 999 2220 hereditatem
1016 2167 1059 2222 vel

1109 743 1144 796 tis
1178 757 1269 812 unque
1284 747 1442 796 testamento
1460 745 1533 802 divus
1544 745 1697 800 menapos
1715 739 1787 796 dedit
1804 739 1919 810 epistula

1109 811 1145 864 ad
1176 811 1329 880 emporium
1337 811 1359 844 ²⁰
1371 811 1523 878 Falconem,
1535 819 1573 878 nt,
1586 813 1610 868 si
1621 813 1725 884 quidem
1735 811 1769 866 ob
1780 807 1917 866 conscien-

1109 877 1174 934 tiam
1198 879 1287 934 delicti
1310 877 1431 932 militaris
1453 881 1519 934 mori
1540 881 1646 948 maluit,
1674 881 1779 936 irritum
1802 877 1839 934 sit
1861 877 1918 932 eius

1109 951 1310 1000 testamentum:
1328 947 1401 1016 quod
1414 947 1437 1000 si
1450 947 1537 1000 taedio
1550 949 1619 1004 vitae
1628 949 1671 1004 vel
1682 949 1782 1018 dolore,
1799 947 1888 1004 valere
1897 947 1918 978 ¹¹

1109 1017 1298 1070 testamentum
1316 1021 1371 1080 aut,
1395 1015 1419 1068 si
1434 1015 1560 1070 Intestato
1578 1015 1700 1082 decessit,
1722 1015 1844 1086 cognatis
1862 1019 1917 1080 aut,

1110 1085 1125 1134 8
1160 1083 1183 1136 si
1205 1099 1260 1136 non
1283 1083 1375 1148 sintffl,
1403 1081 1499 1150 legioni
1523 1081 1575 1134 ista
1600 1085 1654 1138 siut
1675 1085 1843 1140 medicanda.
1883 1081 1920 1138 Hi

1109 1153 1197 1204 autem
1220 1165 1323 1216 omnes,
1348 1165 1460 1218 qaorum
1478 1153 1638 1204 testamenta
1655 1151 1731 1204 irrita
1747 1153 1920 1208 damnatione

1108 1217 1167 1270 fieri
1178 1217 1299 1284 diximus,
1317 1219 1340 1272 si
1356 1215 1566 1286 provocaverint,
1586 1219 1674 1286 capite
1685 1235 1746 1284 non
1762 1219 1920 1274 mmunnhrr

1108 1285 1920 1422 tttttttttttttttttttlttititttttttt

1109 1421 1283 1474 constitutum
1292 1439 1342 1476 nec
1350 1423 1509 1474 videbuntur
1523 1421 1601 1488 quasi
1613 1417 1729 1474 destatu
1740 1373 1789 1478 srio
1799 1425 1830 1458 ¹²·
1842 1423 1919 1480 dubi·

1108 1493 1196 1544 tantes
1205 1505 1260 1542 nou
1268 1489 1366 1544 habere
1374 1489 1527 1542 testamenti
1534 1487 1690 1540 tardonem:
1702 1497 1766 1542 sunt
1775 1491 1846 1546 enim
1854 1489 1921 1546 certi

1109 1561 1124 1610 9
1160 1561 1246 1612 status
1264 1573 1313 1612 nec
1329 1557 1383 1626 ipsi
1398 1555 1431 1610 de
1449 1571 1477 1610 se
1494 1555 1599 1608 interim
1614 1555 1717 1608 incerti.
1745 1555 1815 1624 Quid
1829 1563 1920 1612 tamen

1109 1623 1132 1678 si
1146 1623 1350 1694 appellationem
1365 1625 1421 1678 eius
1434 1637 1542 1692 praeses
1555 1639 1609 1676 non
1619 1621 1727 1690 recepit,
1745 1623 1794 1676 sed
1805 1627 1918 1696 impera·

1107 1693 1160 1746 tori
1170 1693 1310 1748 scribendo
1323 1707 1437 1762 poenam
1450 1695 1596 1746 remoratus
1609 1689 1668 1744 est?
1684 1695 1750 1758 puto
1765 1690 1838 1746 huno
1853 1709 1920 1762 quo·

1109 1775 1160 1828 que
1184 1777 1263 1816 suum
1285 1765 1385 1816 statum
1406 1759 1511 1814 interim
1533 1759 1647 1814 retinere
1663 1773 1713 1810 nec
1730 1763 1921 1816 testamentum

1107 1829 1212 1882 irritum
1235 1827 1306 1882 fieri:
1331 1843 1407 1894 nam,
1429 1833 1460 1882 ut
1484 1833 1524 1882 est
1547 1827 1667 1882 oratione
1689 1825 1742 1880 tivi
1763 1825 1853 1882 Marci
1875 1843 1921 1882 ex·

1108 1911 1243 1964 pressum,
1267 1897 1374 1948 tametsi
1395 1895 1565 1964 provocantis
1586 1895 1628 1948 vel
1645 1893 1701 1948 eius
1718 1909 1767 1962 pro
1787 1909 1839 1962 quo
1857 1909 1920 1964 pro·

1108 1969 1220 2018 vocatur
1243 1963 1386 2032 appellatIo
1403 1979 1457 2016 non
1473 1963 1554 2016 fuerit
1575 1965 1698 2032 recepta,
1720 1975 1809 2030 poena
1830 1963 1921 2014 tamen

1109 2029 1265 2086 sustinenda
1280 2035 1328 2096 est,
1346 2029 1435 2100 quoad
1450 2031 1575 2110 princeps
1588 2029 1755 2098 rescripserit
1769 2029 1805 2084 ad
1817 2029 1921 2084 litteras

1124 2099 1239 2152 'raesidis
1254 2103 1281 2152 et
1294 2098 1411 2152 libellum
1422 2113 1461 2152 rer
1475 2115 1536 2152 cum
1547 2099 1641 2152 litteris
1654 2097 1773 2164 missum,
1787 2097 1840 2152 nisi
1851 2095 1923 2152 forte

1108 2115 1176 2220 iimo
1187 2167 1344 2220 manifestus
1355 2167 1398 2220 vel
1409 2167 1503 2222 seditio
1512 2171 1657 2236 praerupta
1665 2165 1800 2244 facticquc
1810 2167 1923 2218 cruenta

253 2239 264 2286 1
297 2233 330 2288 ad
346 2233 477 2288 bonorum
493 2249 688 2302 possessionem
713 2249 792 2304 posse
818 2233 929 2288 admitti.
964 2233 1017 2290 Set
1034 2235 1059 2290 si

250 2305 321 2370 pater
338 2299 400 2364 eius,
420 2303 466 2372 qui
482 2303 575 2356 mortis
593 2303 763 2370 avitempore
773 2301 802 2354 in
814 2307 891 2356 utero
908 2301 967 2368 fuit,
986 2303 1059 2370 apud

250 2371 334 2422 hostes
352 2373 423 2434 erat,
448 2383 531 2438 nepos
553 2371 603 2422 iste
620 2375 698 2438 patre
715 2369 743 2422 in
769 2369 861 2422 eadem
879 2383 963 2422 causa
980 2371 1058 2424 dece-

251 2437 322 2490 dente
329 2443 391 2504 post
399 2443 510 2490 mortem
519 2437 558 2490 avi
570 2437 737 2492 succedendo
746 2439 934 2492 testamentum
943 2443 1058 2506 rumpet,
1111 2443 1140 2490 ld
1175 2437 1345 2506 permittitur,
1365 2435 1460 2490 dende
1477 2437 1602 2492 scribere.
1637 2435 1705 2504 Quid
1722 2435 1746 2492 si
1763 2433 1823 2506 quis
1839 2433 1923 2488 fuerit

250 2503 308 2574 quia
325 2521 405 2574 supra
423 2505 523 2574 scripta
545 2521 661 2574 persona
678 2505 703 2560 ei
719 2521 774 2558 non
792 2505 896 2560 obstat:
920 2521 971 2560 nec
989 2509 1059 2560 enim
1109 2505 1250 2560 damnatus
1262 2505 1351 2558 illicite
1363 2519 1451 2574 poena
1464 2521 1519 2560 non
1531 2509 1638 2574 sumpta
1647 2505 1676 2570 ¹⁴,
1688 2519 1724 2558 an
1731 2509 1922 2560 testamentum

251 2573 360 2628 creditur
377 2573 405 2626 in
426 2575 508 2628 rebus
532 2575 656 2626 humanis
673 2573 770 2638 fuisse,
794 2589 855 2626 cum
871 2575 900 2626 in
925 2589 957 2628 ea
974 2589 1059 2628 causa
1109 2573 1164 2626 eius
1176 2575 1281 2626 irritum
1294 2573 1350 2638 fiat,
1362 2571 1512 2628 videamus:
1531 2577 1639 2644 utputa
1651 2571 1759 2628 decurio
1772 2571 1809 2626 ad
1820 2571 1922 2626 bestias

250 2641 381 2704 decedam,
418 2655 560 2710 numquam
578 2641 699 2710 captivus
716 2655 838 2694 reversus
855 2641 939 2710 patris
958 2641 1000 2696 sui
1016 2641 1058 2694 in·
1109 2655 1145 2694 an
1160 2641 1248 2710 capite
1262 2641 1398 2696 minuatur
1410 2645 1649 2710 testamentumque
1664 2641 1719 2694 eius
1734 2639 1839 2694 irritum
1853 2637 1922 2694 fiat?

250 2713 263 2762 i
295 2659 505 2762 iustumiaceret
515 2713 704 2762 testamentum
715 2707 743 2760 in
755 2723 786 2762 eo
797 2707 966 2776 praeteritus.
998 2707 1059 2764 Sive
1109 2713 1136 2760 et
1151 2725 1207 2762 non
1223 2713 1298 2776 puto,
1323 2723 1384 2762 cum
1401 2707 1533 2762 sententia
1550 2725 1610 2764 eum
1626 2725 1681 2762 non
1697 2707 1821 2762 tenuerit.
1858 2721 1921 2776 ergo

250 2775 369 2830 autemin
381 2775 487 2830 civitate
496 2791 579 2844 nepos
588 2775 641 2830 init
654 2781 798 2842 conceptus
810 2777 865 2842 sive
874 2775 947 2844 apud
956 2777 1058 2842 hostes,
1109 2781 1136 2830 et
1153 2775 1176 2830 si
1194 2777 1253 2842 quis
1268 2791 1336 2840 eum,
1355 2775 1400 2844 qui
1413 2791 1468 2830 non
1483 2779 1541 2830 erat
1551 2773 1740 2830 iurisdIctionis
1753 2791 1828 2840 suae,
1847 2773 1921 2828 dam·

250 2843 369 2914 quoniam
392 2843 473 2896 datur
496 2849 523 2896 et
545 2845 635 2914 partui
658 2843 862 2912 posthininium,
889 2843 1058 2898 succedendo
1108 2843 1219 2908 natent,
1243 2849 1431 2896 testamentum
1448 2845 1504 2896 eius
1521 2859 1577 2898 non
1595 2843 1644 2896 erit
1660 2843 1773 2908 irritum,
1795 2841 1920 2912 quemad·

251 2917 262 2932 ⁰
294 2917 483 2966 testamentum
494 2911 600 2980 rumpit.
637 2911 931 2980 Succedendoitaque⁴
950 2911 1059 2968 suinon
1110 2917 1139 2964 11
1175 2911 1284 2966 modum
1302 2915 1342 2964 est
1359 2911 1539 2966 constitutum.
1576 2911 1629 2966 Sed
1651 2925 1685 2966 ne
1706 2927 1798 2966 eorum
1815 2909 1923 2980 quidem

251 2989 302 3034 rum
321 2985 384 3044 unt,
410 2979 465 3034 sive
482 2977 582 3034 inerint
597 2979 714 3034 instituti
731 2979 773 3032 rel
791 2977 945 3034 exheredati
968 2979 1002 3034 ab
1026 2995 1058 3034 eo
1108 2983 1270 3034 testamenta
1292 2983 1352 3034 rata
1373 2983 1450 3044 sunt,
1475 2977 1523 3034 sed
1540 2979 1615 3034 irrita
1631 2977 1710 3046 fient,
1735 2995 1851 3048 quorum
1866 2995 1920 3034 me·

250 3047 1058 3184 11111111111111111111111111111
1108 3045 1670 3168 societatemsocietaten
1704 3051 1818 3168 titt
1830 3061 1923 3166 ,ast

266 3181 431 3236 ressedentes
449 3183 478 3236 in
494 3187 629 3252 potestate
647 3197 705 3236 esse
723 3181 857 3246 desierint,
884 3183 1058 3238 succedentes
1109 3181 1221 3234 diximus
1245 3181 1280 3234 ab
1301 3153 1423 3234 histibus
1440 3181 1513 3250 eapti
1528 3185 1717 3234 testamentum
1734 3181 1837 3236 irritum
1854 3181 1922 3246 fieri,

249 3199 327 3314 iteri,
344 3251 368 3304 si
383 3249 485 3304 inerint
496 3249 611 3304 instituti
627 3251 670 3304 vel
683 3249 844 3314 exheredati,
863 3265 918 3304 non
935 3253 1059 3318 rumpent
1109 3247 1278 3302 adiciendum
1295 3253 1336 3302 est
1352 3247 1513 3316 postliminio
1527 3249 1626 3302 reversi
1641 3247 1710 3304 vires
1724 3263 1789 3304 suas
1803 3249 1923 3318 recipere

249 3323 445 3382 testamentum,
470 3319 523 3372 sive
539 3333 588 3386 per
606 3317 786 3388 captivitatem
809 3315 864 3370 sire
880 3331 930 3384 per
946 3323 1059 3372 mortem
1108 3315 1166 3370 iure
1177 3315 1332 3384 postliminii
1343 3319 1399 3380 aut,
1412 3313 1436 3370 si
1445 3317 1484 3370 ibi
1496 3315 1608 3370 decedat
1617 3317 1645 3380 ¹⁵,
1656 3313 1845 3384 legecorneia
1857 3331 1922 3372 con-

249 3391 262 3440 5
293 3385 334 3440 vel
356 3401 478 3454 poenam
521 3385 629 3438 irritum
651 3385 684 3438 fit
704 3389 908 3448 testamentum,
935 3385 1059 3454 quotiens
1108 3383 1216 3436 firmari.
1244 3397 1305 3452 ergo
1323 3387 1350 3436 et
1368 3383 1467 3452 siquis
1485 3383 1625 3438 damnatus
1643 3385 1731 3452 capite
1746 3385 1776 3438 in
1789 3385 1923 3454 integrum

248 3453 295 3524 ipsi
307 3455 431 3508 testatori
443 3453 543 3522 aliquid
557 3453 675 3522 contigit,
693 3457 759 3520 puta
771 3451 796 3508 si
806 3451 941 3508 civitatem
953 3453 1059 3508 amittat
1108 3451 1272 3520 indulgentia
1289 3451 1376 3520 princi
1394 3451 1416 3504 is
1434 3451 1469 3504 sit
1485 3453 1632 3516 restitutus,
1656 3457 1847 3508 testamentum
1865 3451 1922 3508 eius

249 3537 292 3590 per
308 3523 423 3576 suhitam
436 3523 596 3586 servibitem,
614 3523 650 3574 ab
668 3521 789 3574 hostibus
801 3521 876 3574 verbi
892 3519 980 3586 gratia
994 3535 1058 3590 cap·
1111 3523 1141 3574 13
1177 3519 1350 3572 convalescet
1403 3517 1923 3574 iliifamiliasveteraoisciiurismorte

248 3595 296 3656 tus,
318 3589 360 3644 vel
377 3589 400 3644 si
416 3589 502 3644 maior
519 3589 595 3642 annis
613 3589 705 3658 viginti
720 3603 816 3644 renum
839 3603 869 3642 se
887 3587 945 3640 dari
962 3603 1058 3656 passus
1108 3585 1192 3656 patris
1202 3585 1269 3640 iacti
1280 3591 1468 3640 testamentum
1478 3587 1583 3640 hainam
1592 3603 1647 3642 non
1654 3585 1713 3640 fieri
1722 3591 1843 3644 constat:
1859 3603 1923 3642 nam

250 3657 280 3712 sit
303 3657 337 3712 ad
360 3661 451 3712 actum
474 3655 636 3724 gerendum⁵
664 3655 810 3724 pretiumve
833 3655 1057 3724 participandum.
1108 3659 1238 3776 puantum
1253 3653 1455 3708 attestandum
1469 3655 1503 3708 de
1517 3655 1647 3710 castrensi
1662 3655 1766 3726 peculio
1781 3673 1830 3736 pro
1844 3661 1923 3726 patre

251 3731 264 3778 t
295 3725 346 3780 Sed
364 3731 391 3780 et
407 3725 431 3778 si
449 3727 508 3796 quis
524 3725 606 3778 fuerit
623 3725 711 3794 capite
728 3725 868 3778 damnatos
886 3721 928 3778 vel
945 3725 981 3778 ad
996 3725 1058 3778 bes·
1121 3721 1222 3778 amilias
1237 3721 1377 3778 habendus
1390 3727 1439 3788 est,
1457 3721 1558 3778 etideo
1573 3723 1848 3794 neaemancipatrone
1862 3723 1922 3778 irri-

249 3793 295 3848 tias
311 3793 352 3848 vel
370 3793 405 3846 ad
421 3791 539 3862 gladium
555 3793 597 3846 vel
611 3793 665 3846 alia
678 3807 767 3862 poena
785 3807 853 3862 quae
863 3793 946 3846 vitam
957 3791 1058 3856 adimit,
1108 3795 1166 3844 tum
1182 3789 1240 3844 fieri
1256 3789 1345 3844 raihtis
1362 3789 1405 3844 vel
1421 3791 1540 3844 veterani
1557 3795 1746 3846 testamentum
1762 3807 1855 3846 verum
1871 3797 1921 3846 est.

248 3865 430 3914 testamentum
449 3859 505 3914 eius
521 3859 625 3914 irribnn
641 3859 696 3926 fiet,
716 3865 743 3914 et
759 3875 813 3916 nou
830 3863 896 3912 ttrnc
914 3873 976 3912 cum
993 3875 1058 3914 con·
1144 3853 1332 3912 itineratus
1346 3857 1414 3912 libro
1432 3859 1533 3912 dommo
1551 3859 1588 3912 acl
1604 3857 1764 3914 satiatam
1798 3857 1923 3916 Similes

249 3935 364 3996 sumptus
387 3931 442 3992 est,
466 3927 514 3982 sed
531 3943 592 3982 cum
614 3927 774 3982 sententiam
795 3941 893 3996 passus
917 3931 971 3982 est:
995 3943 1058 3982 nam
1107 3925 1166 3980 iure
1178 3925 1248 3980 civili
1259 3929 1446 3980 testamentum
1459 3925 1554 3980 fecerit
1565 3931 1591 3980 et
1602 3925 1687 3994 primo
1699 3925 1784 3998 gradu
1797 3927 1923 3982 heredem

248 4013 344 4064 poenae
362 4011 454 4050 servus
473 3995 599 4058 officiium
623 3995 676 4050 nisi
691 3995 762 4050 forte
779 3997 853 4050 miles
870 3993 923 4048 init
941 4009 972 4048 cx
990 3993 1057 4048 mili-
1109 4009 1170 4048 eum
1187 3993 1325 4062 scripserit
1346 4009 1425 4064 quem
1448 3993 1506 4048 iure
1528 3993 1635 4048 militari
1657 3999 1779 4064 poterat,
1802 3993 1921 4050 secundo

248 4065 296 4118 tari
312 4063 407 4118 delicto
422 4063 572 4130 damnatus,
590 4079 653 4118 nam
663 4063 727 4118 huic
739 4063 858 4132 permitti
875 4063 944 4118 solet
954 4063 1057 4126 testari,
1109 4077 1169 4114 enm
1186 4077 1265 4130 quem
1283 4061 1417 4116 communi
1432 4061 1490 4116 iure
1503 4067 1600 4132 potest,
1619 4069 1725 4142 etpost
1742 4079 1842 4118 annum
1859 4063 1922 4116 mis·

248 4137 275 4186 ut
296 4131 370 4186 divus
387 4131 540 4186 Hadrianus
556 4131 710 4200 rescripsit,
736 4135 762 4186 et
780 4131 857 4186 credo
875 4131 934 4186 iure
950 4129 1059 4186 militari
1108 4129 1189 4184 sionis
1208 4129 1363 4196 decesserit,
1387 4129 1488 4198 primus
1504 4129 1603 4198 gradus
1625 4129 1716 4186 irmtus
1738 4129 1787 4186 fiet
1803 4135 1830 4186 et
1846 4145 1863 4184 a
1880 4145 1922 4184 se·

248 4201 391 4252 testabitur.
428 4215 482 4268 qua
498 4199 602 4252 radone
619 4199 700 4268 igitur
711 4199 873 4254 damnatoei
889 4201 984 4254 testari
995 4213 1057 4268 per·
1109 4197 1196 4252 cundo
1213 4197 1323 4266 incipiet
1339 4201 1533 4252 testamentum.

248 4267 369 4334 mittitur,
394 4267 524 4336 numquid
546 4273 587 4332 et,
611 4267 634 4322 si
658 4267 729 4336 quod
752 4273 816 4322 ante
836 4267 933 4322 hahuit
954 4267 1058 4322 factum
1143 4261 1261 4322 Sinna
1280 4265 1347 4320 libro
1370 4265 1511 4320 andecimo
1535 4265 1573 4320 acl
1593 4263 1724 4320 Sabinam
1759 4265 1860 4318 Veram
1883 4267 1924 4318 est

248 4339 438 4400 testamentum,
463 4335 486 4390 si
503 4333 528 4388 ei
543 4335 702 4404 permissum
720 4335 754 4390 sit
771 4335 873 4400 testari,
897 4335 1003 4390 valeat?
1022 4351 1058 4390 an
1109 4333 1253 4402 adoptione
1274 4333 1317 4388 vel
1339 4333 1512 4414 adrogatione
1535 4333 1583 4388 filii
1607 4333 1710 4388 filiaeve
1732 4335 1923 4410 testamentum

247 4417 304 4456 vero
327 4417 414 4474 poena
440 4403 545 4456 irritum
569 4403 672 4458 iactum
697 4403 871 4458 reficiendum
896 4405 956 4458 est?
982 4407 1009 4458 et
1034 4403 1059 4456 si
1107 4417 1167 4456 ram
1185 4403 1209 4468 i,
1233 4401 1358 4472 quoniam
1376 4417 1419 4456 sur
1440 4401 1545 4456 heredis
1563 4401 1722 4470 adgnatioae
1738 4399 1809 4456 solet
1824 4413 1921 4468 rumpe

247 4471 348 4524 militari
373 4471 432 4526 iure
449 4471 473 4524 ei
490 4471 642 4524 testandum
659 4471 709 4538 sit,
737 4471 854 4528 dubitari
869 4487 925 4528 mou
943 4475 1056 4542 oportet,
1109 4475 1122 4522 1
1158 4419 1230 4524 iiiia
1244 4487 1305 4524 cum
1319 4471 1503 4540 emancipatur
1516 4471 1662 4540 relnepos,
1678 4467 1742 4538 quia
1754 4465 1922 4522 unamauci·

248 4541 261 4588 t
294 4539 383 4608 quint,
401 4537 425 4592 si
435 4539 519 4594 voluit
529 4539 558 4592 id
568 4539 665 4604 valere,
683 4539 779 4594 fecisse
791 4541 820 4594 id
831 4539 963 4594 credatur.
989 4539 1057 4594 Eius
1107 4537 1216 4608 patiore
1225 4543 1323 4594 exeunt
1331 4537 1364 4594 de
1372 4543 1516 4608 potestate,
1523 4543 1711 4594 testamentum
1718 4537 1921 4612 corrumpunt.

247 4605 288 4672 qui
305 4607 461 4676 deportatur
482 4607 650 4660 perstatim
666 4607 770 4660 irritum
792 4607 838 4660 fiet
860 4611 1057 4672 testamentum,
1142 4601 1299 4660 9Pauaos
1314 4607 1383 4662 libro
1400 4607 1518 4662 sccaado
1535 4605 1574 4660 ad
1585 4603 1716 4662 Sabinum
1751 4599 1780 4654 Sl
1795 4603 1921 4668 paitrob

247 4673 290 4726 sed
307 4691 368 4728 cum
383 4675 508 4744 princeps
524 4673 646 4730 factum⁷
664 4675 890 4744 comprobaverit:
908 4679 975 4730 tunc
987 4675 1057 4730 enim
1107 4673 1231 4728 hostibus
1250 4675 1371 4744 capiatur
1382 4675 1437 4730 filio
1454 4677 1578 4728 manente
1589 4673 1618 4726 in
1631 4669 1746 4732 civitate,
1763 4681 1871 4724 reverso
1890 4685 1921 4724 eo

246 4747 270 4794 et
287 4743 373 4810 capite
390 4741 525 4796 minuitur.
560 4741 608 4798 sed
626 4747 653 4796 et
671 4743 694 4798 si
712 4743 745 4796 tle
762 4743 906 4798 decurione
921 4743 1056 4810 puniendo
1108 4743 1312 4810 conrumpitur
1328 4747 1528 4798 testamentum:

245 4809 283 4864 vel
300 4809 353 4864 filio
372 4815 501 4878 nepotere
516 4825 626 4880 praeses
652 4809 822 4866 scribendum
844 4811 960 4878 principi
976 4813 1057 4864 iuter·
1144 4807 1182 4866 10
1200 4811 1280 4866 lara
1296 4813 1364 4866 libro
1376 4813 1470 4882 primo
1487 4809 1525 4864 ad
1542 4807 1678 4862 Vitellium
1712 4803 1761 4860 sed
1784 4819 1834 4860 nec
1850 4805 1921 4862 filius
1949 4825 1951 4828 ·

245 4873 349 4930 locutus
368 4883 416 4944 est,
440 4893 495 4932 non
509 4883 577 4948 poto
595 4879 687 4932 statim
704 4891 807 4932 servum
824 4893 929 4946 poenae
945 4877 1057 4944 iactum,
1107 4877 1269 5000 postliminio
1295 4879 1401 4934 rediens
1430 4877 1529 4946 rumpit
1554 4873 1638 4944 patris
1664 4877 1866 4942 testamentum,
1892 4879 1923 4930 ut

245 4941 306 4998 licet
321 4945 349 4998 in
368 4947 492 5002 cmcera⁸
509 4945 615 5000 soleant
632 4945 803 5014 diligentioris
818 4945 957 5000 custodiae
974 4961 1058 5000 cause
1127 4945 1224 5000 abinus
1243 4945 1408 5002 existimavit.

245 5011 331 5080 recipi.
374 5029 424 5068 nec
450 5013 530 5068 huius
551 5013 633 5082 igliur
658 5017 847 5068 testamentum
871 5011 976 5066 batum
1001 5013 1057 5080 fiet,

1107 2234 1149 2288 vel
1166 2233 1220 2288 alia
1235 2233 1307 2288 iusta
1325 2247 1415 2298 causa,
1434 2249 1512 2302 quam
1529 2249 1591 2288 mox
1607 2247 1714 2302 praeses
1728 2231 1824 2286 litteris
1839 2247 1921 2286 excu-

1108 2301 1178 2356 sabit
1188 2303 1217 2366 ¹³,
1231 2317 1332 2356 moram
1341 2301 1548 2368 conrecipient,
1561 2317 1615 2356 non
1625 2317 1729 2370 poenae
1741 2299 1922 2364 festinatione,

1109 2369 1156 2424 sed
1178 2369 1363 2438 praeveniendi
1385 2367 1497 2436 periculi
1520 2383 1616 2422 causa:
1643 2373 1707 2422 tunc
1734 2367 1805 2422 enim
1826 2367 1923 2438 punire

582 5081 583 5084 Ἴ
1144 5009 1180 5070 11
1207 5013 1352 5068 Uarianos
1363 5015 1431 5070 libro
1463 5011 1743 5080 cadrapcst'moscxtc
1757 5011 1921 5068 meledictum

245 5079 396 5148 priusquam
411 5081 488 5152 prino
523 5081 588 5134 sde
605 5095 636 5136 eo
654 5097 687 5136 su
705 5081 814 5150 plinium
839 5079 997 5138 sumendum
1014 5097 1056 5136 re-
1109 5079 1137 5136 Si
1159 5083 1239 5136 binae
1261 5083 1369 5136 tabulae
1391 5027 1593 5148 proiciantur
1622 5077 1731 5134 diversis
1754 5081 1921 5152 temporibus

246 5147 391 5218 scripserit:
414 5149 493 5218 proin
512 5163 525 5202 e
548 5149 572 5204 si
593 5155 657 5204 ante
693 5149 831 5214 ecesserit,
855 5149 948 5218 utique
971 5155 1056 5206 testa·
1107 5149 1205 5216 iactae,
1214 5167 1285 5206 unae
1293 5149 1376 5218 prins,
1387 5149 1455 5202 aliae
1462 5149 1565 5216 postea,
1577 5151 1705 5216 utraeque
1716 5153 1808 5204 tamen
1819 5155 1921 5218 septem

245 5221 361 5270 mentum
378 5217 434 5272 eius
446 5215 551 5282 valebit,
569 5217 621 5272 nisi
632 5223 744 5272 monem
756 5217 807 5273 sibi
825 5217 961 5272 conscivit.
993 5233 1057 5274 nam
1109 5219 1215 5274 testium
1232 5221 1314 5298 signis
1331 5217 1458 5294 signatas,
1476 5221 1630 5294 tt'apcdae
1640 5217 1803 5284 posteriores
1820 5231 1923 5272 vacuae

246 5295 348 5350 eorum,
372 5287 417 5356 qui
434 5287 502 5340 mori
518 5287 602 5356 magis
626 5301 706 5356 quam
726 5285 846 5340 damnari
863 5287 1004 5340 maluerint
1021 5287 1055 5342 ob
1106 5287 1230 5342 inventae
1246 5291 1308 5350 sint,
1325 5283 1354 5338 id
1371 5287 1413 5338 est
1428 5283 1494 5336 mhrl
1510 5283 1638 5352 scriptum
1655 5287 1785 5342 habentes
1803 5285 1921 5350 omnino,

246 5353 432 5430 conscientiam
450 5353 575 5420 criminis,
593 5359 755 5410 testamenta
765 5353 840 5408 inita
852 5353 1056 5410 consdtadones
1106 5371 1139 5410 su
1159 5355 1434 5408 erinstestamentum
1451 5365 1505 5404 uon
1523 5355 1701 5424 estroptum,
1727 5355 1790 5424 quia
1807 5363 1921 5422 sequens

244 5417 353 5486 sacrant,
371 5421 433 5476 licet
444 5423 473 5476 in
485 5423 591 5476 civitate
602 5421 747 5476 decedant:
767 5421 838 5490 quod
855 5423 950 5492 siquis
966 5423 1056 5476 taedio
1106 5437 1125 5476 n
1162 5437 1208 5476 um
1225 5425 1272 5474 est.
1670 5447 1671 5450 η
1697 5445 1699 5468 ;

245 5591 273 5650 111
291 5593 328 5640 sic
345 5593 399 5642 dett.
416 5611 467 5644 eam
482 5593 592 5656 Graccis,
608 5609 654 5642 suc
668 5593 695 5640 F
791 5595 828 5656 11·)
847 5593 1023 5656 adgnoscentis
1036 5593 1062 5640 F
1109 5591 1142 5652 (8)
1160 5601 1340 5638 carcercareer.
1394 5589 1427 5654 (a)
1445 5591 1581 5644 iactatione
1591 5593 1653 5644 Hal.
1709 5595 1752 5656 110)
1771 5589 1922 5654 Pompeium

245 5661 275 5720 11)
294 5659 336 5710 cui
353 5665 411 5710 ante
429 5677 486 5710 eum
503 5659 549 5710 alii
566 5663 628 5722 non]
653 5661 694 5710 cui
719 5677 764 5708 nec
788 5665 846 5710 ante
871 5677 927 5710 eum
946 5659 989 5708 alii
1009 5677 1054 5710 scr.
1107 5675 1153 5708 scr.
1195 5655 1238 5716 (11)
1250 5653 1391 5722 valeatscr.
1427 5665 1469 5716 111)
1484 5661 1553 5710 sita
1589 5663 1641 5726 (12¹)
1655 5665 1710 5722 suo]
1720 5661 1758 5710 sni
1770 5659 1815 5720 F‘,
1826 5653 1923 5704 suuF²

245 5733 274 5784 11)
295 5727 392 5776 decedit
401 5725 440 5776 F²
501 5733 531 5790 tr)
549 5725 645 5796 itaque]
656 5731 799 5790 utiqueser.
864 5741 894 5786 tat
911 5733 994 5776 actum
1004 5743 1055 5790 ger.
1109 5725 1152 5788 113)
1169 5723 1337 5774 excusavitli'
1410 5725 1454 5790 (14)
1472 5743 1523 5778 non
1533 5743 1632 5782 suaper,
1703 5731 1748 5790 (15)
1769 5719 1929 5774 decedaatF

243 5797 341 5846 deli2
410 5795 791 5860 11)11111]1111191111111Ξ
859 5797 891 5856 11)
911 5801 1054 5846 actumser.
1107 5795 1152 5858 (lt)
1169 5791 1466 5854 ulpianus..,sabinum
1478 5797 1524 5848 dal.
1539 5797 1578 5848 11²2
1633 5793 1689 5858 tit)
1708 5793 1868 5858 proferentur
1880 5787 1918 5840 F²
