4366 6258
279 367 385 430 XXVI
407 373 423 428 1
1074 349 1139 424 346
1567 369 1613 418 nn
1635 367 1941 416 ιοιιιιιιιιιιιοιιι

278 541 362 596 teneri
380 541 451 618 (quia
473 539 555 592 habet
578 537 666 590 dotem
689 535 728 590 sic
750 541 780 592 ut
796 537 825 592 in
841 537 982 592 cubatione
999 535 1083 590 bono·
1133 535 1267 590 cadonum
1283 549 1338 590 non
1354 533 1473 598 inerant,
1491 535 1595 602 exigere
1611 533 1690 588 vellet
1705 531 1834 610 pupillus,
1856 533 1941 602 ¹⁰pro-

278 623 336 660 rum
353 605 458 670 dicitur)
476 607 517 658 rel
535 609 606 658 certe
623 607 684 672 post
701 601 841 658 divortium
859 603 924 666 tsivc
937 607 1033 658 exacta
1050 603 1085 656 rit
1133 601 1206 658 latae
1232 601 1354 658 suntab
1381 601 1698 670 hisapcchaetutoris:
1740 605 1871 656 uaesrtum
1893 607 1941 668 est,

278 673 326 726 dos
348 673 403 726 sire
425 677 531 724 maneat
552 677 666 736 nomen),
691 671 753 738 quia
769 679 858 742 potest
874 671 995 736 efficere,
1013 675 1044 724 ut
1061 671 1085 746 ei
1133 675 1224 724 utrum
1241 669 1369 724 aduersus
1385 673 1502 724 tutorem
1520 685 1555 724 an
1577 667 1703 724 adversus
1721 617 1855 724 genitores
1873 669 1941 724 actio

279 745 390 808 accepto
415 739 525 794 feratur.
575 737 630 792 uod
654 737 677 790 si
701 739 795 794 mulier
828 755 906 792 suum
932 741 1084 792 curatorem
1135 739 1160 792 ei
1177 743 1318 808 competat.
1353 737 1453 792 Paulus
1470 737 1616 806 respondit,
1642 737 1666 792 si
1682 743 1734 790 tem
1755 751 1801 790 ore
1818 735 1941 792 adminis-

278 805 422 874 adimplere
443 805 485 870 id,
508 757 581 884 ιιιιοᾊ
604 819 686 872 supra
707 805 774 862 vires
797 805 948 874 patrimonii
977 805 1035 860 eius
1048 805 1085 860 ιιι
1134 805 1246 860 madae
1262 805 1362 860 tutelae
1378 805 1462 860 tutori
1477 805 1588 860 tutelam
1610 805 1710 874 gerenti
1736 755 1869 884 genitores
1890 805 1941 859 sol·

278 873 366 926 dotem
384 873 448 928 dare
464 877 593 940 promrsrt,
620 873 688 926 1ιιοιι
712 879 800 942 queat,
818 877 967 928 curatorem
978 871 1085 942 quidem
1133 873 1248 938 sissent,
1271 871 1398 928 liberatos
1416 887 1462 928 eos
1479 873 1537 940 ipsc
1554 873 1613 928 iure
1625 889 1642 926 a
1653 873 1770 942 pupillo:
1788 873 1836 928 sed
1847 889 1871 928 ιι
1883 887 1942 928 cum

277 941 305 994 in
322 937 383 1004 hoc,
401 941 472 1008 quod
489 939 653 1008 superfluum
676 945 729 1006 est,
752 957 801 1022 per
818 941 1001 1008 exceptionem
1016 941 1083 994 rele·
1135 945 1225 994 tutore
1240 945 1332 994 actum
1344 945 1422 1006 esset,
1440 955 1520 1008 posse
1533 939 1646 994 eundem
1653 941 1851 994 adulescentem
1862 955 1941 1010 prop-

278 1007 347 1060 vari:
371 1007 465 1060 mulier
489 1021 551 1060 vero
578 1007 726 1062 cautionem
751 1025 779 1062 m
804 1007 928 1060 maritum
953 1021 1086 1076 exponere
1134 1013 1176 1062 ter
1193 1023 1251 1062 eam
1269 1023 1378 1062 causam
1395 1009 1496 1062 tutelae
1514 1007 1627 1076 experiri
1650 1013 1677 1060 et
1699 1009 1825 1062 adversus
1848 1015 1942 1076 excep-

279 1073 372 1138 debet,
398 1075 486 1144 quod,
518 1075 540 1126 si
566 1075 723 1144 quandoque
757 1075 915 1144 locupletior
946 1079 1086 1128 constante
1136 1081 1152 1130 6
1185 1075 1284 1130 tionem
1298 1075 1337 1130 rei
1349 1075 1484 1130 indicatae
1498 1075 1552 1128 doli
1560 1075 1670 1130 maliuti
1679 1075 1859 1144 replicatione.
1879 1075 1943 1132 Cum

278 1141 444 1196 matrimonio
476 1141 551 1196 lacta
576 1141 672 1210 fuerit,
707 1143 776 1198 dotis
818 1141 949 1210 reliquum
988 1141 1084 1197 marito
1135 1147 1293 1198 testamento
1318 1141 1371 1198 duc
1395 1147 1495 1198 tutores
1519 1141 1574 1198 dati
1598 1147 1686 1198 essent
1709 1143 1809 1212 pupillo
1834 1149 1860 1198 et
1877 1143 1944 1198 alter

278 1209 392 1264 senate
1136 1227 1169 1266 ιιι
1185 1211 1228 1266 bis
1244 1211 1299 1264 vita
1316 1211 1460 1264 defunctus
1476 1209 1579 1276 luisset,
1601 1211 1631 1264 in
1652 1210 1741 1266 locum
1765 1211 1821 1266 cius
1837 1217 1944 1280 petente

312 1273 353 1334 44
379 1275 459 1330 Ioum
480 1275 548 1332 libro
575 1279 651 1332 tertio
678 1279 778 1334 decimo
806 1279 992 1348 quaestionum
1036 1279 1086 1346 Qui
1136 1285 1221 1334 matre
1238 1295 1272 1334 ex
1288 1279 1419 1348 praesidis
1436 1279 1589 1349 provinciae
1604 1285 1749 1350 praecepto
1772 1279 1943 1348 amagistra·

278 1345 426 1400 nominibus
445 1359 462 1398 a
480 1345 648 1402 curatoribus
665 1347 797 1414 prioribus
821 1345 951 1426 susceptis
969 1347 1023 1400 sire
1041 1351 1083 1400 tu·
1135 1347 1208 1402 tibus
1226 1349 1293 1402 alius
1310 1353 1385 1402 tutor
1403 1347 1480 1402 datus
1499 1351 1547 1412 est,
1572 1363 1589 1402 a
1611 1363 1664 1416 quc
1681 1347 1853 1416 magistratus
1878 1347 1944 1402 satis

278 1413 380 1468 toribus
397 1411 504 1466 nomina
522 1413 711 1484 adgnoverunt,
728 1413 875 1482 periculum
897 1429 926 1466 m
950 1429 979 1468 ιι
996 1419 1084 1468 mans·
1136 1421 1280 1484 exegerunt
1295 1431 1352 1470 rem
1369 1415 1470 1470 salvam
1491 1413 1563 1468 fore:
1587 1419 1661 1468 tutor
1684 1419 1841 1470 testamento
1866 1415 1944 1472 datus

281 1485 292 1534 t
327 1479 424 1534 ιιιιιιιι.
461 1477 514 1534 Sed
525 1481 548 1536 si
561 1483 675 1552 pupillus
686 1487 747 1550 post
758 1483 926 1548 pubertatem
936 1481 1085 1542 rationibus
1136 1489 1231 1552 postea
1256 1481 1348 1538 dutum
1373 1487 1528 1552 suspectum
1553 1483 1631 1536 fecit:
1680 1483 1812 1538 ιιιιιιιιιιιι
1837 1489 1891 1548 ιιι,
1917 1483 1944 1540 in

278 1553 400 1602 atutore
417 1549 535 1618 acceptis
560 1549 761 1622 reliquationem
788 1549 844 1604 eius
863 1555 970 1604 secutus
987 1565 1085 1606 usuras
1136 1555 1266 1618 quantum
1283 1555 1413 1606 teneatur.
1448 1551 1548 1606 Paulus
1571 1567 1669 1620 respon
1689 1551 1709 1604 't
1731 1555 1845 1606 tutorem
1862 1556 1944 1606 testa·

278 1615 463 1686 acceptaverit,
480 1619 645 1688 privilegium
662 1633 740 1672 suum
757 1633 812 1672 non
834 1617 932 1672 amittit
955 1617 984 1672 in
1007 1617 1085 1672 bouis
1136 1623 1225 1672 mento
1243 1617 1334 1672 datum
1356 1633 1405 1686 pro
1430 1633 1462 1672 ea
1482 1623 1560 1686 parte
1584 1619 1718 1674 conveniri
1741 1623 1877 1688 oportere,
1894 1635 1944 1688 pro

277 1685 391 1740 tutoris³
421 1687 546 1744 venditis:
570 1693 678 1756 praetor
699 1687 768 1738 enim
791 1685 954 1756 privilegium
978 1685 1002 1740 ei
1029 1701 1085 1742 ser·
1136 1701 1189 1768 qua
1211 1691 1288 1756 parte
1310 1687 1515 1740 administravit:
1557 1703 1588 1742 ro
1607 1687 1753 1742 contutoris
1778 1691 1866 1742 autem
1882 1705 1944 1756 por-

278 1753 444 1808 resedebat
841 1819 842 1822 Ἴ
1136 1759 1209 1808 bone
1225 1753 1299 1824 prius
1317 1769 1362 1808 ecs
1382 1755 1516 1810 conveniri
1533 1705 1645 1820 Xebere,
1663 1755 1708 1824 qui
1730 1771 1779 1822 pro
1803 1771 1833 1810 eo
1852 1771 1881 1810 se
1898 1755 1944 1810 cb·

312 1819 351 1880 te
370 1821 450 1876 Inna
473 1823 542 1880 libro
569 1825 666 1892 quarto
693 1821 795 1876 decimo
827 1823 1013 1892 quaestionum
1057 1819 1086 1876 Si
1136 1823 1283 1892 ligaverunt
1304 1823 1347 1876 vel
1369 1823 1539 1892 magistratus
1565 1823 1611 1892 qui
1635 1837 1695 1876 eum
1717 1821 1859 1878 dedemnt:
1882 1829 1946 1878 tnnc

278 1891 396 1960 pupillus
414 1891 525 1946 alterum
543 1907 576 1944 ex
593 1889 725 1944 tutoribus
747 1897 809 1958 post
831 1891 998 1960 pubertatem
1019 1889 1085 1944 libe-
1136 1891 1159 1946 si
1177 1891 1290 1944 solidum
1305 1891 1424 1960 pupillus
1442 1891 1568 1960 consequi
1585 1907 1640 1944 non
1655 1891 1789 1960 potuerit,
1808 1891 1840 1944 de
1858 1891 1946 1948 officio

278 1963 372 2026 resset,
389 1959 510 2028 improbe
532 1959 644 2012 alterum
666 1957 736 2012 illius
759 1957 865 2012 nomine
888 1959 1028 2014 conabitur
1044 1959 1086 2012 in-
1137 1959 1284 2013 coutntoris
1297 1959 1486 2026 quaerendum,
1501 1975 1535 2012 an
1547 1963 1700 2026 suspectum
1709 1957 1800 2014 iacere
1818 1959 1945 2024 debuerit,

278 2027 425 2096 terpellare.
448 2029 570 2094 idemque
587 2025 702 2080 dicemus
719 2027 748 2080 in
766 2025 870 2082 duobus
887 2027 1085 2094 magistratibus
1136 2027 1292 2148 praesertim
1316 2041 1376 2080 cum
1406 2035 1560 2094 suspectum
1582 2041 1687 2094 qnoque
1712 2041 1773 2080 eum
1798 2029 1947 2094 postulasse

278 2095 398 2164 collegis,
426 2111 539 2164 quorum
557 2095 687 2148 atterunt
704 2111 747 2150 rea
764 2095 872 2164 publica
890 2095 1019 2150 convenit.
1038 2095 1086 2148 sed
1154 2095 1249 2150 icatur.
1269 2095 1452 2164 aliasquidem
1470 2111 1530 2148 cum
1548 2095 1717 2162 magistratus
1734 2095 1824 2164 plures
1841 2099 1943 2148 tutores

278 2165 344 2230 liaeo
361 2165 390 2220 in
407 2161 605 2234 magistratibus
623 2163 767 2228 tractavi⁵,
794 2163 871 2232 quasi
888 2163 941 2218 duc
958 2163 997 2218 rei
1014 2163 1085 2218 eius·
1137 2163 1210 2228 daut,
1229 2179 1282 2218 non
1299 2163 1373 2232 prius
1392 2161 1427 2216 ad
1445 2179 1490 2218 eos
1507 2163 1604 2218 reverti
1621 2161 1737 2232 pupillus
1754 2167 1850 2230 potest,
1868 2178 1947 2232 quam

279 2233 337 2286 dem
355 2231 438 2288 debiti
456 2235 543 2286 essent
561 2231 726 2286 omnimodo:
750 2231 888 2300 qnodnon
902 2233 939 2284 ita
956 2237 1005 2286 est.
1023 2247 1086 2284 nam
1137 2247 1229 2286 omnes
1251 2237 1353 2286 tutores
1377 2231 1511 2286 excussi¹¹
1534 2231 1646 2286 fuerim:
1676 2231 1704 2284 in
1725 2231 1863 2298 proposito
1888 2247 1946 2286 cum

278 2301 301 2356 si
317 2305 429 2368 uterque
446 2299 558 2354 idoneus
577 2305 630 2362 est,
654 2299 747 2354 electio
769 2299 857 2352 locum
874 2299 1039 2354 nonhabet:
1063 2299 1086 2354 is
1136 2315 1206 2356 unus
1232 2315 1248 2354 a
1273 2299 1473 2370 magistratibus
1499 2299 1577 2354 datus
1602 2305 1810 2368 proponeretur,
1835 2305 1947 2354 nonest

279 2375 382 2434 autem,
407 2367 453 2436 qui
482 2369 618 2434 tempore⁰
644 2365 772 2420 liberatus
797 2373 849 2432 est,
871 2383 926 2422 non
948 2369 972 2421 ei
995 2367 1086 2422 similis
1136 2369 1221 2424 visum
1238 2369 1312 2438 prius
1331 2369 1460 2438 collegam
1484 2367 1703 2432 conveniendum,
1727 2367 1773 2436 qui
1796 2371 1823 2422 et
1838 2383 1946 2436 suspec-

279 2443 320 2490 est
333 2435 382 2554 ἓιιι
399 2435 465 2514 nihil
481 2433 571 2512 habet,
584 2433 637 2512 'sed
654 2435 678 2488 ei
695 2435 741 2504 qui
758 2435 900 2490 satisfecit:
919 2435 1000 2488 habet
1017 2437 1098 2498 enim¹
1136 2443 1194 2489 tum
1211 2437 1275 2518 lecit
1292 2443 1320 2492 ιι
1336 2441 1494 2518 testamento
1513 2437 1591 2490 datus
1609 2441 1658 2514 est,
1675 2435 1836 2514 perindeque
1846 2435 1947 2516 baben3

279 2521 351 2626 qudob
367 2503 632 2624 (ιιιιὲιῗιὶιιιξῗῐῖιῒηο
653 2583 845 2642 responsorum
879 2569 980 2624 Lucius
998 2569 1085 2624 Titius
1137 2503 1491 2626 Ξ1108ιξιιιξιῑ.10ε’ΤιιιιοοιιΕιιιιιη
1502 2503 1686 2626 ιὲιιὲῗιειιιξιω
1683 2503 1761 2626 &aa
1772 2503 1948 2626 Ἧῖιιῖιθὲιιῖῗιιι

278 2643 385 2692 curator
399 2637 459 2692 Gaii
474 2635 528 2692 Seii
544 2641 662 2706 tempore
679 2653 759 2692 curae
776 2635 889 2692 fundum
900 2637 1086 2692 Cornelianum
1137 2639 1233 2710 pupilli
1268 2641 1390 2694 ecuniam
1408 2641 1519 2710 exigere,
1537 2645 1568 2694 ut
1584 2641 1643 2720 ipsc
1658 2639 1715 2694 iure
1728 2639 1881 2704 liberentur,
1895 2657 1947 2694 non

277 2707 375 2760 locavit
396 2705 566 2776 Sempronio,
595 2707 640 2774 qui
662 2707 722 2762 Sem
742 2707 833 2760 rouius
860 2707 962 2774 reliqua
989 2707 1085 2760 traxit:
1138 2707 1219 2762 etiam
1244 2657 1344 2762 Sonare
1370 2707 1411 2764 vel
1438 2707 1517 2762 etiarn
1544 2707 1711 2762 deminuendi
1737 2723 1821 2762 causa
1838 2723 1899 2762 cum
1916 2709 1948 2762 iis

295 2773 394 2842 upillus
420 2779 508 2828 aetate
533 2773 646 2842 probata
672 2723 785 2830 cungem
803 2773 938 2844 quondam
962 2773 1087 2828 colonum
1138 2777 1296 2844 transigere:
1321 2781 1347 2830 ιι
1373 2777 1433 2830 ideo
1460 2791 1535 2840 eum,
1562 2775 1608 2844 qui
1625 2775 1710 2830 minua
1727 2775 1812 2830 tutori
1828 2775 1947 2842 solvite

277 2791 337 2896 Rem
356 2841 461 2896 renium
476 2839 541 2896 fecit
558 2849 771 2912 procuratorem:
795 2857 909 2912 quaero,
932 2857 966 2896 au
988 2857 1023 2896 ex
1046 2857 1086 2908 eo,
1137 2859 1175 2914 pn
1193 2845 1238 2900 illo
1256 2845 1284 2896 in
1300 2845 1432 2914 reliquum
1450 2845 1584 2898 conveniri
1599 2857 1689 2914 posse.

278 2859 355 2980 quodJ
365 2909 409 2964 ille
425 2915 456 2964 ιιι
473 2917 633 2980 procurator
649 2911 715 2980 egit,
740 2927 816 2968 omne
840 2911 958 2966 debitum
981 2911 1086 2966 adules-
1173 2859 1213 2970 ιι
1232 2911 1385 2968 Scravccr
1403 2911 1471 2968 libro
1488 2911 1606 2968 secuodo
1625 2927 1815 2984 responsorum
1850 2911 1947 2970 Titium

277 2993 339 3034 cens
366 2979 504 3048 agnovisse
529 2979 652 3034 videatur
683 2995 766 3048 eoque
797 2979 903 3034 nomine
937 2985 1088 3034 curatorem
1139 2987 1166 3034 et
1187 2981 1322 3034 Maevium
1345 2985 1448 3034 tutores
1472 2981 1530 3048 quis
1554 2979 1628 3034 dedit
1654 2987 1681 3034 et
1703 2981 1787 3034 cavit:
1817 2979 1949 3050 βούλομαι

277 3063 353 3102 suum
377 3049 542 3102 liberassetl.
578 3047 678 3102 Paulus
695 3049 898 3118 responditnon
917 3063 997 3112 exeo,
1016 3047 1088 3118 quod
1138 3055 1184 3100 καὶ
1198 3047 1461 3132 magnanimumque
1471 3047 1704 3120 12γίιιιιιιιιιμιτιὶ
1715 3051 1887 3116 ιῆιΜαιβιου
1901 3049 1949 3100 τοι

278 3115 385 3170 adultus
407 3131 479 3178 eum,
514 3115 548 3168 ui
564 3115 675 3184 praedia
698 3117 753 3170 eius
779 3117 869 3180 coluit,
887 3121 1088 3184 procuratorem
1139 3111 1257 3188 cidslqcoo
1278 3137 1331 3186 μου
1372 3115 1473 3184 votnm,
1499 3121 1544 3168 καὶ
1568 3113 1628 3180 δίχα
1652 3111 1734 3168 αὐτοῦ
1755 3115 1788 3168 τὸ
1805 3115 1948 3188 γινόμενοι

275 3183 375 3238 habere
392 3183 483 3250 voluit,
502 3133 627 3250 achitum,
646 3183 719 3254 quod
737 3201 769 3238 ex
779 3185 955 3238 conductione
971 3183 1087 3262 reliqua
1139 3181 1240 3258 ἄκυρον
1256 3187 1365 3238 atech
1385 3185 1472 3238 Titius
1489 3185 1563 3240 solus
1581 3199 1597 3238 a
1615 3185 1778 3238 debitoribus
1797 3187 1894 3254 exegit:
1915 3199 1947 3240 an

279 3255 290 3304 t
327 3257 450 3316 tuaest,
475 3251 632 3320 adgnovisse
653 3267 714 3306 eum
737 3253 826 3306 videri.
867 3251 1023 3320 Sempromr,
1043 3269 1089 3320 qm
1137 3253 1243 3308 liberati
1269 3253 1376 3308 essent?
1409 3253 1551 3322 respondi,
1583 3253 1606 3306 si
1638 3259 1665 3308 et
1695 3253 1947 3308 administrationem

277 3335 310 3374 ex
327 3319 519 3388 pollicitatione
536 3319 641 3376 debitor
657 3321 762 3390 patriae
775 3319 996 3384 suaeexstiterat,
1015 3319 1088 3374 bona
1142 3327 1152 3376 1
1188 3321 1294 3376 Maeuio
1319 3321 1448 3388 dedisset,
1472 3337 1527 3376 non
1551 3325 1625 3376 recte
1647 3320 1771 3376 solutum.
1808 3321 1947 3390 ‘Quantum

275 3403 318 3442 res
337 3387 445 3458 publiea
461 3387 536 3442 iussu
560 3389 690 3458 praesidis
712 3389 843 3460 possedit:
868 3403 981 3458 quorum
1001 3387 1086 3442 bono·
1139 3395 1237 3444 ‘autem
1254 3389 1308 3444 filio
1320 3405 1378 3444 mec
1391 3389 1516 3444 diurnum
1528 3389 1653 3456 sufficiat,
1664 3391 1771 3444 Mariua
1786 3395 1813 3446 ιι
1825 3391 1949 3442 Ianuaria

276 3473 335 3508 rum
351 3457 522 3524 magistratus
546 3457 585 3510 rei
606 3457 731 3526 publicae
753 3463 807 3512 tres
831 3461 969 3510 curatores
987 3457 1086 3510 ιοιιιιι-
1139 3459 1350 3514 ‘aestimabunt'r
1376 3473 1485 3526 quaero,
1504 3473 1539 3512 an
1557 3459 1675 3514 contenti
1699 3473 1758 3514 esse
1775 3457 1891 3514 debeant
1907 3463 1948 3512 tu-

275 3529 393 3588 tuerunt,
417 3523 462 3592 qui
485 3523 558 3592 apud
576 3523 693 3578 Graecos
711 3523 867 3592 ἐπιμεληταὶ
887 3529 1024 3588 vocantur,
1043 3523 1089 3592 qui
1139 3531 1212 3580 tores
1229 3525 1339 3580 arbitrio
1356 3525 1506 3580 mulierum.
1524 3527 1650 3594 respondi
1670 3533 1806 3596 sumptum
1821 3527 1885 3580 boni
1902 3523 1949 3580 viri

274 3595 371 3660 postea
387 3591 457 3644 inter
474 3607 504 3646 se
521 3593 578 3646 sine
589 3607 722 3646 consensu
731 3593 770 3646 rei
782 3591 906 3660 publicae
919 3591 1087 3646 administra·
1139 3599 1154 3648 2
1190 3595 1299 3648 arbitrio
1316 3593 1479 3648 faciendum.
1515 3595 1629 3650 Tutores
1652 3595 1708 3650 dati
1731 3593 1766 3648 ad
1782 3611 1826 3650 res
1842 3593 1949 3648 Italicas

276 3661 375 3712 donem
401 3659 531 3714 bonorum
560 3659 707 3730 Sempronii
734 3661 891 3714 diviserunt:
926 3675 959 3712 ιιι
990 3659 1088 3728 quibus
1139 3663 1316 3716 instrumenta
1332 3661 1434 3718 Romae
1451 3665 1654 3730 ιιιιιιιιιιιιιιι14
1679 3663 1828 3718 debitorum
1845 3661 1949 3732 provin·

277 3727 391 3796 quidam,
410 3741 471 3780 cnm
488 3727 590 3796 reliqua
608 3729 758 3792 traherent,
781 3727 870 3782 idonei
894 3727 923 3780 in
944 3727 1002 3798 ipso
1020 3733 1087 3782 tem·
1141 3729 1254 3796 cialium,
1273 3735 1304 3782 ut
1319 3731 1436 3800 pecunia
1458 3729 1560 3784 Romae
1586 3737 1634 3784 aut
1655 3733 1816 3800 ubicumque
1837 3731 1949 3810 petitum

275 3809 341 3916 phrore
358 3793 593 3850 administrationis
612 3811 671 3850 esse
689 3795 835 3850 desierunt:
859 3799 954 3864 postea
970 3794 1088 3864 pupillus
1138 3799 1220 3850 fuerit
1236 3799 1366 3852 solvatur:
1386 3813 1494 3866 quaero,
1511 3813 1668 3866 cumneque
1685 3799 1818 3852 debitores
1835 3799 1950 3852 initalia

296 3877 354 3918 eres
373 3863 534 3930 Sempronii,
554 3865 598 3930 qui
615 3865 755 3918 abstentus
773 3869 842 3928 erat,
866 3863 900 3916 ab
927 3863 1088 3932 imperatore
1139 3871 1228 3920 essent
1245 3881 1341 3934 ,neque
1367 3881 1458 3920 eorum
1483 3865 1607 3934 praedia,
1634 3879 1670 3920 an
1694 3865 1761 3920 haec
1789 3867 1892 3922 exacto
1917 3865 1949 3920 ad

276 3931 434 4000 impetravit,
449 3935 480 3984 ut
495 3931 567 3986 bona
584 3937 698 4000 paterna
708 3931 735 3986 ei
745 3931 960 3986 restituerentur:
979 3947 1086 4000 quaero,
1137 3933 1248 3988 Italicae
1265 3935 1305 3988 rei
1322 3937 1425 3988 tutores
1442 3933 1582 4002 pertineat.
1600 3935 1735 4004 respondi,
1748 3935 1771 3988 si
1783 3933 1948 4004 provincialis

276 4017 312 4054 an
330 4015 363 4054 ex
380 3998 457 4054 bonis
476 4015 576 4064 eorum,
595 3999 640 4068 qui
657 3999 746 4054 idonei
763 4007 834 4066 sunt,
851 3999 1020 4054 indemnitati
1037 4015 1086 4068 pu·
1139 4007 1293 4058 contractus
1313 4007 1397 4068 esset,
1421 4019 1475 4056 non
1492 4003 1638 4072 pertinere,
1656 4003 1789 4072 respicere
1810 4009 1900 4056 tamen
1918 3999 1949 4054 ad

275 4069 332 4138 pilli
356 4067 474 4138 prospici
501 4067 615 4132 debeat,
642 4083 702 4120 eum
723 4069 887 4122 individuum
910 4069 951 4120 bis
969 4067 1088 4122 officium
1139 4069 1258 4126 officium
1276 4087 1383 4136 eornm,
1406 4087 1442 4126 ne
1464 4069 1701 4126 instrumentorum
1718 4071 1869 4140 ignorantia
1886 4085 1948 4126 con-

277 4151 357 4190 eurae
375 4151 392 4188 a
409 4135 606 4204 magistratibus
624 4135 773 4188 iniunctum
791 4137 831 4190 sit.
860 4135 959 4190 Paulus
977 4151 1087 4204 respon·
1137 4143 1241 4192 nactus
1260 4153 1314 4204 ecs,
1333 4137 1368 4192 ad
1386 4153 1452 4208 quos
1471 4139 1664 4192 administratio
1679 4139 1831 4208 pertineret,
1847 4137 1948 4192 lateret.

276 4205 323 4270 dit,
342 4205 365 4258 ιι
382 4205 483 4274 pupillo
500 4205 528 4258 in
547 4209 684 4258 curatores
695 4205 825 4258 bonorum
845 4205 963 4258 ιιιιοιιιι
981 4205 1088 4258 decerni
1139 4213 1154 4260 3
1188 4207 1215 4260 A
1232 4211 1317 4260 matre
1341 4207 1420 4260 datus
1445 4211 1605 4260 testamento
1629 4211 1702 4260 tutor
1718 4221 1779 4260 cum
1797 4211 1906 4276 putaret
1923 4219 1949 4260 ιι

275 4273 414 4342 placuerit,
443 4289 491 4342 pro
515 4273 572 4326 eins
595 4271 717 4342 portione
725 4273 743 4336 ⁸,
767 4273 812 4342 qui
837 4273 948 4328 idoneus
972 4273 1087 4338 nonsit,
1138 4279 1255 4328 tutorem
1271 4289 1338 4340 esse,
1357 4273 1482 4328 distraxit
1499 4275 1570 4328 bona
1586 4279 1707 4328 materna
1729 4279 1756 4330 et
1772 4279 1885 4344 paterna
1901 4291 1947 4344 pu·

275 4341 445 4408 magistratus
464 4341 598 4402 conveniri
616 4345 751 4408 oportere:
777 4341 829 4394 alia
854 4341 923 4394 enim
946 4347 1089 4396 causaest
1139 4343 1262 4412 pillorum
1288 4347 1316 4396 et
1342 4341 1457 4396 decessit
1481 4357 1536 4396 nou
1561 4341 1702 4396 solvendo:
1736 4343 1889 4410 quaeritur,
1917 4357 1948 4396 an

275 4415 402 4474 tutorum,
421 4407 473 4462 alia
491 4423 591 4472 eorum,
610 4409 654 4477 qui
671 4407 709 4462 ιιι
725 4407 849 4476 publicae
873 4409 981 4476 negotia
1003 4407 1087 4462 admi·
1138 4411 1256 4480 pupillus
1272 4425 1315 4464 res
1333 4411 1418 4478 possit
1435 4411 1576 4464 vindicare.
1595 4409 1729 4478 respondi,
1748 4411 1892 4462 mmanent
1908 4423 1948 4464 ιιι

276 4481 291 4530 2
335 4477 457 4530 nistrant.
510 4475 654 4540 Tutorem,
689 4477 735 4544 qui
758 4477 899 4544 pecuniam
949 4477 1089 4556 upillarem
1139 4483 1155 4532 4
1188 4477 1290 4546 pupilli,
1307 4477 1437 4532 ιιιιιιιοιιι
1454 4479 1488 4532 ab
1507 4493 1539 4532 eo
1556 4491 1644 4546 posse.
1670 4477 1827 4532 Praefectus
1841 4477 1949 4546 legionis

276 4543 396 4614 quamvis
422 4559 470 4600 suc
497 4543 603 4598 nomine
628 4543 789 4608 faederavit,
815 4561 870 4598 non
892 4543 918 4598 vi
938 4561 976 4598 err
992 4549 1088 4600 contra
1138 4549 1176 4600 ita
1192 4551 1353 4600 testamento
1373 4547 1455 4614 cavit:
1475 4546 1553 4612 nolo,
1571 4549 1602 4600 ιιι
1619 4543 1692 4600 sitin
1707 4543 1817 4600 arbitrio
1832 4549 1947 4600 tutorum

277 4613 479 4668 constitutiones
497 4613 601 4676 fecisse,
620 4627 688 4680 quae
710 4611 852 4680 probibent
877 4613 1018 4682 pecuniam
1036 4629 1086 4680 pu·
1139 4615 1194 4667 ‘filii
1212 4615 1277 4678 mei,
1300 4615 1324 4666 si
1346 4615 1492 4678 voluerint,
1510 4613 1588 4668 huius
1607 4627 1725 4666 summae
1742 4613 1836 4668 uncias
1853 4613 1949 4668 inferre

278 4687 292 4736 3
327 4681 448 4750 pillarem
464 4681 492 4734 in
509 4695 574 4734 usus
592 4695 654 4734 sues
675 4685 835 4734 convertere.
866 4681 1019 4746 Quaesitum
1037 4687 1086 4744 est,
1139 4687 1290 4736 ‘usurarum
1314 4681 1421 4736 nomine
1451 4681 1507 4746 ita,
1538 4695 1573 4734 ne
1607 4681 1707 4734 nummi
1742 4681 1947 4750 dispergantur

276 4765 311 4802 an
330 4749 386 4804 eius
402 4749 547 4816 pecuniae,
575 4765 629 4816 qua
653 4755 728 4802 tutor
752 4763 816 4802 usus
835 4753 968 4816 est,=post
984 4747 1089 4804 finitam
1138 4765 1246 4818 quaere,
1265 4749 1288 4804 ιι
1305 4749 1461 4818 apparuerit
1477 4749 1591 4818 pecnnia
1608 4747 1748 4802 faenerato
1769 4763 1787 4802 a
1808 4747 1948 4812 tutoribus,

276 4831 383 4888 quoque
400 4817 511 4870 tutelam
527 4817 557 4870 in
575 4817 643 4870 diem
659 4815 750 4870 iudicii
767 4815 871 4884 accepti
893 4817 999 4870 easdem
1022 4830 1087 4870 usn·
1137 4817 1235 4872 iudicio
1253 4817 1353 4870 tutelae
1371 4819 1465 4872 uncias
1482 4831 1579 4872 usuras
1597 4831 1704 4870 anrerc
1722 4831 1768 4870 eas
1782 4831 1850 4886 quas
1867 4817 1901 4870 sti
1920 4835 1947 4872 u·

275 4903 320 4940 ras
343 4891 481 4954 praestare
505 4885 609 4938 debeat.
651 4885 753 4940 Paulus
778 4885 917 4954 respondit
940 4885 1017 4938 linita
1039 4885 1086 4938 ad·
1136 4887 1184 4940 lati
1204 4891 1266 4940 sunt
1282 4891 1422 4954 praestare
1448 4885 1571 4940 debeant.
1593 4885 1734 4954 respondi,
1758 4885 1782 4938 si
1805 4899 1887 4940 secun
1907 4899 1947 4940 um

275 4953 468 5008 ministratione
495 4969 541 5008 aas
565 4969 661 5008 usuras
685 4953 781 5008 debere
799 4953 955 5020 computari,
973 4967 1042 5022 quae
1058 4955 1088 5006 iu
1137 4955 1301 5008 voluntatem
1310 4951 1431 5008 defuncti
1439 4953 1581 5022 elegissent
1592 4967 1733 5008 usurarum
1742 4953 1946 5020 praestationem

275 5027 291 5076 4
325 5023 426 5076 tutelae
449 5021 548 5074 iudicio
575 5029 769 5090 computantur.
821 5021 923 5074 Paulus
947 5021 1087 5090 respondit
1137 5035 1224 5090 neque
1240 5021 1336 5090 pupilli
1352 5021 1459 5074 nomine
1483 5023 1512 5074 in
1533 5021 1630 5074 fasciis
1653 5019 1801 5086 dedissent,
1825 5019 1853 5074 id
1893 5035 1947 5074 rae·

274 5095 384 5158 propter
407 5105 453 5152 ea,
476 5103 546 5158 quae
568 5095 630 5158 post
650 5089 820 5158 pubertatem
836 5089 912 5140 nulla
927 5089 1087 5142 necessitate
1137 5095 1152 5142 5
1189 5091 1314 5152 staturffi,
1340 5089 1413 5158 quod
1436 5091 1551 5142 testator
1572 5087 1708 5142 uoluisset.
1747 5087 1848 5142 Lucius
1866 5037 1947 5142 lQitios

275 5163 399 5226 cogente,
425 5155 471 5212 sed
496 5171 528 5210 ex
551 5155 687 5210 voluntate
710 5173 761 5210 sua
785 5161 859 5208 tutor
884 5155 1086 5220 administravit,
1136 5161 1258 5210 mutuam
1275 5155 1416 5224 pecuniam
1434 5171 1452 5208 a
1468 5161 1557 5210 tutore
1575 5155 1680 5222 accepit
1697 5159 1723 5208 et
1746 5169 1802 5210 rem
1819 5155 1947 5212 heredita·

274 5225 463 5290 fideiussorem,
500 5225 528 5278 ui
552 5222 651 5278 saluam
673 5239 730 5278 rem
746 5223 805 5278 lore
822 5223 905 5290 cavit,
923 5239 978 5278 non
993 5223 1087 5278 teneri.
1136 5225 1206 5278 riam
1222 5223 1326 5292 pignori
1343 5223 1368 5278 ei
1385 5221 1472 5278 dedit:
1496 5229 1559 5292 post
1575 5223 1719 5278 triennium
1735 5223 1790 5276 iam
1807 5223 1947 5294 puberibus

274 5297 289 5344 t
326 5293 437 5348 Tutelae
458 5293 486 5346 iu
507 5293 557 5346 'cio
575 5297 648 5346 tutor
666 5297 811 5346 conventus
830 5291 912 5346 edidit
927 5293 1026 5344 librum
1042 5305 1086 5344 ra·
1138 5291 1190 5356 his,
1208 5307 1322 5362 quorum
1339 5293 1422 5346 tutela
1441 5291 1628 5346 administrata
1653 5294 1707 5356 est,
1731 5291 1799 5346 lisca
1817 5293 1887 5346 bona
1905 5291 1947 5346 de·

274 5359 378 5416 tionum
395 5367 422 5416 et
439 5361 585 5416 secundum
603 5377 663 5414 enm
679 5361 869 5416 condemnatus
883 5359 973 5416 solvit:
991 5365 1088 5430 postea
1138 5359 1226 5414 functi
1241 5359 1397 5414 ιιιιιιιιιιιιι
1414 5365 1491 5426 sunt,
1517 5359 1581 5428 quia
1598 5365 1710 5414 mortem
1727 5359 1785 5414 eins
1801 5359 1880 5416 heres
1898 5373 1947 5416 non

273 5429 353 5482 ιιιιιιΒ
378 5443 396 5482 a
413 5429 577 5484 debitoribus
600 5429 728 5498 paternis,
752 5443 864 5498 quorum
887 5429 995 5482 nomina
1016 5427 1086 5482 libro
1139 5431 1180 5482 est
1196 5427 1282 5482 ultus:
1310 5427 1455 5496 quaeritur,
1474 5441 1510 5480 an
1526 5429 1555 5482 id
1571 5443 1668 5482 nomen
1685 5427 1803 5496 pupillus
1825 5439 1949 5484 recusare

273 5601 303 5664 (1)
322 5595 472 5648 efficeretur.
567 5601 600 5664 (t)
625 5601 706 5650 solvat
720 5601 783 5652 Hal.
869 5601 903 5666 (3)
921 5599 1049 5650 tutoribus
1063 5599 1091 5650 F
1137 5593 1229 5648 πάντα
1237 5599 1299 5650 Har.
1405 5599 1449 5664 (ta)
1466 5599 1553 5650 idest:
1570 5599 1874 5666 voloetrogo,ntomnia
1889 5599 1947 5650 flunt

274 5671 307 5732 (r)
326 5665 432 5728 dimisit,
442 5665 549 5718 alterum
558 5671 603 5720 ios.
674 5671 705 5732 (s)
726 5673 897 5720 tractantem.
972 5671 1005 5734 (t)
1024 5671 1086 5716 tem·
1139 5665 1263 5716 exiratris
1280 5667 1433 5718 maillaevii
1446 5669 1582 5734 sententia,
1601 5671 1627 5718 et
1643 5671 1768 5734 quidquid
1785 5671 1840 5720 sine
1853 5685 1881 5718 eo
1900 5669 1947 5728 liet,

275 5737 499 5800 pure]spontescr.
569 5739 602 5800 (1)
620 5737 740 5790 liberasse
749 5755 796 5788 scr.
866 5739 900 5800 (a)
917 5737 1093 5800 portionemF
1139 5739 1267 5786 ratumne
1280 5733 1315 5786 sit
1385 5737 1429 5802 (rt)
1447 5737 1660 5800 repperierunt?
1730 5741 1948 5806 (rs)praestaturos

273 5805 309 5866 (a)
329 5803 474 5856 cumomF
539 5805 582 5867 (111)
602 5807 717 5856 etiosF
783 5809 822 5868 (111
842 5805 990 5854 exeusatiF
1043 5807 1086 5870 (ιιι
1145 5803 1282 5856 Gronovius
