4376 6258
259 375 420 434 samniam
1067 347 1123 420 llo
1794 351 1888 416 VHH
1910 357 1929 418 2

257 537 334 594 modo
352 537 403 592 nisi
419 537 548 606 praecisis
564 537 672 590 iuribus
691 537 823 606 explicare
841 551 870 592 se
887 537 990 606 potuit,
1007 537 1066 590 nul·
1119 541 1209 588 autem
1226 549 1297 600 esse,
1316 537 1387 604 quod
1406 555 1466 594 cum
1484 555 1500 594 a
1518 537 1640 594 diiioente
1657 533 1788 612 provideri
1804 535 1929 604 poterit⁷,

256 609 309 660 lam
332 607 464 660 actionem
489 603 612 658 dandam.
638 603 761 674 idemque
776 603 869 660 Labeo
893 609 920 660 et
935 603 1067 658 Proculus
1118 617 1173 656 non
1190 607 1261 656 61111
1277 603 1412 672 provisum
1428 611 1476 660 aut
1493 579 1750 660 tundamentum
1768 609 1846 668 essct,
1865 619 1927 658 cum

257 683 283 728 et
300 673 373 726 circa
389 675 456 726 retia
473 673 644 744 piscatorum,
661 671 690 726 in
707 687 776 742 quae
793 673 868 726 naris
885 673 1066 740 piscatorum¹
1117 669 1263 738 periculum
1280 669 1373 726 eumn
1389 687 1444 726 nou
1460 675 1552 742 possit.
1584 669 1731 728 secundum
1748 687 1827 738 quam
1844 673 1928 726 ratio·

255 739 398 804 inciderat,
423 741 595 794 aestimarunt
603 741 621 792 ².
647 741 727 808 plane
744 741 767 794 si
785 741 865 808 culpa
881 745 1024 792 nautarum
1040 741 1068 794 id
1118 753 1178 792 nem
1194 753 1251 792 uon
1266 737 1379 792 multum
1395 737 1492 806 refert,
1508 759 1557 810 per
1572 741 1707 812 publicum
1724 753 1759 792 an
1775 753 1824 806 per
1840 739 1929 808 prire-

255 811 358 862 taetum
375 813 459 870 esset,
483 807 541 876 lege
557 807 665 876 Aquilia
682 807 821 876 agendum.
850 805 897 860 sed
913 807 960 860 ubi
978 807 1068 862 damni
1117 811 1175 860 tum
1188 807 1240 860 iter
1253 807 1337 870 fieret,
1353 821 1414 860 cum
1446 807 1582 876 lorumque
1595 825 1644 880 per
1657 807 1761 878 privata
1774 807 1835 860 loca
1849 807 1928 876 vulgo

256 873 351 930 iniuria
369 875 456 942 agitur
473 875 508 928 oh
526 875 608 940 retia,
631 891 686 930 non
702 875 829 944 piscium,
856 873 900 942 qui
917 873 977 926 ideo
996 877 1068 944 capti
1118 875 1169 928 iter
1185 873 1241 928 fiat.
1269 873 1340 942 quod
1357 873 1380 928 si
1397 891 1415 926 u
1454 891 1499 928 um
1514 875 1565 930 iter
1588 879 1651 942 erit,
1676 877 1766 930 dohun
1790 875 1929 930 dumtaxat

256 959 309 996 nou
327 947 404 1006 suut,
427 943 485 996 tieri
507 943 730 1008 aestimationem,
755 957 815 996 cum
831 941 961 996 incertum
978 941 1066 1006 fuant,
1118 947 1255 1008 praestare
1272 943 1362 1008 debet,
1386 957 1421 996 ne
1436 941 1561 996 immittat
1583 945 1611 998 in
1635 963 1707 1008 eum,
1751 959 1812 998 uem
1834 945 1929 998 viderit

257 1027 291 1062 au
309 1017 475 1078 caperentur.
502 1011 624 1078 idemque
641 1015 668 1062 et
685 1011 713 1062 iu
729 1009 900 1062 venatoribus
918 1013 945 1062 et
967 1009 996 1060 in
1019 1023 1066 1062 au-
1118 1017 1314 1064 transeuntem:
1340 1025 1402 1064 nam
1429 1009 1509 1078 culpa
1532 1011 1565 1062 ab
1590 1029 1620 1068 eo
1645 963 1774 1082 exigenda
1799 1029 1853 1066 non
1879 1017 1928 1076 est,

256 1083 271 1130 1
306 1077 420 1146 cupibus
443 1077 618 1146 probandum.
653 1077 682 1130 Si
704 1077 780 1128 uaris
797 1075 909 1130 alteram
927 1081 1022 1128 contra
1038 1093 1068 1132 se
1118 1095 1179 1132 cum
1197 1077 1314 1132 (11111111
1330 1093 1385 1132 non
1401 1077 1527 1146 potuerit,
1545 1093 1580 1128 an
1594 1095 1643 1146 per
1658 1095 1717 1134 eum
1731 1085 1818 1136 locum
1832 1079 1928 1150 aliquis

255 1143 402 1200 venientem
419 1145 560 1210 obruisset,
578 1143 670 1198 autin
686 1143 891 1212 gubernatorem
908 1149 957 1196 aut
972 1143 1002 1194 in
1018 1143 1066 1200 du·
1118 1145 1278 1200 transiturus
1296 1147 1338 1200 sit.
1933 1197 1934 1200 ,

256 1217 375 1266 catonem
392 1213 522 1266 actionem
540 1215 691 1280 competere
715 1209 804 1264 damni
827 1209 938 1264 immine
954 1209 1067 1266 Alienus
1152 1209 1192 1270 32
1221 1213 1314 1268 Gerus
1333 1213 1401 1268 libro
1424 1215 1536 1284 septimo
1562 1209 1599 1266 ud
1624 1215 1737 1272 edictum
1758 1215 1929 1290 provinciale

257 1281 307 1332 ait:
332 1281 379 1334 sed
402 1279 426 1334 si
446 1285 523 1334 tanta
545 1281 585 1334 vis
602 1281 663 1332 nari
679 1279 753 1332 faeta
770 1279 819 1344 sit,
856 1293 908 1332 uae
924 1281 1067 1348 temperari
1118 1281 1187 1334 Illud
1204 1281 1352 1350 quaesitum
1370 1287 1425 1346 est,
1444 1295 1478 1334 an
1496 1279 1567 1350 quod
1583 1285 1728 1348 proconsul
1744 1287 1773 1338 in
1789 1285 1860 1340 furto
1880 1285 1928 1338 ob-

255 1363 309 1400 uon
331 1347 431 1416 potuit,
455 1347 555 1402 nullam
579 1347 607 1400 iu
630 1347 764 1400 domiuum
788 1295 902 1400 dandam
920 1347 1065 1404 actionem:
1118 1355 1206 1404 serrat
1228 1349 1300 1418 quod
1323 1365 1340 1404 a
1361 1347 1462 1404 familia
1484 1349 1587 1404 tactum
1610 1347 1645 1400 sit
1670 1349 1706 1410 (id
1724 1359 1764 1408 est
1781 1360 1812 1408 ut
1828 1369 1882 1408 uon
1899 1353 1928 1406 iu

255 1415 295 1468 sin
313 1421 402 1470 autem
419 1415 498 1484 culpa
515 1419 657 1470 nautarum
674 1417 702 1470 id
718 1415 821 1470 iactum
839 1415 881 1482 sit,
899 1419 966 1482 puto
983 1417 1066 1482 Aqui·
1118 1417 1235 1486 sinodos
1260 1417 1338 1470 detur
1360 1431 1463 1486 poenae
1485 1415 1650 1486 persecutio,
1674 1419 1721 1472 sed
1744 1419 1880 1476 sufficeret
1901 1419 1929 1476 id

256 1487 270 1534 5
305 1481 356 1536 liae
374 1481 503 1538 sufficere.
539 1485 567 1536 Si
584 1483 675 1536 funem
692 1483 765 1552 quis,
789 1499 841 1564 quo
864 1485 975 1552 religata
992 1485 1067 1540 111111
1136 1485 1257 1550 raestari,
1275 1485 1346 1554 quod
1382 1485 1551 1540 raertandum
1568 1483 1645 1562 foret,
1664 1485 1686 1536 si
1700 1485 1728 1540 id
1742 1485 1843 1542 furtum
1858 1505 1929 1542 unus

256 1555 320 1614 erat,
338 1551 505 1620 praeciderit,
523 1551 555 1604 de
573 1565 640 1604 nare
654 1567 723 1618 quae
736 1551 816 1672 uerirt
829 1551 858 1602 in
870 1551 973 1604 iactum
987 1567 1066 1620 agen-
1117 1503 1185 1606 iber
1206 1553 1339 1618 iecisset),
1362 1503 1459 1606 debeat
1483 1557 1509 1608 et
1532 1551 1560 1604 in
1583 1557 1688 1632 achone
1711 1555 1800 1608 damni
1816 1555 1929 1610 iniuriae

256 1623 271 1670 6
306 1617 377 1674 dum.
412 1619 471 1672 Hac
496 1621 601 1672 audone
624 1635 657 1672 ex
674 1619 725 1672 hoc
754 1619 807 1686 egis
826 1619 914 1686 capite
931 1619 964 1674 de
981 1623 1066 1674 omni·
1118 1621 1260 1674 observari.
1288 1621 1335 1674 sed
1351 1623 1434 1688 mogh
1451 1621 1536 1674 risum
1554 1623 1595 1674 est
1611 1619 1680 1672 rdcm
1704 1635 1761 1674 esse
1784 1623 1928 1678 observan-

254 1685 305 1738 bus
323 1687 480 1740 animalibus
497 1685 585 1750 laesis,
605 1703 673 1756 quae
690 1689 807 1756 pecudes
824 1703 879 1740 non
896 1691 968 1752 sunt,
986 1701 1066 1756 agen·
1118 1687 1188 1752 dum,
1208 1695 1234 1742 et
1251 1689 1358 1742 merito:
1379 1703 1439 1742 oum
1457 1689 1525 1742 enim
1544 1689 1614 1740 cuca
1630 1687 1696 1740 furti
1714 1689 1844 1742 cabonem
1861 1693 1928 1746 baec

255 1753 319 1806 dum
336 1761 384 1818 est,
402 1759 433 1806 nt
449 1755 533 1822 puta³
551 1755 583 1808 de
602 1771 680 1808 cane:
699 1755 747 1808 sed
764 1759 791 1810 et
809 1755 843 1808 do
859 1771 924 1824 apro
944 1759 973 1808 et
989 1755 1068 1812 leone
1117 1757 1186 1812 ratio
1210 1755 1258 1820 sit,
1284 1771 1319 1810 ne
1346 1771 1379 1810 ex
1400 1771 1455 1810 uno
1479 1755 1574 1810 deiieto
1598 1759 1656 1808 tota
1682 1755 1782 1808 familia
1807 1755 1928 1812 dominus

255 1823 269 1870 1
305 1821 453 1890 ceterisque
467 1821 529 1876 feris
545 1829 571 1876 et
587 1823 679 1876 ambus
695 1823 982 1878 idemeritdicendum.
1007 1823 1067 1878 Ma·
1118 1829 1209 1878 careat
1226 1839 1311 1892 eaque
1327 1823 1395 1878 ratio
1415 1825 1534 1878 similiter
1551 1827 1578 1876 et
1594 1821 1623 1876 in
1640 1823 1771 1876 actionem
1785 1821 1874 1878 damni
1887 1825 1928 1878 iu-

254 1887 381 1956 gistratus
407 1891 594 1960 municipaleS,
621 1893 642 1944 si
667 1891 792 1944 damnum
818 1891 915 1944 iniuria
938 1889 1066 1958 dederint,
1117 1891 1201 1944 iuriae
1217 1891 1383 1956 interveniat,
1402 1893 1529 1960 sequitur,
1547 1894 1578 1944 ut
1590 1889 1661 1944 idem
1675 1891 1771 1946 debeat
1785 1891 1928 1958 aestimari,

254 1973 333 2024 posse
352 1959 457 2026 Aquilia
473 1959 584 2012 cenent.
612 1975 674 2012 nam
698 1965 725 2012 ct
748 1975 810 2014 oum
833 1959 948 2028 pecudes
971 1959 1067 2028 aliquis
1117 1959 1273 2028 praesertim
1297 1975 1357 2014 eum
1379 1959 1513 2014 interdum
1535 1959 1616 2012 levior
1638 1959 1674 2012 sit
1695 1959 1762 2014 haec
1781 1975 1863 2014 causa
1880 1959 1926 2014 de-

254 2025 356 2092 pignori
374 2027 487 2094 cepisset
505 2031 531 2080 et
548 2025 618 2080 farne
635 2041 681 2080 eas
698 2027 854 2092 necavisset,
872 2027 935 2080 dum
948 2043 1004 2082 uon
1017 2037 1065 2094 pa·
1116 2027 1187 2090 dicti,
1211 2027 1294 2082 veluti
1316 2027 1340 2082 si
1364 2027 1443 2094 culpa
1466 2031 1494 2080 et
1516 2043 1571 2080 non
1588 2025 1648 2080 dolo
1667 2027 1791 2082 damnum
1809 2025 1926 2082 daretur.

254 2091 320 2144 titur
336 2099 363 2146 te
380 2093 417 2146 eis
436 2093 537 2148 cibaria
560 2093 679 2158 adferre,
702 2093 730 2146 iu
754 2093 858 2148 iactum
881 2095 951 2148 actio
977 2093 1067 2148 danda
1118 2099 1131 2148 1
1168 2093 1392 2148 Siidcmeundem
1407 2109 1512 2148 servum
1526 2093 1708 2158 ndncrarerit,
1725 2099 1820 2164 postea
1834 2093 1929 2152 nunde

254 2165 301 2212 est.
335 2159 398 2214 item
420 2161 443 2214 si
466 2161 528 2214 dum
551 2167 630 2228 putat
652 2175 681 2214 se
705 2175 738 2214 ex
759 2161 817 2230 lege
841 2175 936 2230 capere
960 2161 1065 2230 pignus,
1118 2163 1197 2214 etiarn
1221 2161 1361 2226 occiderit,
1385 2163 1520 2216 tenebitur
1538 2165 1564 2214 et
1582 2161 1768 2216 derulnerato
1787 2161 1863 2214 etde
1881 2175 1926 2214 oc-

254 2241 306 2280 non
325 2227 433 2296 exlege
450 2229 551 2296 ceperit
566 2233 593 2280 et
605 2245 648 2284 res
662 2229 740 2282 tritas
756 2233 948 2298 corruptasque
962 2227 1065 2294 reddat,
1118 2229 1185 2284 cbo:
1205 2229 1257 2282 duo
1277 2229 1345 2282 enim
1362 2235 1426 2282 sunt
1443 2229 1546 2282 dehcta.
1574 2229 1651 2280 aliter
1667 2235 1747 2299 atque
1762 2229 1858 2310 siquis
1873 2243 1928 2282 uuo

254 2293 351 2348 dicitur
374 2295 458 2364 legem
475 2295 608 2364 Aquiliam
629 2295 718 2352 locum
742 2295 857 2350 habere:
882 2295 954 2364 quod
977 2295 1065 2352 dicem
1115 2297 1218 2366 impetu
1241 2297 1362 2366 pluribus
1386 2297 1539 2350 uolneribus
1563 2295 1676 2364 aliquem
1699 2295 1838 2352 occiderit:
1863 2303 1929 2350 tunc

254 2361 316 2414 dum
334 2367 375 2418 est
392 2369 419 2418 et
442 2363 464 2418 si
487 2379 520 2418 ex
542 2363 599 2432 lege
619 2365 715 2434 pignus
740 2365 817 2432 cepit.
845 2363 869 2418 si
890 2363 954 2430 quid
977 2371 1067 2420 tamen
1117 2365 1187 2418 enirn
1202 2379 1257 2420 una
1275 2365 1325 2418 erit
1341 2365 1412 2418 nodo
1430 2363 1463 2420 de
1481 2365 1578 2420 occiso.

254 2431 425 2498 magistratus
453 2431 580 2486 adversus
606 2433 773 2484 resistentem
798 2431 937 2486 violentius
964 2433 1065 2498 lecerit,
1151 2429 1212 2490 33⁸
1228 2433 1347 2488 Proteo
1367 2433 1436 2486 libro
1459 2433 1577 2488 recurrito
1601 2431 1639 2486 cd
1653 2431 1792 2488 Placitum
1826 2433 1855 2488 Si
1872 2447 1928 2486 ser-

255 2513 309 2550 nou
326 2499 460 2552 tenebitur
477 2499 596 2568 Aquiliae
620 2515 681 2552 nam
705 2505 733 2552 et
757 2515 817 2552 curn
841 2499 943 2568 pignori
961 2515 1065 2554 serrum
1115 2517 1177 2554 rum
1192 2517 1278 2554 meum
1292 2499 1421 2564 occidisti,
1436 2515 1492 2554 non
1508 2499 1661 2554 affectiones
1677 2501 1854 2556 aesdmandas
1871 2515 1929 2554 esse

254 2565 380 2688 iiiiii
394 2567 497 2688 isit
515 2565 1065 2700 ⁸⁶⁶addititiadiiaadiiuruiidi
1116 2567 1929 2690 11111111ῐὶ111“1111111““11Ἣ111111111

253 2697 321 2764 iuit’,
344 2701 395 2754 etsi
417 2717 471 2754 uon
488 2651 589 2754 iniens
606 2701 738 2770 plurimi,
762 2701 801 2754 sie
824 2707 915 2754 tamen
937 2651 996 2758 Esse
1019 2717 1064 2758 ac·
1115 2651 1222 2758 (deleret.
1258 2649 1354 2756 &ugus
1373 2651 1477 2782 quoique
1494 2675 1647 2758 Pedius'ait
1664 2651 1749 2772 prilla
1766 2719 1855 2758 rerum
1873 2719 1927 2760 nou

254 2767 377 2834 cipieuda
395 2777 507 2822 constat.
1117 2785 1149 2822 er
1167 2769 1307 2826 affectione
1325 2785 1374 2824 nec
1397 2771 1512 2824 utrlitate
1535 2771 1576 2826 sin
1613 2773 1715 2838 lorum,
1739 2771 1787 2826 sed
1810 2787 1926 2828 commu

287 2831 327 2892 30
351 2835 471 2892 Pennus
494 2837 561 2892 libro
584 2837 726 2892 vicensimo
748 2837 867 2892 secundo
890 2835 928 2892 ud
950 2835 1065 2892 ertatem
1116 2837 1185 2892 niter
1202 2837 1290 2906 fang:
1313 2837 1404 2906 itaque
1421 2855 1494 2904 eum,
1513 2841 1558 2908 qui
1604 2841 1658 2894 'um
1676 2841 1825 2894 naturalem
1841 2839 1926 2910 possi·

254 2903 305 2968 oui
323 2903 421 2958 occidit
438 2903 589 2958 adulterum
607 2905 801 2972 deprehensum
819 2919 924 2958 servum
941 2903 1064 2970 alienum,
1117 2905 1176 2970 det,
1200 2921 1255 2958 non
1273 2921 1303 2960 eo
1321 2905 1520 2974 locupletiorem
1538 2923 1609 2972 essa,
1650 2905 1704 2960 uod
1727 2923 1788 2962 eum
1804 2907 1926 2976 plurimo,

255 2975 265 3022 1
302 2971 354 3024 hac
377 2973 435 3040 lege
459 2989 513 3024 non
534 2972 675 3026 tenebitur.
710 2973 819 3040 Pignori
836 2971 915 3024 datus
932 2985 1024 3026 servus
1043 2975 1065 3026 si
1117 2973 1139 3024 si
1157 2973 1224 3026 alius
1241 2973 1401 3042 possideret,
1425 2973 1610 3042 redempturus
1627 2925 1692 3038 lauit,
1710 2991 1759 3030 nec
1776 2973 1865 3040 illum,
1884 2975 1929 3044 qui

254 3039 359 3092 cccmus
377 3039 420 3104 sit,
438 3039 551 3092 debitori
568 3039 638 3092 actio
657 3039 791 3106 competit.
816 3039 864 3092 sed
881 3055 917 3092 an
935 3045 961 3090 et
980 3039 1065 3092 eredi-
1116 3039 1198 3092 filiurn
1216 3041 1331 3094 alienum
1346 3039 1491 3108 possideat,
1508 3045 1612 3094 tanturn
1629 3043 1737 3108 habere,
1755 3041 1849 3110 quanti
1867 3057 1928 3096 eum

253 3105 305 3158 tort
323 3105 413 3160 danda
430 3107 465 3160 sit
482 3107 561 3172 utilis,
580 3107 642 3174 quia
659 3111 748 3174 polest
765 3105 894 3160 interesse
911 3107 975 3170 eius,
995 3109 1065 3174 quod
1115 3107 1185 3174 patri
1207 3107 1320 3162 vendere
1342 3117 1440 3174 posset.
1467 3109 1496 3162 in
1518 3109 1575 3174 lege
1593 3111 1662 3162 enim
1679 3111 1704 3162 A
1722 3111 1787 3162 uilia
1804 3111 1930 3164 damnum

253 3173 357 3228 debitor
374 3173 498 3228 solvendo
517 3189 572 3228 nou
585 3173 620 3228 sit
633 3179 681 3226 ant
695 3173 766 3240 quod
779 3173 853 3228 litem
866 3179 920 3228 tem
939 3189 986 3228 ore
1000 3177 1065 3228 ami·
1117 3175 1315 3242 consequimur:
1335 3179 1361 3228 et
1375 3175 1494 3228 amisisse
1508 3175 1633 3240 dicemur,
1670 3129 1725 3232 uod
1741 3183 1788 3230 aut
1803 3179 1930 3246 consequi

253 3239 301 3306 sit,
328 3243 473 3310 quaeritur.
506 3241 554 3294 sed
576 3241 639 3294 hic⁵
661 3241 779 3308 iniquum
806 3247 847 3294 est
870 3249 897 3294 et
914 3191 1020 3294 domino
1040 3249 1066 3294 et
1118 3249 1128 3294 1
1166 3243 1301 3310 potuimus
1319 3249 1367 3296 aut
1384 3257 1491 3310 erogare
1509 3243 1633 3310 cogimur.
1682 3261 1700 3296 n
1718 3245 1835 3308 daumio,
1860 3261 1930 3312 quae

254 3309 378 3362 creditori
395 3323 455 3362 eum
471 3309 564 3362 teneri.
591 3309 642 3360 uisi
659 3309 681 3360 si
698 3309 758 3376 quis
775 3309 908 3376 putaverit
925 3309 1065 3360 nullamin
1115 3311 1172 3376 lege
1188 3309 1214 3360 A
1232 3309 1295 3364 uilia
1313 3327 1366 3364 nou
1383 3315 1516 3372 tenentur,
1534 3309 1562 3362 in
1578 3309 1680 3364 iactum
1697 3311 1778 3366 datur
1795 3311 1875 3366 actio.

253 3391 284 3428 ea
301 3391 331 3430 re
355 3375 501 3430 debitorem
523 3375 646 3428 iniuriam
668 3391 825 3444 passurum,
851 3391 910 3430 cum
932 3375 1018 3444 prosit
1042 3375 1065 3428 ei
1150 3373 1191 3432 34
1239 3393 1389 3432 recurres
1407 3377 1475 3432 libro
1499 3379 1639 3432 cromano
1651 3381 1744 3448 primo
1763 3381 1794 3434 etc'
1811 3385 1929 3434 osterum

252 3441 287 3498 ad
305 3443 387 3498 debiti
404 3445 588 3512 quantitatem,
608 3449 634 3498 et
658 3443 729 3510 quod
747 3443 782 3496 sit
805 3443 918 3510 amphus
937 3459 1064 3498 consecu-
1117 3443 1187 3498 Titio
1204 3449 1231 3498 et
1247 3443 1305 3498 Seio
1322 3445 1442 3498 Stichum
1454 3443 1563 3514 legavit:
1582 3445 1764 3504 deliberante⁹
1799 3447 1848 3512 oio,
1868 3463 1928 3500 cunr

251 3519 328 3564 turus
347 3513 381 3566 sit
398 3513 432 3564 ab
451 3527 490 3576 eo,
508 3511 549 3564 rel
567 3510 600 3564 ab
618 3511 693 3564 initio
710 3509 738 3564 in
755 3509 790 3576 id,
810 3509 882 3578 quod
899 3509 1013 3578 amplius
1031 3513 1066 3564 sit
1116 3513 1203 3564 Titius
1211 3511 1371 3566 dedicasset
1379 3513 1503 3582 legatum,
1520 3513 1626 3568 Stichus
1642 3515 1747 3570 occisus
1763 3521 1816 3570 estc
1832 3515 1929 3570 deinde

252 3593 333 3648 quam
349 3579 378 3632 in
395 3579 498 3642 debito,
517 3579 630 3630 debitori
648 3579 764 3632 dandam
782 3577 927 3632 actionem:
953 3583 981 3630 et
1004 3579 1064 3632 ideo
1116 3579 1192 3634 Seius
1210 3579 1357 3648 repudiavit
1374 3579 1499 3648 legatum.
1525 3581 1635 3648 perinde
1653 3581 1740 3636 Titius
1763 3597 1842 3652 agere
1864 3599 1927 3652 pos·

251 3649 278 3700 in
302 3645 344 3698 his
370 3645 490 3710 casibus,
513 3645 541 3700 iu
566 3645 661 3714 quibus
687 3645 812 3700 creditori
830 3645 919 3698 danda
936 3651 978 3698 est
994 3647 1063 3700 actio
1115 3649 1158 3710 sit,
1178 3663 1211 3700 ac
1229 3649 1252 3702 si
1269 3647 1320 3702 soli
1335 3647 1438 3716 legatus
1457 3653 1535 3714 esset,

251 3719 363 3782 propter
378 3715 496 3782 inopiam
513 3713 639 3768 debitoris
656 3715 698 3768 vel
715 3713 786 3782 quod
803 3713 875 3766 litem
893 3713 989 3778 amisit,
1007 3729 1064 3768 cre·
1150 3711 1188 3772 35
1214 3715 1358 3770 Uarianos
1370 3717 1438 3770 libro
1448 3719 1542 3768 oetaeo
1556 3717 1658 3770 decimo
1672 3715 1710 3768 ed
1722 3717 1839 3774 edictum
1864 3719 1926 3786 quia

252 3781 322 3836 ditor
344 3783 450 3852 quidem
473 3799 558 3850 usque
575 3781 610 3834 ad
627 3781 735 3836 modum
752 3779 834 3834 debiti
852 3781 963 3834 babebit
979 3781 1063 3850 Aqui·
1115 3789 1187 3838 retro
1206 3783 1355 3840 adcrevisse
1372 3783 1517 3840 dominium
1535 3783 1559 3836 ei
1574 3783 1680 3838 ridetur
1690 3785 1723 3840 ¹⁰:

251 3851 302 3904 liae
316 3851 456 3914 actionem,
474 3855 505 3902 ut
519 3849 606 3918 prosit
618 3849 670 3904 hoc
685 3849 804 3916 debitori,
822 3849 873 3918 ipsi
888 3855 978 3904 autem
992 3849 1064 3904 debi·
1150 3849 1190 3910 36
1208 3849 1387 3906 Menoeceus
1406 3851 1475 3906 libro
1499 3851 1640 3906 otcennmo
1652 3853 1745 3922 primo
1763 3853 1928 3924 clipeatorum

251 3917 302 3972 tori
325 3917 354 3972 in
377 3919 405 3972 id
429 3917 500 3986 quod
524 3919 642 3972 debitum
666 3917 768 3972 excedit
792 3917 920 3986 competit
941 3917 1065 3986 Aquiliae
1115 3937 1177 3974 nam
1202 3921 1271 3974 sieut
1294 3921 1451 3988 repudiante
1474 3919 1601 3990 legatario
1626 3921 1741 3988 legatum
1763 3921 1868 3976 heredis
1887 3929 1929 3978 est

251 3991 266 4038 2
302 3987 381 4040 actio.
418 3985 520 4054 Siquis
535 3987 650 4038 alienum
664 3987 753 4038 unum
767 3985 809 4038 vel
822 3985 986 4038 frumentum
1001 4001 1064 4040 oon·
1116 3989 1186 4042 aedo
1205 3985 1314 4056 perinde
1331 4003 1363 4040 ac
1382 3987 1404 4042 si
1421 3987 1524 4056 legatus
1541 4005 1596 4042 non
1615 3995 1692 4054 esset,
1709 3991 1748 4044 ita
1764 3989 1927 4044 huius-'actio

251 4053 408 4120 sumpserit,
426 4069 480 4106 non
499 4053 603 4108 videtur
619 4053 744 4108 damnum
760 4053 857 4106 iniuria
874 4053 937 4106 dare
953 4053 1065 4122 ideoque
1120 4059 1129 4108 l
1167 4063 1207 4110 est
1225 4055 1297 4110 acsi
1315 4055 1484 4124 solilegatus
1502 4061 1579 4110 osset.
1616 4055 1644 4110 Si
1668 4056 1790 4110 dominus
1814 4071 1927 4122 servum,

251 4125 265 4174 3
301 4119 375 4174 utilis
399 4119 489 4174 danda
512 4127 560 4174 est¹
576 4121 654 4174 actio.
691 4121 722 4174 In
745 4121 798 4174 hac
821 4135 926 4188 quoque
950 4121 1064 4188 actione,
1134 4139 1193 4176 uem
1211 4123 1297 4176 Titius
1315 4123 1449 4176 mortifere
1465 4123 1659 4188 vulneraverat,
1677 4125 1789 4180 liberum
1807 4129 1835 4178 et
1850 4123 1927 4176 here-

251 4201 320 4254 quae
338 4203 372 4242 ex
388 4189 441 4242 hoe
458 4189 580 4256 capitulo
593 4189 686 4254 oritur,
704 4187 782 4242 dolus
800 4191 828 4242 et
845 4189 924 4256 culpa
940 4189 1063 4256 punitur:
1116 4141 1177 4246 dem
1193 4205 1251 4246 esse
1264 4191 1371 4244 iusserit
1386 4191 1462 4260 eique
1477 4191 1697 4260 posteahtaerius
1712 4191 1926 4254 eminentiores,

250 4255 364 4322 ideoque
389 4257 411 4308 si
435 4257 494 4326 quis
515 4257 544 4308 in
568 4257 693 4326 stipulam
717 4271 794 4310 suern
810 4257 853 4310 rel
870 4257 975 4324 spinam
993 4271 1063 4310 com·
1115 4275 1170 4314 uon
1195 4259 1306 4314 habebit
1322 4257 1473 4314 11161111Η
1492 4275 1552 4312 cum
1569 4257 1640 4314 Titio
1657 4259 1722 4328 legis
1739 4257 1862 4328 Aquiliae
1879 4273 1925 4312 ac·

251 4323 387 4376 hureudae
404 4323 459 4378 eius
479 4323 663 4392 causaiguem
681 4323 817 4380 immiserit
835 4329 862 4380 et
875 4323 987 4378 ulterius
1004 4341 1065 4380 cra·
1115 4327 1222 4392 tionem,
1241 4327 1341 4382 scilicet
1358 4327 1505 4382 secuudum
1522 4327 1614 4382 Sabini
1631 4327 1796 4396 opinionem,
1814 4323 1860 4394 qui
1876 4341 1926 4394 pu·

250 4397 329 4458 gatus
347 4395 374 4444 et
389 4407 546 4460 progressus
563 4391 631 4460 ignis
648 4391 763 4448 alienam
777 4397 892 4462 segetem
905 4393 948 4446 rel
961 4393 1065 4446 uncam
1115 4395 1191 4450 tabat
1208 4395 1242 4450 ad
1259 4395 1382 4450 heredem
1398 4395 1530 4450 actionem
1546 4411 1601 4448 non
1617 4395 1776 4460 transmitti,
1794 4407 1863 4514 quae
1880 4391 1926 4448 de-

250 4459 375 4524 laeserit,
398 4461 578 4530 requiramuS,
602 4477 665 4514 num
683 4461 813 4530 imperitia
831 4461 888 4516 eius
906 4465 954 4514 aut
976 4461 1064 4530 negle·
1115 4463 1209 4518 iuncto
1234 4469 1384 4532 competere
1404 4479 1458 4518 non
1480 4463 1581 4532 potuit:
1608 4477 1671 4516 uam
1694 4477 1758 4516 sane
1781 4477 1797 4514 a
1816 4461 1927 4514 surdum

250 4527 340 4592 geutia
356 4527 384 4580 id
402 4527 508 4580 oecidm
535 4543 598 4580 nam
615 4529 638 4582 si
656 4527 698 4582 die
719 4533 830 4584 ventoso
853 4527 882 4582 id
905 4527 984 4594 iecit,
1008 4531 1064 4584 cul-
1116 4533 1234 4596 accidet,
1258 4537 1289 4586 ut
1312 4531 1389 4586 heres
1410 4533 1527 4600 pretium
1548 4529 1624 4596 quasi
1646 4527 1728 4582 occisi
1746 4533 1927 4596 consequatur

250 4607 380 4660 puerone
398 4599 439 4648 611
455 4599 528 4656 lnam
546 4601 573 4646 et
590 4597 635 4662 qui
653 4595 821 4650 occasionem
837 4599 972 4664 praestat,
990 4595 1065 4666 damf
1116 4599 1181 4664 eius,
1199 4599 1276 4654 cuius
1293 4599 1371 4654 heres
1389 4599 1498 4652 exstitit.
1525 4595 1596 4666 quod
1614 4595 1638 4650 si
1655 4611 1689 4650 ex
1705 4601 1782 4664 parte
1800 4611 1860 4650 eum
1878 4595 1926 4650 do·

251 4677 315 4714 unm
332 4659 429 4716 fecisse
453 4663 580 4728 rideturl:
607 4661 635 4714 in
658 4663 750 4716 eodem
773 4665 883 4718 ommino
907 4671 948 4718 est
970 4669 996 4718 et
1019 4665 1064 4734 qni
1115 4665 1202 4722 minus
1219 4667 1343 4722 heredem
1361 4683 1422 4720 cum
1444 4665 1566 4718 libertate
1589 4677 1647 4716 esse
1670 4663 1790 4730 iusserit,
1814 4665 1926 4720 coheres

254 4739 308 4778 uon
329 4731 495 4794 observarit,
519 4747 554 4782 ne
571 4729 640 4798 ignis
663 4731 770 4794 longius
788 4733 955 4798 procederet.
992 4737 1021 4786 at
1039 4735 1060 4786 si
1115 4735 1171 4788 eius
1187 4741 1294 4788 mortuo
1312 4749 1343 4788 eo
1409 4733 1494 4800 tlege
1510 4731 1623 4800 Aquilia.

254 4795 345 4848 omnia
364 4811 433 4866 quae
452 4797 573 4866 oportuit
590 4799 741 4864 olreervavit
758 4799 798 4850 rel
824 4801 971 4854 subituris
988 4803 1062 4854 renti
1148 4797 1188 4860 37
1207 4803 1376 4858 Interritus
1393 4797 1718 4868 ibropanrtodeetmoen
1728 4799 1819 4856 Cassio
1843 4801 1926 4856 Liber

253 4861 271 4910 4
303 4861 410 4930 longius
419 4863 507 4932 ignem
515 4865 653 4932 produxit,
667 4869 743 4920 caret
752 4865 841 4932 culpa.
868 4867 1061 4922 Slrulneratus
1113 4869 1192 4924 homo
1217 4869 1239 4924 si
1263 4869 1338 4924 iussn
1361 4867 1468 4922 alterius
1493 4881 1574 4918 manu
1595 4865 1719 4932 iniuriam
1743 4869 1828 4934 dedit,
1854 4871 1925 4924 actio

249 4929 331 4984 inerit
348 4947 441 4986 servus
458 4947 513 4986 non
530 4931 678 4996 mortifere,
701 4933 762 4998 negt
795 4931 867 4984 entia
890 4941 979 4986 autem
1001 4951 1062 5002 per·
1114 4937 1178 5004 legis
1196 4937 1319 5004 Aquiliae
1337 4951 1397 4988 curn
1415 4949 1446 4986 eo
1464 4937 1506 4986 est
1522 4933 1568 5002 qui
1583 4933 1668 4998 iussit,
1687 4935 1709 4988 si
1726 4937 1805 4992 modo
1822 4937 1864 4992 ius
1876 4937 1925 4992 im·

249 4995 318 5060 ierit,
336 4999 370 5054 de
386 4999 523 5052 udnerato
542 4999 613 5054 actio
631 4999 688 5064 erit,
706 5013 761 5052 nou
797 5013 811 5052 e
829 4999 926 5052 occiso.
1113 5003 1224 5072 parandi
1240 5003 1378 5058 habuit¹²c
1397 5001 1469 5070 quod
1487 5001 1509 5054 si
1526 5015 1579 5056 nou
1594 5001 1698 5068 habuit,
1716 5021 1777 5058 curn
1795 5021 1827 5062 eo
1845 5021 1926 5074 agen·

284 5063 322 5124 31
343 5067 424 5122 Innnr
438 5067 507 5122 libro
523 5067 626 5122 decimo
644 5067 681 5134 ed
697 5065 827 5122 Sobimem
863 5067 891 5120 Si
908 5071 1062 5134 punmrex
1116 5077 1127 5124 1
1165 5073 1227 5124 dum
1245 5071 1348 5140 estqui
1370 5069 1443 5124 fecit.
1479 5067 1508 5124 si
1531 5069 1695 5140 quadrupes,
1719 5073 1794 5128 cuius
1818 5073 1926 5130 nomine

251 5133 347 5188 arbore
364 5151 468 5190 ramum
491 5151 552 5190 oum
575 5135 691 5190 deiceret
713 5133 755 5190 vel
776 5133 955 5188 machinarius
978 5137 1062 5190 homi-
1114 5139 1184 5194 aotio
1203 5145 1273 5192 esset
1290 5155 1352 5190 cum
1368 5137 1483 5202 domino,
1503 5139 1573 5206 quod
1586 5141 1742 5208 pauperiem
1754 5139 1872 5206 iecisset,
1891 5141 1926 5196 ab

251 5217 310 5254 nom
336 5207 550 5270 praetereuntem
577 5203 688 5268 occidit,
719 5203 759 5256 ita
785 5207 908 5268 tenetur,
938 5201 962 5256 si
987 5205 1011 5256 is
1035 5205 1063 5258 iu
1114 5205 1166 5260 alio
1184 5205 1274 5260 occisa
1292 5209 1333 5258 est
1349 5211 1377 5260 et
1394 5221 1455 5258 cum
1472 5221 1503 5260 eo
1521 5207 1578 5274 lege
1594 5207 1700 5276 Aquilia
1718 5207 1819 5278 agitur,
1844 5209 1926 5262 16111-

251 5269 387 5334 pnblicum
414 5269 520 5324 decidat
543 5287 594 5324 nec
616 5271 659 5322 ille
683 5269 890 5348 proclamarint,
920 5275 952 5322 ut
983 5285 1063 5326 casus
1114 5273 1195 5326 matio
1213 5289 1266 5326 nou
1290 5271 1326 5324 ad
1348 5287 1446 5340 corpus
1469 5275 1670 5344 quadrupedis,
1688 5277 1735 5330 sed
1757 5277 1792 5330 ad
1817 5291 1926 5330 eausam

252 5337 308 5388 eins
325 5339 418 5392 6111111
436 5337 528 5406 possit.
555 5337 603 5392 sed
617 5337 723 5390 Moerus
738 5337 819 5390 eliam
833 5337 907 5398 dixit,
926 5337 947 5390 11
966 5337 993 5390 in
1008 5339 1062 5404 pri·
1114 5341 1170 5392 eius
1189 5339 1226 5400 (in
1244 5355 1296 5406 quo
1313 5339 1347 5392 de
1364 5341 1492 5410 pauperie
1514 5343 1585 5398 ach'o
1608 5349 1657 5402 estl
1682 5343 1775 5396 reterri
1798 5343 1876 5396 debet
1900 5349 1926 5396 61

250 5409 311 5458 vato
335 5403 406 5460 idem
429 5403 585 5468 accidimet,
611 5419 691 5474 posse
713 5403 747 5458 de
771 5405 852 5472 culpa
875 5403 930 5472 agi:
956 5403 1062 5472 colpam
1113 5405 1182 5458 tanti
1199 5405 1365 5460 damnandus
1385 5415 1425 5460 est
1441 5407 1523 5478 isqui
1538 5409 1746 5464 occiditiudicio
1761 5409 1924 5478 legisAqui-

252 5577 282 5638 o)
299 5577 454 5640 piscatorum
463 5575 582 5628 det-Hal.
650 5577 683 5638 (1)
701 5577 897 5628 aestimarumF
951 5577 984 5638 (1)
1002 5581 1065 5638 puta
1116 5573 1170 5622 edd.
1223 5573 1548 5644 (elpr.=D35,r‚o3pr.
1594 5575 1795 5640 (sllibemnteF
1833 5577 1878 5634 (11)
1887 5571 1925 5622 vi-

251 5643 324 5694 1111ιι
393 5647 426 5710 (4)
445 5643 1065 5696 eccidisseeerboexfsctosciovidentura'odicore
1115 5641 1281 5694 dereturF¹S
1382 5645 1422 5708 (11)
1441 5643 1925 5712 extiteritheresnonhabebitmaerinr

252 5709 279 5760 B
338 5715 372 5778 (⁵)
390 5713 555 5778 hiclhocser.
615 5713 648 5774 (1)
666 5711 885 5776 proclamariteer.
944 5711 979 5774 (1)
998 5709 1065 5772 quod
1117 5709 1197 5760 Soura
1208 5709 1332 5772 B,om.F
1400 5711 1562 5770 (11)(11111111ἵ

251 5793 306 5828 curn
316 5795 331 5828 a
341 5781 364 5832 d.
375 5797 400 5846 p.
410 5781 514 5846 poterit]
524 5795 580 5830 cum
590 5779 656 5844 quod
666 5777 811 5844 adiligente
818 5777 946 5844 provideri
953 5777 1065 5840 potuerit

1687 5863 1716 5910 tr
