4366 6258
256 927 495 1002 IMPERATOR
516 927 679 994 CAESAR
698 925 878 994 FLAVIUS
896 925 1176 992 IUSTINIANUS
1194 927 1501 996 ALAMANNIUUS
1520 927 1761 996 sounfllous
1778 925 1905 992 unlu-

253 1017 369 1084 UIUUS
392 1013 666 1082 communioris
683 1011 868 1078 ANTICUS
885 1009 1100 1076 stanneos
1118 1009 1387 1078 VANDALIUUS
1403 1015 1644 1082 AFRICANUS
1661 1013 1756 1080 PIUS
1774 1011 1905 1076 FELIX
1940 1013 1942 1016 ’

253 1099 460 1170 1NOLUTUS
479 1097 636 1162 VIUTOR
656 1097 711 1162 AO
733 1093 1041 1162 TRIUMPHATOR
1062 1097 1230 1162 SEMPER
1253 1095 1479 1162 AUGUSTUS
1501 1097 1753 1180 THEOPHILO,
1778 1093 1905 1162 Dono-

251 1183 369 1264 THEO,
393 1181 634 1264 THEODORO,
658 1179 830 1248 ISIDORO
852 1183 909 1246 ΕΤ
930 1179 1148 1248 ANATOLIO
1170 1181 1500 1248 tumultuosae
1518 1181 1905 1250 11111111011111

339 1265 1102 1418 ΙΙ111118Τ111Β118ΑΝΤΕΟΕἷῗῆΟΙέΙέΗΒΒΒέΙξΙ
1118 1265 1351 1416 SsffiMinde
1373 1265 1475 1332 VIRO
1497 1265 1810 1336 Dionnurssmlw

281 1513 408 1608 Omnem
425 1551 464 1606 rei
481 1551 606 1620 publicae
622 1555 729 1606 nostrae
747 1551 910 1606 sanctionem
923 1551 978 1604 iam
991 1565 1050 1606 esse
1100 1567 1169 1620 qnae
1187 1551 1219 1606 de
1235 1549 1339 1606 iudiciis
1358 1555 1530 1618 nuncupatur
1547 1549 1661 1618 (stipsis
1676 1565 1730 1606 non
1745 1551 1905 1618 continuam,

249 1627 382 1690 purgatam
404 1625 431 1674 et
454 1621 627 1688 compositam
649 1625 705 1672 tam
727 1619 755 1672 in
773 1625 900 1688 quattuor
916 1619 990 1672 libris
1008 1617 1049 1672 11-
1101 1619 1148 1672 sed
1169 1633 1259 1674 raram
1281 1621 1384 1672 utilium
1406 1619 1588 1672 recitationem
1604 1619 1806 1686 praebentibus,
1830 1621 1907 1688 qnasi

250 1689 409 1742 stitutionum
431 1701 479 1740 seu
502 1687 690 1742 elementorum
712 1701 791 1754 quarn
811 1687 839 1740 in
857 1687 1050 1768 quinquaginta
1101 1693 1191 1740 cetero
1208 1693 1265 1742 toto
1283 1687 1415 1740 volumine
1432 1687 1518 1740 inutili
1536 1687 1689 1752 constituto)
1715 1701 1793 1756 quarn
1811 1703 1843 1740 err
1860 1689 1907 1740 illa

250 1755 403 1824 digestorum
425 1769 473 1808 serr
494 1755 686 1822 pandectarum
710 1769 760 1808 nec
782 1769 837 1808 non
858 1771 887 1806 rn
911 1753 1049 1808 duodecim
1100 1769 1170 1824 quae
1187 1753 1220 1810 de
1237 1755 1317 1808 rebus
1335 1753 1497 1822 appeUatur,
1521 1759 1622 1820 septem
1645 1753 1719 1808 libris
1741 1755 1857 1818 {semotis
1880 1759 1908 1808 et

249 1821 417 1890 imperialium
440 1821 659 1876 constitutionum
682 1821 741 1888 quis
764 1821 876 1890 amplius
900 1837 978 1890 quam
1001 1835 1048 1876 vos
1100 1823 1128 1876 in
1149 1821 1192 1876 his
1212 1821 1302 1876 multis
1325 1819 1906 1892 111111111111111111111111,1111111111

249 1891 396 1958 cognoscit?
422 1893 448 1942 et
466 1887 554 1944 omnia
571 1889 691 1958 quidem,
710 1903 779 1958 quae
797 1895 953 1958 oportuerat
971 1893 996 1942 et
1014 1891 1047 1942 ab
1100 1889 1203 1944 idoneis
1224 1905 1309 1960 neque
1331 1889 1474 1958 aptissimis
1492 1891 1526 1942 ad
1544 1889 1716 1944 eruditionem
1734 1889 1905 1954 constitutis).

248 1957 317 2010 initio
345 1955 471 2010 mandare
498 1963 525 2010 et
554 1963 616 2026 post
643 1957 759 2010 omniurn
788 1957 1047 2024 consummationem,
1100 1959 1128 2012 in
1144 1957 1223 2012 tertio
1242 1963 1330 2012 autern
1348 1973 1419 2010 anno
1437 1957 1508 2026 quod
1530 1971 1563 2012 cx
1580 1961 1695 2026 unoque
1711 1955 1856 2026 coturnice,
1879 1957 1907 2012 id

248 2025 342 2078 factum
356 2023 468 2078 libenter
482 2023 659 2088 admittentes,
678 2023 795 2088 definire,
813 2025 928 2094 iamper
942 2029 1048 2080 nostras
1100 2029 1141 2080 est
1158 2026 1191 2080 de
1208 2027 1288 2080 rebus
1306 2025 1348 2080 rel
1370 2025 1403 2080 de
1424 2025 1543 2092 indiciis,
1566 2025 1594 2078 in
1617 2023 1735 2080 secundo
1757 2041 1827 2080 anno
1853 2039 1908 2078 non

249 2091 375 2146 orationes
386 2097 441 2146 tam
455 2091 559 2146 Graeca
572 2091 663 2160 lingua
680 2108 759 2159 quam
774 2093 963 2160 Romanorum,
983 2109 1048 2162 quas
1100 2097 1158 2148 erat
1176 2093 1317 2158 traditum,
1342 2093 1510 2162 accipiebant
1532 2093 1680 2146 secundum
1701 2091 1905 2152 vicissitudinem

249 2165 363 2212 aeternas
380 2159 439 2212 11111
456 2163 587 2226 optamus,
605 2161 729 2228 explicita
743 2167 813 2214 sunt.
847 2161 894 2214 scd
909 2161 1049 2216 11111112
1100 2161 1238 2228 utriusque
1250 2161 1402 2214 voluminis:
1421 2161 1493 2214 etad
1505 2161 1721 2214 sublimissimum
1731 2161 1908 2230 Papinianum

249 2225 404 2294 professores
428 2227 559 2294 legitimae
578 2227 705 2280 scientiae
724 2227 883 2282 constitutos
900 2227 981 2282 etiam
997 2227 1049 2282 hoc
1100 2229 1209 2296 eiusque
1224 2245 1353 2296 responsa
1367 2227 1417 2282 iter
1431 2227 1468 2282 eis
1482 2228 1665 2296 aperiebatur:
1684 2233 1710 2280 et
1724 2241 1755 2280 ex
1770 2227 1908 2296 praedicta

250 2299 396 2362 oportuerat
413 2294 494 2358 scire,
513 2293 576 2362 quid
595 2299 622 2348 et
638 2295 666 2348 in
684 2293 780 2362 quibus
799 2295 963 2364 temporibus
980 2295 1050 2350 tradi
1099 2311 1289 2364 responsorum
1313 2297 1551 2362 consummatione,
1577 2311 1646 2364 quae
1670 2293 1770 2350 decimo
1793 2299 1820 2350 et
1838 2311 1908 2348 nono

249 2361 420 2414 necessarium
443 2361 568 2416 studiosis
593 2361 723 2416 credimus
731 2363 749 2426 ³,
773 2367 804 2416 ut
825 2379 858 2416 ex
881 2363 932 2416 lucc
956 2363 1050 2432 optimi
1099 2365 1167 2418 libro
1192 2363 1415 2428 concludebatur,
1442 2369 1500 2418 octo
1524 2363 1707 2418 tantummodo
1730 2363 1812 2418 libros
1836 2363 1908 2416 acci·

250 2435 322 2496 atque
339 2429 525 2484 eruditissimi*
543 2427 708 2484 efficiantur:
725 2429 786 2484 ideo
800 2437 969 2498 praesentem
983 2431 1048 2486 diri·
1100 2431 1218 2502 piebem,
1235 2447 1285 2486 nec
1303 2447 1395 2486 eorum
1412 2437 1499 2486 toturn
1513 2447 1611 2500 corpus
1626 2431 1665 2486 eis
1679 2429 1843 2494 tradebatur,
1862 2427 1909 2486 aad

249 2511 305 2548 nam
327 2497 473 2550 orationem
498 2497 532 2550 ad
554 2513 601 2552 ros
622 2497 765 2566 praecipue
785 2497 936 2552 faciendam
959 2499 1049 2554 existi·
1100 2515 1189 2620 pauca
1206 2515 1239 2554 ex
1256 2499 1344 2554 multis
1361 2503 1388 2554 et
1402 2497 1559 2554 brevissima
1574 2515 1606 2554 ex
1621 2499 1797 2568 amplissimis,
1816 2503 1847 2552 nt
1861 2497 1908 2552 ad·

250 2579 359 2628 mamus,
383 2569 513 2632 qnatenus
535 2569 590 2618 tarn
606 2565 749 2632 prudentia
766 2571 855 2620 restra
872 2581 951 2634 quam
970 2565 1050 2620 ceteri
1120 2583 1153 2620 uc
1177 2567 1295 2620 sitientes
1319 2567 1353 2620 ab
1377 2565 1415 2620 eis
1439 2565 1602 2620 recederent.
1636 2567 1678 2626 his
1702 2567 1782 2634 igitur
1804 2565 1869 2620 solis
1893 2581 1910 2618 a

250 2635 431 2696 antecessores,
449 2631 495 2700 qui
511 2631 621 2686 eandem
636 2637 722 2686 artem
734 2633 762 2686 in
776 2647 852 2686 omne
866 2647 960 2686 aenum
974 2647 1049 2688 ener-
1118 2633 1296 2688 cofessoribus
1320 2633 1425 2686 traditis
1447 2633 1577 2686 Pauliana
1602 2649 1733 2702 responsa
1755 2649 1804 2702 per
1827 2639 1910 2686 semet

251 2713 304 2752 cere
325 2699 478 2764 maluerint,
508 2699 607 2752 nostris
629 2699 728 2766 regulis
752 2701 897 2754 observatis
920 2699 1050 2754 inclutam
1100 2715 1173 2768 rpsos
1196 2701 1360 2764 recitabant,
1388 2715 1474 2768 neque
1502 2701 1567 2754 haec
1589 2701 1617 2752 in
1640 2701 1768 2766 solidum,
1793 2701 1840 2754 sed
1862 2713 1911 2770 per

249 2765 311 2818 11111
331 2765 486 2818 cruditionis
507 2765 638 2834 legitimae
658 2767 762 2834 possint
779 2767 925 2820 ambulare.
960 2767 1050 2834 itaque
1100 2767 1277 2834 inperfectum
1304 2773 1331 2820 et
1357 2767 1411 2820 iam
1439 2767 1632 2836 quodammodo
1661 2769 1728 2822 male
1754 2773 1911 2822 consuetum

250 2833 322 2884 dubio
339 2833 433 2898 procul
451 2833 557 2900 quidem
575 2837 615 2886 est
636 2847 745 2886 necesse
767 2835 845 2886 11115
867 2833 1049 2886 institutiones
1100 2833 1336 2898 inconsequentiae
1353 2849 1470 2886 cursum.
1505 2841 1532 2886 et
1553 2833 1577 2888 is
1601 2835 1704 2886 eratin
1722 2839 1910 2902 (1111111111-

248 2899 273 2954 11
290 2899 407 2954 omnibus
425 2899 521 2952 studiis
539 2899 653 2968 primum
670 2899 722 2952 sibi
738 2899 873 2954 vindicare
890 2899 987 2966 locum,
1006 2905 1049 2952 nt·
1100 2917 1164 2954 num
1184 2901 1268 2954 omnis
1286 2901 1411 2968 antiquae
1429 2899 1587 2968 prudentiae
1604 2899 1679 2956 finis:
1700 2901 1774 2968 nquis
1793 2917 1824 2954 ea
1842 2915 1911 2968 quae

249 2971 306 3034 pote
327 2967 409 3034 prima
433 2967 543 3034 vestigia
569 2967 697 3034 cuiusque
726 2965 853 3022 scientiae
881 2965 1050 3022 mediocriter
1100 2967 1253 3022 recitabant
1270 2983 1425 3022 enumerare
1442 2967 1532 3032 malet,
1551 2969 1749 3038 compotatione
1763 2969 1855 3022 habita
1869 2967 1912 3022 in=

248 3033 383 3088 tradentes.
419 3049 453 3088 ex
476 3033 553 3088 libris
575 3039 665 3088 autem
688 3033 879 3100 quinquaginta
896 3039 1049 3088 nostrorum
1101 3035 1189 3088 veniet
1211 3049 1245 3088 ex
1267 3039 1322 3088 tam
1344 3034 1473 3088 immensa
1496 3035 1584 3104 legum
1606 3035 1774 3088 multitudine
1791 3033 1835 3088 vix
1852 3051 1911 3088 rer·

249 3101 402 3168 digestorum
419 3115 468 3154 sex
485 3105 512 3154 11
528 3101 636 3168 triginta
654 3101 837 3158 tantummodo
855 3099 980 3154 sufficere
994 3105 1049 3154 tam
1100 3117 1179 3156 suum
1207 3101 1345 3168 sexaginta
1372 3101 1444 3156 milia
1472 3115 1516 3154 eos
1541 3117 1605 3156 suae
1628 3103 1744 3156 notionis
1763 3101 1911 3182 perlegere,

249 3169 281 3220 ad
300 3173 409 3222 vestram
434 3167 624 3236 expositionem
647 3183 727 3234 quam
748 3167 783 3220 ad
799 3169 942 3220 iuventutis
962 3167 1049 3220 erudi·
1102 3169 1224 3220 omnibus
1247 3169 1306 3220 aliis
1328 3169 1410 3222 deviis
1430 3171 1456 3220 et
1472 3169 1612 3236 incognitis
1631 3169 1785 3222 constitutis
1802 3173 1830 3222 et
1846 3175 1911 3222 tunc

249 3235 339 3288 tionem
360 3235 516 3288 iudicamus.
553 3233 600 3288 scd
625 3235 743 3288 ordinem
766 3247 858 3286 eorum
881 3239 907 3286 et
929 3233 1049 3286 tramites
1100 3235 1284 3288 tantummodo
1303 3249 1336 3288 ex
1353 3235 1444 3302 aliqua
1460 3235 1568 3288 minima
1584 3241 1663 3304 parte
1675 3235 1825 3298 recitandis,
1845 3251 1910 3302 quo-

249 3317 293 3370 per
314 3317 378 3370 quos
401 3301 591 3354 ambrdandum
614 3305 654 3354 est
676 3299 848 3354 manifestare
864 3299 1050 3380 tempestivum
1100 3301 1169 3354 tiens
1192 3301 1234 3354 vel
1256 3301 1415 3356 iudiciorum
1437 3317 1502 3354 usus
1524 3301 1576 3354 hoo
1593 3301 1652 3354 fieri
1670 3303 1784 3370 coegerit
1800 3301 1842 3354 vel
1859 3299 1912 3370 ipsi

250 3369 319 3422 nobis
337 3383 393 3422 esse
410 3367 529 3430 ridetur,
553 3373 579 3422 et
600 3383 647 3422 uos
664 3367 693 3420 in
710 3367 863 3420 memoriam
898 3367 1049 3420 111111111-
1100 3367 1220 3434 magistri
1243 3367 1330 3434 legum
1351 3367 1451 3436 aliquid
1472 3383 1505 3422 ex
1521 3367 1563 3422 his
1580 3371 1716 3436 perlegere
1733 3367 1910 3432 festinabatis,

249 3451 309 3500 rum,
322 3451 386 3502 quae
398 3439 479 3488 antea
490 3433 645 3498 tradebatis,
660 3433 789 3502 redigere,
804 3385 945 3488 ostendere
960 3439 1050 3486 autern
1101 3439 1131 3486 ut
1148 3435 1183 3488 sit
1199 3433 1275 3488 vobis
1292 3433 1392 3502 aliquid
1409 3433 1523 3502 amplius
1541 3433 1609 3490 disci
1628 3437 1733 3490 ulorum
1749 3435 1853 3504 peritia.
1885 3439 1911 3488 et

249 3501 361 3556 mosellae
382 3505 490 3556 nostrae
515 3501 711 3568 compositionis
735 3505 792 3554 tam
811 3501 954 3554 utilitatem
971 3515 1050 3568 quarn
1100 3499 1167 3554 haec
1200 3499 1288 3552 uidem
1300 3499 1409 3556 fueraut
1422 3501 1547 3568 antiquae
1562 3517 1609 3554 eru
1629 3501 1717 3558 ’111111
1731 3505 1910 3566 monumenta,

249 3575 369 3638 tempora,
383 3567 658 3622 utnihilhuiusmodi
671 3569 737 3622 artis
749 3567 917 3634 relinquatur
929 3565 1049 3634 incogni-
1100 3517 1248 3620 secundum
1277 3568 1348 3634 quod
1379 3573 1406 3622 et
1431 3573 1518 3622 vestro
1547 3569 1698 3622 testimonio
1727 3569 1909 3622 confirmatur.

252 3641 261 3688 l
295 3643 357 3688 tum.
390 3635 427 3688 Et
450 3641 531 3688 antea
548 3635 661 3702 quidem,
680 3633 900 3700 quemadmodum
917 3637 945 3688 et
961 3637 1050 3686 vestra
1102 3637 1116 3684 1
1151 3635 1208 3688 Nos
1231 3649 1293 3688 vero
1316 3639 1419 3688 tantam
1442 3635 1579 3702 penuriam
1599 3635 1686 3700 legum
1703 3635 1866 3688 invenientes
1883 3639 1911 3688 et

250 3703 295 3754 soit
311 3703 463 3770 prudentia,
488 3715 519 3754 ea
537 3707 613 3754 tanta
629 3703 717 3766 legum
733 3699 916 3764 multitudine,
935 3715 1004 3766 quae
1021 3699 1049 3752 in
1100 3701 1152 3754 hoc
1169 3699 1345 3754 miserrimum
1361 3701 1512 3756 iudicantes
1533 3701 1661 3768 legitimos
1682 3703 1842 3756 thensauros
1863 3717 1910 3756 ro-

249 3769 368 3822 librorum
392 3769 498 3836 quidem
521 3769 573 3820 dno
598 3767 684 3832 milia,
708 3783 831 3820 versuum
854 3771 943 3820 autem
960 3767 1049 3820 tricies
1100 3767 1216 3820 lentibus
1238 3767 1386 3834 aperimus,
1415 3769 1511 3834 quibus
1533 3783 1582 3834 per
1606 3775 1719 3820 vestram
1741 3767 1911 3836 prudentiam

250 3841 353 3886 centena
374 3835 580 3896 extendebatur,
605 3833 669 3886 nihil
692 3835 765 3888 aliud
786 3835 838 3886 nisi
861 3847 909 3886 sex
931 3837 1049 3886 tantum·
1101 3833 1295 3900 quodammodo
1318 3835 1450 3902 erogatis⁹
1472 3835 1593 3886 ditissimi
1610 3835 1696 3900 legum
1714 3841 1834 3886 oratores
1852 3833 1910 3886 effi·

249 3901 339 3954 111111
359 3899 441 3954 libros
463 3907 491 3954 et
511 3901 583 3968 ipsos
608 3899 734 3956 confusos
756 3905 784 3952 et
804 3901 864 3952 iura
882 3901 958 3952 utilia
974 3899 1002 3952 in
1020 3913 1050 3952 se
1102 3899 1206 3952 ciantur
1235 3899 1366 3978 discipuli.
1402 3907 1429 3954 et
1455 3901 1541 3968 pr'nno
1569 3901 1676 3968 quidem
1704 3915 1775 3952 anno
1804 3903 1911 3952 nostras

249 3983 351 4032 perraro
372 3967 502 4022 habentes
524 3983 542 4020 a
563 3981 628 4020 voce
649 3969 778 4034 magistra
801 3967 914 4020 studiosi
935 3965 1049 4034 aecipie-
1100 3967 1228 4018 hauriant
1249 3967 1428 4020 institutiones
1451 3983 1485 4020 err
1509 3967 1581 4020 omni
1617 3981 1683 4020 aene
1700 3973 1818 4018 veterum
1835 3965 1911 4018 insti·

251 4033 322 4096 bant,
343 4033 436 4088 ceteris
458 4033 512 4086 iarn
536 4033 667 4096 desuetis,
690 4033 744 4084 iam
762 4033 885 4088 omnibus
902 4031 987 4086 inviis.
1022 4033 1050 4084 in
1101 4031 1234 4086 1111111111
1258 4049 1370 4100 corpore
1395 4033 1515 4086 elimatas
1540 4039 1605 4086 eta
1648 4033 1770 4086 omnibus
1797 4031 1911 4084 turbidis

249 4099 288 4152 iris
304 4105 388 4154 autern
405 4115 453 4154 sex
470 4099 546 4154 libris
563 4099 624 4152 Gaii
641 4099 727 4154 nostri
743 4099 924 4154 institutiones
945 4103 972 4152 et
988 4099 1050 4152 iibri
1100 4099 1221 4152 fontibus
1244 4099 1272 4152 in
1293 4117 1376 4152 unum
1396 4099 1527 4168 liquidum
1549 4103 1671 4164 stagnum
1689 4097 1838 4150 conrivatas
1856 4101 1911 4148 tam

249 4165 386 4232 singulares
398 4171 540 4286 puattnor,
560 4165 662 4234 primus
680 4165 713 4220 de
729 4165 777 4218 illa
794 4171 882 4222 vetere
899 4181 929 4220 re
946 4165 1049 4228 1111111,
1099 4181 1149 4234 per
1166 4165 1356 4218 Tribonianum
1374 4165 1459 4218 virum
1476 4165 1644 4232 magnificum
1662 4163 1816 4228 magistrum
1833 4167 1860 4216 et
1877 4177 1910 4216 ex

249 4231 375 4286 secundus
416 4231 544 4288 etutelis
566 4237 594 4286 et
614 4233 710 4286 tertius
733 4249 783 4286 nee
806 4249 861 4286 non
884 4237 995 4302 quartus
1017 4231 1050 4284 de
1118 4237 1243 4286 uaestore
1270 4233 1340 4286 sacri
1366 4231 1460 4300 palatii
1481 4231 1566 4284 nostri
1589 4233 1616 4282 et
1640 4243 1673 4282 ex
1697 4231 1806 4282 consule
1832 4243 1911 4298 quam

248 4299 405 4352 testamentis
429 4305 455 4354 ct
476 4299 570 4366 legatis
595 4299 872 4354 connumerabuntur:
905 4315 971 4368 quos
999 4315 1049 4352 neo
1100 4249 1169 4352 duos
1185 4297 1296 4362 euobis,
1311 4297 1339 4352 id
1352 4303 1395 4350 est
1406 4297 1584 4364 Theophilum
1598 4299 1624 4348 et
1636 4295 1802 4350 Dorotheum
1814 4295 1909 4366 iacun-

248 4369 313 4418 totos
329 4381 376 4432 per
394 4365 597 4432 consequentias
612 4365 789 4434 accipiebant,
807 4367 855 4420 sed
871 4369 969 4420 multas
986 4381 1048 4432 par-
1101 4365 1224 4418 dissimos
1239 4371 1431 4418 antecessores.
1458 4363 1487 4414 in
1501 4363 1630 4428 reliquam
1646 4375 1709 4414 vero
1727 4363 1791 4416 anni
1807 4369 1911 4432 partem

248 4435 285 4484 tes
303 4447 390 4484 eorum
408 4433 485 4498 quasi
503 4447 681 4498 supervacuas
717 4432 889 4486 raeteribant.
926 4437 952 4486 et
972 4431 1050 4500 primi
1100 4433 1248 4486 secuudum
1278 4431 1404 4498 optimam
1435 4427 1650 4494 consequentiam
1681 4427 1794 4496 primam
1823 4429 1911 4498 legum

248 4497 307 4548 anni
326 4497 376 4552 hoc
397 4513 465 4564 opus
488 4497 635 4564 legentibus
656 4501 681 4548 tr
719 4499 813 4552 ebatur
830 4515 884 4552 non
902 4499 1049 4552 secundum
1100 4503 1205 4566 parterm
1228 4497 1266 4552 eis
1289 4497 1359 4548 tradi
1382 4495 1530 4556 sancimus,
1560 4509 1628 4560 quae
1652 4495 1755 4548 Graeco
1779 4497 1910 4550 uocabulo

249 4563 321 4614 edicti
343 4565 464 4632 perpetui
489 4563 695 4626 ordinationem,
722 4563 770 4618 sed
795 4567 894 4632 passim
920 4570 948 4620 et
973 4565 1050 4632 quasi
1100 4567 1199 4632 πρῶτα
1217 4567 1395 4630 nuncupatur,
1414 4575 1468 4628 qua
1482 4559 1548 4612 nihil
1563 4567 1604 4614 est
1618 4561 1745 4626 anterius,
1763 4563 1826 4630 quia
1839 4561 1910 4632 quod

248 4645 292 4696 per
314 4635 430 4684 saturam
454 4631 595 4686 1111111111
617 4635 645 4682 11
666 4629 731 4682 utile
748 4645 809 4684 cum
825 4631 966 4686 inutilibus
982 4633 1049 4684 mirr-
1118 4631 1214 4684 rimam
1243 4635 1284 4684 est
1310 4627 1383 4680 aliud
1410 4633 1473 4680 ante
1499 4641 1527 4680 11
1551 4627 1650 4682 habere
1674 4645 1728 4684 non
1751 4635 1848 4698 potest
1885 4635 1911 4684 et

248 4699 315 4760 tum,
335 4699 450 4750 maxima
466 4703 543 4766 parte
559 4695 696 4750 inutilibus
716 4695 851 4764 deputata.
886 4699 1049 4754 insecundo
1100 4649 1167 4750 daec
1193 4697 1232 4750 111
1255 4693 1392 4750 exordium
1415 4699 1443 4746 et
1464 4693 1544 4748 finem
1567 4695 1723 4750 eruditionis
1747 4697 1826 4764 primi
1848 4697 1911 4750 anni

249 4767 332 4816 autem
353 4779 421 4816 anno
445 4769 621 4844 praepostera
649 4763 816 4818 ordinatione
844 4765 937 4818 habita
964 4767 1050 4834 prima
1100 4779 1159 4818 esse
1177 4763 1352 4816 decernimus.
1388 4759 1465 4816 ouius
1489 4763 1624 4816 auditores
1647 4779 1702 4818 non
1723 4765 1845 4818 nolumus
1866 4779 1911 4818 ve-

248 4843 306 4894 pars
326 4831 411 4898 legum
429 4847 467 4884 ars
485 4831 654 4894 tradebatur,
679 4831 839 4898 quibusdam
862 4833 941 4886 certis
965 4833 1049 4888 titulis
1099 4839 1155 4884 tere
1174 4835 1229 4884 tam
1246 4829 1341 4882 frivolo
1358 4843 1440 4896 quam
1455 4829 1569 4886 ridiculo
1587 4831 1743 4900 cognomine
1760 4831 1911 4898 dupondius

248 4897 279 4948 ab
296 4911 327 4948 ea
342 4897 474 4964 exceptis:
499 4915 560 4952 cum
582 4903 640 4954 orat
662 4911 770 4952 enorme
787 4903 849 4966 post
867 4897 1048 4954 institutiones
1100 4897 1244 4966 appellari,
1268 4895 1315 4948 sed
1331 4895 1494 4952 Iustinianos
1517 4915 1601 4952 noros
1622 4897 1787 4966 nuncupari,
1810 4903 1837 4954 ct
1858 4899 1911 4952 hoc

248 4963 365 5030 aliquod⁷
386 4963 488 5032 legere,
516 4981 596 5034 quam
618 4963 690 5032 quod
710 4963 738 5018 in
759 4963 861 5032 legibus
885 4971 912 5018 et
934 4965 1049 5032 primum
1099 4967 1127 5020 in
1144 4965 1253 5020 omne¹⁰
1269 4963 1389 5016 iuturum
1407 4979 1534 5020 assumo
1553 4965 1637 5020 111111
1656 4981 1802 5032 censemus,
1826 4971 1857 5018 ut
1873 4965 1909 5030 hi,

248 5029 358 5094 positum
379 5035 420 5084 est
436 5037 462 5086 et
479 5033 558 5086 istam
575 5031 800 5102 nuncupationem
817 5033 952 5086 meruerit.
986 5037 1065 5100 post
1100 5031 1146 5100 qui
1162 5029 1243 5110 rpdes
1261 5029 1349 5110 adhuc
1364 5031 1496 5100 legitimae
1510 5033 1787 5100 screntiaeadspirent
1801 5037 1830 5086 et
1844 5033 1911 5086 scita

248 5107 333 5148 eorum
356 5113 417 5150 vero
440 5099 580 5152 lectionem
603 5103 699 5168 (neque
721 5099 795 5152 illam
812 5099 978 5162 1111111111,
1001 5099 1048 5152 secl
1100 5097 1197 5168 prioris
1213 5113 1277 5152 anm
1294 5097 1416 5168 accipere
1432 5101 1581 5166 maluerint,
1602 5107 1724 5156 11111111
1740 5115 1839 5154 nomen
1854 5113 1912 5152 me·

247 5163 429 5242 particularem
442 5169 470 5218 et
483 5181 517 5220 ex
529 5181 625 5234 magna
638 5171 716 5236 parte
729 5165 849 5220 inutilem
866 5165 1048 5232 constitutam)
1099 5169 1185 5230 reant,
1202 5165 1265 5234 quia
1280 5165 1342 5222 ilico
1359 5167 1517 5238 madentium
1534 5167 1572 5222 eis
1590 5173 1631 5222 est
1647 5167 1761 5236 primurn
1779 5167 1911 5228 volumen,

248 5229 313 5284 111111
328 5231 373 5284 alii
392 5231 432 5288 eis
454 5233 630 5288 tradebantur
649 5241 705 5290 tam
727 5251 761 5290 ex
782 5233 830 5288 illa
851 5237 929 5302 parte
951 5233 1047 5302 legum,
1099 5233 1173 5302 quod
1190 5233 1267 5290 nobis
1284 5235 1416 5290 emanarit
1428 5233 1594 5290 auctoribus,
1622 5239 1702 5290 antea
1717 5233 1788 5288 enbn
1802 5233 1911 5300 11111111

248 5403 276 5464 (it
295 5401 489 5466 ineptissimam
527 5405 561 5468 (a)
578 5405 604 5454 et
612 5419 696 5456 omnes
702 5407 789 5470 postea
797 5405 855 5454 cdd.
865 5401 891 5452 F
893 5401 906 5434 ²
947 5403 980 5464 (a)
998 5417 1050 5452 cre·
1102 5401 1202 5452 1111.Ρῦ
1254 5405 1289 5470 (1)
1305 5405 1482 5458 tandummodo
1491 5407 1516 5458 F
1568 5407 1602 5470 (7)
1619 5403 1759 5456 aliudfflz,
1812 5403 1845 5466 (Β)
1863 5401 1911 5452 ila.

249 5467 351 5518 didimus
359 5469 398 5520 F²
467 5473 499 5534 (a)
518 5471 596 5536 optim
608 5471 683 5534 atqua
695 5471 847 5524 eruditisaim
860 5469 887 5520 F
949 5469 1051 5534 (511111
1102 5469 1359 5532 quasistmtltaosaa
1430 5477 1464 5538 (1)
1482 5473 1623 5536 erugatisF
1686 5473 1731 5536 (10)
1748 5467 1866 5518 ommam
1907 5517 1911 5536 Ξ
