4366 6258
283 339 443 414 XXXVII
468 353 514 418 ll.
536 351 583 416 tr.
605 351 653 418 13.
674 353 711 416 14

287 535 351 594 mall
366 537 589 604 summovebitur,
629 535 675 592 uia
695 537 783 594 dando
805 551 834 594 se
850 537 894 592 ιιιι
911 535 1093 608 adrogantium

285 609 402 664 testator
422 623 483 662 cum
504 607 591 688 capite
611 553 738 664 ‘fortunas
758 621 864 676 quoque
884 621 956 688 suas·
970 605 1092 688 infami·

285 677 348 730 ham
367 681 395 730 et
411 675 516 730 domum
533 675 647 730 ahenam
664 677 818 732 transferat.
842 673 923 744 plane
935 691 958 730 ιι
972 691 1014 730 sur
1027 691 1092 730 rurus

285 743 399 800 effectus
416 743 544 798 codicillis
562 747 610 796 aut
627 743 687 798 aliis
703 743 798 798 litteris
821 741 912 798 eodem
933 747 1092 798 testamento

284 827 315 868 se
332 811 402 866 mori
417 811 484 866 velle
501 811 687 878 declaraverit,
704 811 839 878 voluutas,
863 825 933 878 quae
950 811 1092 878 defecerat,

284 877 385 934 iudicio
401 877 503 934 recenti
518 877 620 934 redisse
636 879 816 946 intellegetur,
838 895 893 932 nou
914 895 991 934 secus
1015 893 1048 934 ac
1069 879 1093 932 si

286 949 348 1016 quis
365 947 439 1000 ahud
455 951 642 1002 testamentum
659 947 765 1002 lecisset
782 961 815 1000 ac
831 961 969 1014 supremas
987 945 1092 1000 tabulas

285 1015 431 1078 incidisset,
450 1017 480 1066 ut
496 1013 598 1082 priores
617 1029 756 1084 supremas
772 1011 940 1080 relinqueret.
975 1027 1026 1068 nec
1042 1029 1092 1082 pu-

285 1081 383 1136 tauerit
398 1081 538 1150 quisquam
554 1081 628 1138 nuda
644 1081 782 1136 voluntate
803 1081 930 1134 constitui
948 1085 1091 1134 testamen·

287 1153 357 1202 tum:
375 1165 429 1202 uon
446 1147 516 1202 enim
533 1147 566 1204 de
581 1149 641 1205 iure
653 1147 807 1210 testamenti
820 1147 933 1202 maxime
947 1147 1091 1228 quaeritur,

287 1213 336 1270 sed
351 1213 452 1268 viribus
468 1217 641 1284 exceptionis.
677 1229 746 1284 quae
767 1213 795 1266 in
816 1215 868 1270 hoc
884 1213 982 1270 iudiero
1000 1229 1091 1282 quam·

288 1297 367 1350 quam
379 1281 650 1362 ‘actori'opponatun
674 1297 708 1336 ex
728 1295 845 1348 persone
866 1285 956 1336 ιιιιιιιι
972 1281 1030 1336 eius
1047 1283 1092 1350 qui

287 1355 579 1474 οριοῖωἷιῆιξῗιιωῗιιιιιι
590 1417 704 1490 septimo
716 1415 902 1484 quaestionum
921 1413 965 1496 lit
977 1415 1091 1496 scriptus

286 1483 364 1540 heres
382 1483 544 1552 adgnoscere
559 1485 647 1554 possit
663 1483 796 1540 bonorum
812 1497 1015 1552 possessionem,
1036 1497 1091 1538 eur·

286 1551 400 1620 gendm
416 1557 491 1622 puto,
508 1557 539 1606 ut
555 1557 582 1606 et
599 1551 796 1606 demonstratus
812 1551 846 1606 sit
860 1549 969 1620 propria
984 1551 1092 1606 demon-

287 1621 415 1674 stratione
432 1625 460 1674 et
475 1621 564 1690 portio
581 1617 720 1686 adscripta
737 1617 762 1672 ei
778 1619 890 1672 inveniri
907 1619 1005 1692 possit,
1029 1619 1092 1672 licet

287 1687 344 1742 sine
359 1691 436 1756 perte
452 1687 590 1742 ιιιιιιιιιιιιι
611 1685 660 1740 sit:
683 1699 747 1738 nam
770 1687 816 1756 qui
837 1685 894 1740 sine
908 1693 992 1808 fieris
1014 1685 1092 1740 heres

286 1753 424 1810 institutus
443 1759 497 1822 est,
519 1759 660 1808 vacantem
683 1753 831 1822 portionem
848 1753 891 1808 rel
934 1753 988 1808 ium
1005 1769 1092 1808 assem

287 1829 410 1892 occupat.
436 1819 507 1892 quod
524 1819 546 1876 si
562 1823 601 1876 ita
615 1821 693 1876 heres
708 1821 823 1890 scriptus
837 1821 880 1888 sit,
899 1827 930 1876 ut
941 1819 1092 1876 ιιιιιιιιιιιι9

287 1889 444 1944 excludatur
461 1903 479 1942 a
494 1893 661 1956 testamento,
680 1903 712 1944 eo
731 1889 801 1958 quod
816 1905 870 1942 non
883 1887 1016 1944 invenitur
1028 1905 1092 1958 por-

286 1957 334 2022 tio,
352 1971 385 2010 ex
401 1971 455 2026 qua
470 1957 608 2012 institutus
623 1963 673 2022 est,
691 1971 741 2012 nec
754 1957 885 2012 bonorum
898 1957 1092 2026 possessionem

286 2031 377 2094 petere
387 2027 490 2146 fetent.
525 2023 554 2078 id
574 2025 675 2092 creuit,
697 2025 721 2080 si
742 2025 801 2094 quis
821 2025 861 2080 ita
877 2023 1000 2080 heredem
1017 2025 1093 2080 insti·

286 2097 358 2146 tuat:
377 2097 385 2122 ⁴
410 2091 473 2146 itius
491 2095 591 2160 quanta
609 2107 642 2146 ex
658 2097 737 2162 parte
752 2093 842 2164 priore
858 2097 1016 2148 testamento
1032 2107 1093 2146 eum

287 2161 418 2216 ‘heredem
436 2161 564 2242 scriptum
580 2161 676 2230 habeo,
693 2161 771 2218 heres
789 2161 856 2218 esto’
874 2161 916 2216 vel
933 2163 1042 2230 ‘quanta
1058 2177 1092 2218 ex

286 2233 371 2300 'parte
385 2227 513 2284 codicilhs
528 2227 657 2298 seriptum
666 2245 728 2284 eum
741 2231 837 2296 habeo,
851 2229 928 2284 heres
942 2229 1018 2296 esto’,
1036 2229 1093 2284 'sic
1112 2235 1114 2240 ’

285 2299 401 2368 scriptus
412 2295 633 2352 noninreniatur.
656 2297 729 2368 quod
740 2299 812 2354 siita
823 2297 971 2378 scripseror
989 2297 1093 2366 ‘Titius

285 2365 318 2422 ‘si
329 2381 389 2420 eum
397 2365 486 2436 priore
495 2371 653 2422 testamento
666 2383 700 2422 ex
710 2367 819 2422 semisse
830 2371 959 2436 sumptum
969 2365 1094 2422 heredem

286 2435 388 2490 ‘habeo’
403 2435 444 2488 rel
457 2431 490 2488 ‘si
500 2449 560 2488 eum
572 2433 702 2490 codicillis
716 2449 749 2488 ex
759 2435 869 2490 semisse
876 2435 1000 2490 heredem
1009 2435 1093 2506 scrip·

284 2505 363 2568 sere,
384 2517 417 2558 es
434 2501 543 2558 ιιιιιιιι
559 2503 637 2556 heres
653 2503 730 2568 esto',
750 2509 816 2560 tune
833 2503 946 2572 accipiet
962 2503 1095 2558 bonorum

284 2571 478 2640 possessionem
496 2569 573 2638 quasi
590 2569 642 2626 sub
659 2569 816 2628 condicione
833 2573 909 2626 heres
927 2569 1052 2640 scriptus.

650 2707 736 2772 xlit

363 2811 395 2862 ιι
412 2811 611 2862 semensa
629 2809 708 2870 uuus
725 2809 943 2862 ιιιιιιιιιιιιιιι
961 2811 1022 2862 ιιι.

324 2911 338 2970 ι
362 2911 509 2968 uterinos
523 2911 591 2968 libro
609 2911 837 2984 quadrupertitas
856 2911 949 2982 quinto
973 2911 1011 2968 od
1026 2911 1096 2968 rdic-

287 2983 343 3034 tcm
377 2979 572 3050 Emancipatus
588 2995 606 3034 a
623 2985 735 3050 parente
752 2981 781 3034 ιιι
798 2995 831 3034 ea
848 2985 1002 3046 causaest,
1021 2987 1052 3034 ut
1067 2979 1096 3034 in

287 3053 383 3104 contra
402 3049 510 3106 tabulas
530 3050 664 3104 bonorum
686 3049 857 3118 possessione
872 3049 961 3104 liberti
977 3049 1096 3118 patietur

287 3119 396 3173 exitum.
448 3117 502 3172 uod
519 3117 709 3188 aequissimum
744 3117 843 3172 raetori
859 3117 944 3172 ιιιιιιιι
962 3123 1015 3184 ιιι,
1033 3117 1096 3188 quia

287 3201 305 3240 a
320 3133 602 3268 parenmqbenefiotum
617 3185 712 3240 hahuit
724 3133 855 3242 Bonorum
869 3185 1095 3256 quaerendorum:

287 3269 386 3324 qmppe
401 3253 426 3310 si
443 3253 512 3310 filius
530 3253 645 3310 lamnas
662 3259 746 3322 esset,
770 3253 955 3324 quodcumque
977 3253 1028 3310 sibi
1049 3255 1095 3310 ad·

288 3323 412 3392 quireret,
431 3323 487 3378 eius
505 3325 711 3380 emolumentum
728 3323 800 3394 patri
816 3329 963 3392 quaereret.
992 3329 1020 3378 et
1034 3321 1095 3380 ideo

287 3391 354 3444 itum
371 3396 411 3446 est
423 3391 451 3446 iu
463 3391 524 3458 hoc,
542 3397 572 3446 ut
584 3407 683 3460 parens
697 3391 818 3460 exemplo
832 3391 939 3460 patroni
953 3391 987 3444 ad
1001 3397 1096 3448 contra

290 3463 302 3514 1
338 3457 444 3514 tabulas
461 3461 592 3516 bonorum
608 3459 807 3528 possessionem
824 3459 987 3514 admittatur.
1019 3459 1095 3514 linu-

288 3531 425 3582 mersntur
446 3527 528 3598 igitur
549 3527 638 3584 edicto
655 3541 788 3598 personae
803 3529 1026 3582 manumissorum
1042 3529 1095 3584 sic:

261 3607 262 3610 ’
289 3597 326 3650 ‘iu
342 3611 387 3662 eo,
408 3595 454 3664 qui
476 3611 493 3650 a
513 3601 591 3664 patre
613 3611 696 3652 arone
713 3601 825 3666 paterne
842 3611 975 3664 proarcre
991 3595 1096 3664 paterni

290 3669 304 3718 ι
338 3663 391 3718 ‘ari
426 3665 501 3720 atre’.
536 3663 629 3734 Nepos
652 3665 687 3720 ab
708 3679 758 3718 aro
781 3663 960 3718 manumissus
977 3663 1050 3720 dedit
1067 3679 1096 3720 se

288 3679 470 3802 adrogangum
480 3733 552 3802 patri
562 3747 627 3788 suo:
643 3731 698 3788 sire
707 3747 818 3788 manens
827 3733 856 3784 ιιι
867 3737 1002 3802 potestate
1010 3733 1096 3802 patris

288 3799 432 3856 decesserit
449 3799 504 3856 sire
520 3799 700 3856 manumissus
717 3799 786 3854 diem
807 3815 885 3856 suum
906 3801 999 3866 obeat,
1022 3801 1096 3856 solus

288 3867 443 3924 admittetur
460 3883 524 3924 arus
542 3867 578 3922 ad
593 3869 651 3924 eius
669 3867 866 3922 successionem
887 3883 921 3922 ex
936 3867 1095 3938 interpreta-

287 3937 360 3994 tione
381 3935 472 4004 edicti,
500 3937 563 4006 quia
586 3935 699 4006 perinde
725 3935 812 3990 defert
835 3937 1097 4006 praetorianorum

287 4005 483 4076 possessionem
499 4009 579 4076 atque
592 4005 616 4060 si
631 4021 664 4060 ex
677 4003 806 4060 seruitute
817 4003 996 4062 manumissus
1010 4009 1095 4062 essetr

287 4089 368 4144 porro
390 4075 414 4132 si
433 4075 485 4128 hcc
506 4077 591 4140 esset,
613 4077 662 4128 aut
683 4089 738 4128 non
761 4077 830 4128 esset
851 4073 1010 4144 adrogatur,
1034 4075 1096 4144 quia

288 4141 426 4210 adrogatio
449 4141 537 4198 liberti
558 4141 723 4198 admittenda
743 4157 798 4196 non
818 4147 871 4208 est,
895 4147 942 4196 aut
959 4143 983 4196 si
1000 4141 1095 4210 obrep-

288 4209 366 4276 serit,
388 4209 495 4278 patroni
515 4215 606 4266 tamen
628 4209 711 4264 nihilo
728 4209 816 4264 minus
832 4209 873 4264 ius
890 4209 1023 4278 integrum
1038 4225 1095 4266 ma·

290 4283 313 4360 3·
339 4281 423 4332 neret
449 4277 479 4330 Si
495 4291 592 4348 parens
603 4279 653 4360 ⁸rel
669 4277 775 4360 accepit
791 4279 941 4358 pecuniam,
958 4283 989 4332 ut
1006 4291 1095 4360 eman-

290 4345 1099 4482 tibintttttnttbtittttbtttttttttit

291 4487 309 4536 ι
341 4481 494 4548 repelletur.
519 4481 571 4534 Est
587 4487 615 4536 et
632 4483 700 4536 alius
719 4497 807 4548 casus,
825 4497 876 4550 quo
890 4483 1023 4536 bonorum
1035 4497 1097 4550 pos-

291 4549 436 4606 sessionem
453 4553 548 4604 eontra
563 4549 672 4606 tabulas
686 4563 784 4620 pareus
800 4549 975 4618 non'aoeipit,
994 4549 1017 4604 si
1030 4549 1099 4606 forte

291 4615 361 4672 filius
386 4617 500 4672 militare
525 4617 657 4686 coeperit:
686 4633 749 4672 uam
773 4615 849 4672 divus
872 4617 938 4672 Pius
962 4617 1099 4686 rescripsit

291 4689 396 4754 patrem
413 4685 447 4738 ad
465 4689 559 4738 contra
574 4685 683 4740 tabulas
700 4687 831 4740 bonorum
845 4685 1041 4754 possessionem
1054 4699 1098 4738 ve·

292 4759 306 4804 5
342 4751 399 4806 nire
416 4769 470 4806 non
485 4765 573 4820 posse.
600 4753 715 4808 Liberos
728 4759 818 4806 sutem
828 4753 1030 4806 manumissoris
1043 4767 1098 4806 non

291 4819 381 4874 venire
402 4819 438 4874 ad
455 4825 549 4874 contra
566 4819 673 4876 tabulas
690 4819 823 4876 bonorum
839 4819 1034 4890 possessionem
1051 4819 1099 4874 lilii

291 4893 307 4942 6
342 4893 455 4954 constat,
473 4885 601 4956 quamvis
629 4887 718 4942 atroci
734 4889 849 4942 veniant.
883 4887 991 4942 Patrem
1008 4891 1098 4942 autem

291 4961 404 5024 accepta
427 4961 521 5010 conus
542 4955 588 5008 tab
619 4969 651 5010 as
671 4955 804 5012 bonorum
827 4955 996 5024 possessione
1013 4959 1040 5010 ιι
1056 4955 1098 5010 ius

290 5023 347 5078 anti
365 5041 437 5090 uum,
456 5023 528 5092 quod
544 5027 572 5080 et
587 5023 645 5078 sine
656 5023 863 5078 manumissione
875 5023 1001 5088 habebat,
1019 5037 1099 5092 posse

290 5041 493 5146 sibidaiendere
502 5091 621 5146 lulianus
633 5089 753 5160 scripsitr
765 5107 815 5146 nee
826 5091 895 5154 enim
907 5091 932 5146 ei
944 5105 1041 5146 nocere
1052 5089 1098 5146 de·

290 5158 337 5213 bet
380 5161 435 5216 uod
445 5159 504 5214 iura
518 5163 676 5230 patronatus
693 5159 810 5214 habebat
817 5161 837 5224 ⁵,
855 5175 916 5214 cum
927 5159 964 5220 sit
975 5163 1002 5214 ιι
1012 5163 1098 5230 pater.

326 5177 456 5284 stares
475 5227 544 5284 libro
565 5229 659 5298 quinto
682 5227 783 5282 decimo
803 5227 841 5282 ool
857 5227 1099 5298 cdr'ctumprceia-

292 5295 360 5350 ciale
401 5295 464 5350 Non
488 5311 573 5364 usque
599 5293 673 5352 adeo,
696 5293 885 5362 exaequandae
914 5299 956 5348 est
983 5299 1098 5364 patrono

292 5409 421 5420 *σπι-ιι.-

293 5465 323 5530 (t)
340 5465 369 5516 ιιι
382 5467 429 5518 dal.
506 5467 539 5532 (tl
556 5463 693 5530 interdum]
706 5463 828 5516 inarum
842 5485 889 5518 ror·
968 5467 999 5532 (ι)
1018 5467 1098 5518 eiius.

293 5533 479 5588 Brencrnoanur

328 5601 361 5664 (ι)
378 5603 439 5656 Sao.
450 5613 468 5656 ι.
479 5615 504 5664 ιι
521 5601 636 5662 Εᾱ.ι.ι;
656 5599 719 5668 Pop.
730 5603 868 5654 ιι-Βαι.
879 5603 943 5666 40,ι
1004 5603 1037 5666 (ι)
1055 5603 1100 5652 ha-

291 5667 375 5738 hebet]
383 5667 474 5722 habeat
481 5671 531 5722 Ad.
540 5671 652 5722 Schmidt
721 5671 753 5734 (d)
770 5671 900 5734 potestatis
911 5669 1011 5726 Gradus

328 5741 360 5802 ιι)
379 5737 439 5790 Sao.
453 5767 489 5776 --
503 5737 566 5790 Bas.
577 5741 619 5806 ιι,
628 5749 661 5806 ιι,
671 5749 698 5792 es
801 5743 834 5804 (ι)
849 5755 890 5806 pr.
904 5761 939 5784 τε
950 5737 985 5788 D.
995 5739 1035 5804 29,
1045 5749 1063 5806 r,
1073 5751 1100 5792 ιι

294 5807 328 5874 (ι)
345 5805 442 5860 hostico
455 5807 511 5860 dett
606 5809 651 5874 (ιι)
669 5805 811 5872 militesque
824 5807 883 5860 inae
901 5821 963 5872 ques
974 5819 1031 5874 post
1044 5823 1117 5874 pem,

1090 343 1155 422 ιιι

1146 5813 1197 5874 (ιι)
1214 5807 1281 5860 idem
1290 5809 1330 5860 ι’
1381 5813 1425 5878 ιιι)
1444 5809 1557 5876 libertini
1565 5813 1627 5866 Hat
1733 5831 1734 5834 ¹

1420 373 1467 424 ost
1488 371 1566 424 sou.
1589 369 1678 422 ross.
1700 357 1746 418 ux
1766 365 1857 418 rssr.
1877 365 1932 436 mr,

1141 553 1248 610 parens,
1264 541 1295 592 ut
1307 537 1386 592 etiem
1395 537 1515 594 Faviana
1526 541 1573 592 aut
1582 535 1730 594 Galvbiaua
1741 535 1811 592 ectio
1825 533 1851 592 ei
1862 533 1932 608 detur¹

1143 607 1206 676 quia
1227 607 1347 676 iniquum
1368 613 1410 662 est
1431 607 1440 660 i
1476 607 1551 662 enuis
1568 605 1719 660 hominibus
1736 621 1791 658 non
1807 619 1866 660 esse
1881 603 1932 662 libs

1142 691 1201 730 ram
1218 691 1308 730 rerum
1325 691 1434 730 sumum
1480 673 1647 730 'credonem

1175 739 1194 802 3
1213 743 1334 798 Perses
1348 743 1417 798 libro
1434 747 1528 798 oetaeo
1541 745 1578 796 ecl
1588 741 1725 796 Plautium
1752 739 1883 796 Paconius
1894 741 1932 802 ait.
1956 763 1957 766 ¹

1142 805 1266 880 siturpee
1278 823 1416 878 personas,
1428 811 1510 866 veluti
1522 809 1696 874 meretricem,
1709 823 1727 864 a
1738 813 1849 878 parente
1860 825 1932 866 eman·
1952 823 1959 898 p

1144 877 1248 946 cipatus
1265 883 1293 932 et
1309 877 1486 934 manumissus
1503 877 1614 932 heredes
1632 877 1748 942 iecisset,
1767 881 1884 932 totorum
1898 877 1932 934 ho·
1952 895 1959 934 ι

1142 961 1238 1000 norum
1259 951 1354 1000 contra
1374 945 1481 1000 tabulas
1502 943 1636 1012 possessio
1658 945 1764 1014 parenti
1785 943 1877 1000 dature
1899 957 1933 1006 aul
1952 943 1959 1010 ι

1142 1013 1305 1066 constitutae
1316 1013 1412 1082 partis,
1429 1013 1452 1066 si
1463 1027 1518 1066 non
1532 1013 1617 1080 turpis
1632 1011 1710 1068 heres
1723 1017 1793 1066 esset
1804 1011 1932 1072 institutus,

1145 1087 1155 1132 l
1193 1079 1222 1132 Si
1235 1079 1306 1134 iilius
1320 1079 1503 1148 emancipatus
1517 1085 1676 1136 testamento
1690 1095 1739 1136 suo
1754 1083 1858 1150 patrem
1872 1095 1932 1142 suun
1952 1069 1958 1092 ³

1142 1147 1310 1216 praeterierit
1319 1147 1374 1202 sire
1383 1147 1507 1202 heredem
1518 1147 1670 1212 instituerit,
1685 1147 1884 1202 fideicommissa
1894 1165 1932 1210 non
1952 1131 1957 1170 Ξ

1142 1219 1254 1282 cogetur
1266 1219 1345 1282 pater
1356 1219 1494 1284 praestare
1506 1231 1539 1268 ex
1550 1229 1600 1268 sua
1611 1219 1696 1282 parte,
1715 1229 1782 1282 quae
1795 1213 1819 1270 ei
1831 1213 1933 1288 deheim,

1142 1281 1246 1336 etiamsi
1264 1279 1360 1336 adierit
1376 1281 1557 1336 hereditatem.
1586 1281 1633 1336 sed
1651 1289 1677 1336 et
1694 1283 1718 1336 si
1736 1281 1791 1336 lilia
1807 1281 1849 1336 rel
1865 1287 1933 1350 nepti,

1142 1349 1305 1404 manumissa
1316 1347 1352 1402 sit
1361 1353 1388 1402 ιι
1397 1353 1474 1418 pater
1485 1349 1524 1402 rel
1535 1363 1602 1402 arus
1613 1351 1773 1416 praeteritus
1784 1353 1857 1418 petat
1867 1351 1932 1408 bonu
1952 1355 1958 1426 ξ

1142 1431 1201 1470 rum
1218 1415 1422 1484 possessiouem,
1442 1415 1534 1470 eadem
1551 1429 1619 1486 quae
1636 1417 1664 1470 ln
1680 1417 1734 1480 filio
1753 1417 1863 1470 dicenda
1879 1427 1932 1476 sunt

1178 1481 1198 1540 4
1221 1483 1401 1540 dinocrates
1419 1483 1488 1540 libro
1510 1499 1581 1540 nono
1605 1483 1768 1556 dipestorum
1809 1483 1883 1538 Patri
1901 1489 1957 1554 ιιι

1142 1549 1227 1606 filium
1244 1549 1421 1620 emanciparit
1438 1549 1471 1606 de
1487 1551 1544 1616 his,
1568 1567 1638 1618 quae
1654 1551 1786 1606 libertatis
1804 1567 1884 1606 causa
1898 1551 1932 1612 in·
1952 1561 1959 1582 ³

1142 1619 1233 1686 posita
1249 1617 1362 1684 meunt,
1386 1625 1495 1686 praetor
1517 1619 1582 1672 nihil
1604 1619 1696 1684 edicit,
1722 1625 1748 1672 ιι
1769 1621 1829 1672 ideo
1851 1621 1957 1684 frustrat

1143 1691 1221 1754 pater
1238 1699 1334 1754 operas
1352 1687 1525 1754 stipulabitur
1542 1685 1575 1740 de
1592 1685 1655 1740 filio.

1177 1751 1196 1810 5
1214 1753 1399 1808 Parrnranos
1414 1753 1482 1808 libro
1497 1753 1638 1808 undecimo
1654 1755 1840 1824 quaestionum
1868 1753 1933 1816 Diru

1143 1819 1277 1876 Traianus
1290 1819 1383 1886 filium,
1401 1835 1479 1888 quem
1490 1825 1568 1890 pater
1579 1821 1649 1876 male
1659 1827 1754 1876 contra
1785 1821 1890 1876 ietatem
1900 1825 1933 1880 at.

1142 1889 1258 1954 liciebat,
1271 1891 1358 1958 coegit
1367 1889 1545 1958 emancipare.
1563 1905 1616 1958 quo
1626 1895 1720 1970 postea
1732 1837 1865 1954 (ιιιιιιιιιο,
1875 1897 1933 1958 peto
1952 1893 1957 1968 2,

1142 1961 1173 2010 ut
1184 1957 1363 2012 manumissor
1376 1957 1508 2010 bonorum
1521 1973 1717 2026 possessronem
1734 1957 1786 2012 sibi
1803 1965 1933 2026 comperero

1144 2025 1265 2080 dicebatr
1289 2025 1337 2080 sed
1359 2023 1471 2080 consilio
1493 2023 1598 2080 Neratii
1618 2025 1704 2080 Prisci
1727 2031 1754 2080 et
1772 2023 1901 2080 Aristonis
1919 2031 1958 2088 ιιι,

1142 2099 1254 2164 propter
1265 2093 1452 2148 necessitatem
1463 2093 1605 2148 solvendae
1619 2093 1744 2162 pietatis⁶
1760 2093 1887 2162 denegate
1899 2103 1933 2166 ιιι
1952 2139 1958 2160 ,

1952 2179 1957 2206 ι

1500 2231 1599 2294 XIII'.
1952 2261 1957 2298 ι

1145 2331 1191 2382 ιιι
1215 2329 1380 2382 sonorum
1402 2329 1625 2452 POSSffiffisffi‘
1652 2331 1702 2382 sn
1727 2297 1957 2460 resumentem}

1182 2497 1218 2558 1Β
1240 2499 1386 2556 Utrrnrrrs
1398 2501 1465 2556 libro
1481 2497 1589 2572 quadro
1609 2501 1709 2554 ausimo
1724 2499 1818 2570 quinto
1832 2499 1869 2554 od
1881 2499 1933 2556 edre

1146 2571 1203 2622 tum
1236 2569 1299 2626 Non
1313 2567 1424 2622 dubium
1437 2575 1486 2634 est,
1505 2569 1570 2638 quin
1583 2517 1699 2624 debeant
1713 2573 1789 2624 ratae
1803 2569 1933 2626 voluntate
1952 2561 1958 2630 's

1145 2651 1204 2692 esse
1222 2653 1327 2702 eorum,
1350 2637 1397 2708 qui
1418 2637 1447 2692 ιιι
1466 2637 1617 2692 hosticolo⁹
1638 2653 1763 2706 suprema
1784 2635 1881 2692 iudicia
1900 2653 1934 2692 ιιι
1957 2683 1958 2686 ,

1146 2719 1253 2776 quoquo
1268 2703 1347 2760 modo
1362 2705 1530 2776 ordinassent
1544 2705 1695 2776 ibidemque
1709 2705 1777 2760 diem
1792 2721 1869 2760 suum
1881 2705 1933 2760 obis·
1952 2709 1957 2744 i

1145 2781 1214 2830 sent.
1250 2789 1411 2842 quamquam
1433 2773 1503 2830 enim
1523 2773 1604 2830 distet
1622 2773 1742 2830 ιοιιιιιιιι
1759 2773 1871 2828 militum
1880 2777 1899 2806 ¹⁰
1912 2775 1933 2828 ah
1952 2745 1957 2810 ι

1145 2841 1188 2898 his
1199 2841 1321 2914 personis
1333 2843 1536 2898 constitutiones
1547 2843 1707 2912 principales
1718 2847 1851 2912 separent,
1865 2847 1934 2896 tamer
1957 2893 1958 2900 ι

1146 2911 1193 2980 qui
1214 2911 1243 2964 iu
1265 2911 1406 2980 procinctu
1427 2917 1567 2966 versentur
1585 2927 1646 2966 eum
1663 2910 1755 2966 eadem
1771 2911 1889 2980 pericula
1904 2925 1934 2964 er·
1957 2935 1958 2944 ι

1145 2979 1298 3050 periantur,
1321 2981 1382 3034 iura
1398 2995 1504 3050 quoque
1520 2979 1614 3034 eadem
1630 2979 1725 3036 merito
1743 2979 1794 3034 sibi
1811 2979 1935 3034 vindicant.

1146 3063 1238 3104 ornnes
1255 3049 1336 3128 igitur
1354 3049 1470 3114 omnine,
1489 3049 1534 3118 qui
1553 3049 1610 3104 eius
1628 3055 1692 3102 sunt
1706 3047 1904 3114 condicionisfl,
1917 3053 1935 3100 ut

1145 3117 1205 3172 iure
1227 3115 1337 3172 militari
1359 3117 1452 3172 testari
1475 3117 1669 3188 nonpossint,
1695 3117 1719 3172 si
1742 3117 1771 3170 ιιι
1793 3115 1935 3172 hosticoloi

1146 3185 1382 3256 deprehendantur
1398 3193 1425 3240 et
1442 3185 1496 3240 illic
1513 3185 1656 3252 decedant,
1678 3187 1811 3256 quomodo
1829 3185 1906 3240 eelim
1919 3189 1935 3238 ιι

1146 3253 1279 3324 quomodo
1303 3253 1420 3324 possint,
1446 3255 1617 3310 testabuntur
1626 3255 1655 3322 ¹³,
1682 3253 1737 3310 sira
1761 3271 1870 3322 praeses
1894 3253 1959 3322 quis¹

1146 3323 1182 3378 sit
1204 3323 1359 3394 provinciae
1380 3325 1434 3378 sire
1455 3323 1559 3394 legatus
1577 3323 1632 3380 sire
1649 3323 1709 3444 spuis
1727 3321 1808 3388 aliua,
1832 3323 1877 3392 qui
1895 3323 1935 3376 ιιιι

1149 3397 1161 3444 l
1198 3391 1306 3446 militari
1328 3391 1423 3446 testari
1445 3407 1500 3446 non
1522 3395 1620 3460 potest.
1674 3397 1727 3444 tem
1752 3393 1900 3446 nauarchos
1920 3393 1958 3454 et¹

1146 3459 1310 3516 trierarchos
1328 3459 1455 3514 classium
1470 3459 1529 3514 iure
1545 3457 1654 3514 militari
1676 3475 1755 3528 posse
1772 3459 1866 3514 testari
1882 3457 1936 3514 nult
1956 3483 1958 3486 ·

1147 3529 1279 3584 dubitatio
1298 3533 1347 3582 est.
1381 3529 1409 3582 in
1426 3527 1557 3582 classibus
1574 3543 1667 3584 omnes
1683 3527 1795 3596 remiges
1813 3533 1841 3582 et
1857 3533 1935 3604 ncuttt
1952 3531 1958 3584 l

1145 3597 1242 3652 milites
1259 3601 1332 3652 sunt.
1366 3595 1429 3652 item
1446 3595 1536 3664 vigiles
1559 3595 1656 3652 milites
1679 3601 1743 3652 sunt
1764 3601 1792 3652 et
1812 3595 1871 3652 iure
1887 3595 1935 3650 mil·

1146 3669 1161 3718 t
1197 3665 1251 3718 tari
1268 3679 1314 3720 eos
1331 3665 1425 3720 testari
1441 3679 1520 3734 posse
1537 3665 1612 3720 nulla
1629 3663 1756 3722 dubitatio
1775 3669 1823 3720 est.
1851 3665 1878 3720 Si
1895 3661 1935 3734 quir
1958 3685 1959 3688 ¹

1146 3733 1260 3788 militum
1274 3749 1308 3788 ex
1320 3735 1374 3788 elio
1386 3749 1496 3790 numero
1509 3733 1657 3790 translatus
1673 3733 1707 3788 sit
1718 3733 1747 3788 ιιι
1759 3733 1849 3800 alium,
1863 3747 1935 3804 quan·

1146 3803 1185 3856 ris
1209 3809 1236 3856 et
1257 3801 1320 3856 hinc
1342 3801 1378 3856 sit
1400 3807 1539 3870 exemptus
1557 3809 1585 3856 et
1601 3801 1782 3858 illonoudum
1798 3799 1935 3872 pervenerit
1958 3831 1959 3834 =

1146 3875 1236 3924 tamen
1258 3871 1358 3938 poterit
1379 3869 1438 3926 iure
1457 3869 1567 3924 militari
1583 3871 1692 3926 testem:
1716 3875 1757 3924 ιιι
1780 3871 1849 3924 enirn
1871 3869 1935 3928 miles

1147 3937 1266 4006 quamvis
1283 3937 1312 3992 iu
1328 3937 1446 3994 ιιιιιιιιιιι
1462 3955 1517 3994 nou
1534 3937 1576 3994 sit.
1958 3975 1959 3978 ι

1486 4079 1613 4140 ΧΙΠΙ“.

1354 4177 1748 4230 nn1onnrnruonsrus.
1851 4147 1852 4150 '

1183 4273 1197 4334 1
1229 4277 1376 4334 Urmnrrs
1395 4277 1463 4334 libro
1487 4293 1559 4334 nono
1581 4277 1616 4334 dc
1638 4277 1734 4348 officio
1754 4273 1937 4348 proconsulari

1146 4345 1327 4402 Patronorum
1357 4345 1488 4414 querellas
1520 4345 1648 4402 adversus
1680 4345 1791 4402 libertos
1820 4343 1937 4418 praesid·

1148 4413 1243 4468 audire
1266 4419 1294 4468 et
1316 4429 1371 4468 uon
1392 4413 1560 4468 translatitie
1577 4413 1687 4484 exsequi
1704 4413 1813 4480 dehent,
1838 4423 1939 4480 cum‚u

1148 4481 1175 4534 in
1208 4487 1269 4538 atus
1283 4481 1397 4536 libertus
1415 4481 1458 4546 sit,
1475 4497 1531 4536 non
1544 4483 1653 4552 impune
1667 4481 1811 4536 ferre'eum
1826 4485 1938 4550 oporteat

1149 4565 1178 4604 se
1215 4549 1239 4604 si
1256 4549 1362 4618 quidem
1378 4549 1544 4606 inofficiosus
1561 4555 1676 4618 patrono
1693 4555 1823 4618 pabonae
1836 4549 1940 4604 liberisue

1150 4633 1242 4672 eorum
1260 4619 1308 4684 sit,
1325 4617 1508 4684 tantummodo
1527 4617 1652 4686 castigari
1670 4633 1730 4672 eum
1746 4619 1797 4672 sub
1815 4615 1940 4672 commisc-

1149 4687 1223 4752 tione
1248 4685 1340 4752 aliqua
1364 4685 1513 4740 serenitatis
1538 4701 1593 4740 non
1619 4683 1772 4750 defuturae,
1805 4683 1829 4738 si
1853 4693 1941 4738 rursum

1149 4753 1296 4822 csausamffi¹
1315 4753 1449 4832 querellae
1474 4753 1641 4822 praebuerit,
1672 4757 1699 4804 et
1724 4751 1820 4804 dimitti
1845 4753 1939 4828 oportet

1150 4821 1285 4874 enimvero
1313 4835 1338 4874 ιι
1366 4819 1554 4874 contumeliam
1582 4819 1647 4874 fecit
1675 4825 1722 4872 sut
1748 4819 1895 4874 oonncium
1912 4831 1941 4872 et

1149 4887 1224 4954 dixit,
1243 4885 1323 4940 etiam
1339 4887 1368 4942 ιιι
1385 4885 1491 4942 exilium
1508 4885 1655 4954 temporale
1673 4885 1732 4940 dari
1748 4885 1869 4942 debebit:
1887 4881 1941 4956 quod

1148 4955 1174 5008 si
1190 4969 1285 5010 manus
1301 4955 1404 5020 intulit,
1427 4953 1455 5010 in
1478 4955 1614 5010 metallum
1631 4953 1736 5010 dandus
1753 4955 1817 5010 erit:
1839 4953 1907 5010 idem
1924 4955 1941 5006 et

1149 5023 1173 5080 si
1201 5023 1361 5076 calumniam
1387 5023 1504 5092 aliquam
1529 5023 1567 5078 eis
1592 5023 1720 5078 instrinxit
1744 5023 1786 5076 rel
1814 5023 1941 5080 delatorem

1148 5089 1306 5146 subornarit
1322 5089 1365 5144 rel
1382 5107 1461 5158 quam
1478 5105 1588 5146 causam
1604 5091 1731 5146 adversus
1748 5105 1795 5146 eos
1812 5089 1940 5160 temptant

1184 5155 1204 5214 2
1231 5159 1403 5214 utrumme
1427 5159 1495 5214 libro
1512 5161 1605 5228 pruine
1629 5161 1786 5240 opinionum
1826 5155 1941 5214 Ιιιιιιιι11

1148 5227 1270 5348 {efflator
1292 5227 1472 5296 negotiatione
1489 5227 1563 5282 licita
1579 5226 1716 5296 prohrberi
1733 5241 1749 5282 a
1766 5227 1885 5296 patronis
1901 5239 1940 5282 uon

1169 5311 1182 5348 θ
1203 5311 1257 5350 ens

1150 5467 1271 5530 sonnino.
1282 5467 1322 5518 F’
1394 5467 1437 5530 (11)
1455 5467 1574 5532 rescripta
1581 5467 1724 5534 principum
1733 5467 1867 5520 ostendunt
1874 5479 1941 5520 omre

1151 5535 1254 5584 omuino
1268 5533 1313 5600 qui
1326 5533 1380 5588 ιιιιι
1390 5537 1451 5586 sunt
1463 5535 1556 5602 padus
1568 5535 1602 5586 D.
1619 5537 1636 5586 ι.
1650 5555 1710 5604 yona
1800 5539 1846 5602 (ιι)
1863 5539 1941 5590 butu

1151 5605 1186 5654 D.
1197 5605 1212 5654 ι.
1221 5621 1282 5670 pem.
1352 5607 1395 5670 (lt)
1413 5605 1500 5656 ιιιιιιι
1508 5605 1542 5656 D.
1553 5605 1568 5656 L
1578 5623 1638 5672 pem.
1799 5637 1801 5642 ·
1958 5625 1959 5678 l

1185 5673 1230 5736 (ιι)
1249 5671 1310 5722 Sat.
1320 5683 1384 5734 hott
1398 5671 1446 5724 Ed.
1457 5683 1534 5734 tulit
1548 5671 1612 5740 Pop.
1622 5683 1713 5734 ranam
1731 5675 1797 5742 App.
1807 5683 1842 5728 il.
1851 5701 1884 5714 ··-·
1892 5677 1942 5728 Bae

1151 5743 1193 5806 ts,
1207 5751 1269 5792 1.-
1281 5741 1320 5808 Os}
1332 5741 1391 5798 eod.
1401 5743 1447 5806 6‚l
1515 5743 1558 5808 (ιι)
1576 5739 1686 5810 preculis
1699 5743 1725 5794 F
1790 5745 1834 5812 (tt)
1852 5739 1943 5798 auri
