4384 6266
1072 353 1130 430 tlt

953 455 1245 470 ff

275 369 390 434 tnta
1276 393 1279 402 .
1358 377 1403 424 on
1425 375 1659 424 ιιιιιιιιιιιι
1681 373 1801 420 nanno.
1814 373 1932 420 ιιιιιι.

272 553 405 622 prohiberi
421 557 516 622 potest,
534 551 558 606 si
575 551 686 604 servitus
701 547 837 614 debeatur,
856 565 975 620 opusque
990 549 1014 602 ei
1028 565 1076 604 no·
1127 549 1143 600 3
1177 545 1216 600 ιιι
1235 559 1297 598 area
1314 561 1377 616 pars
1401 549 1442 600 ιιι
1465 545 1587 600 aedificii.
1623 543 1651 598 Si
1674 541 1787 600 seruitus
1811 541 1935 598 stillicidii

273 639 335 676 uum
350 621 468 676 nuntiari
483 623 586 688 potest,
610 617 734 672 simodo
758 617 796 670 sic
813 617 909 682 iaciat,
932 625 963 670 ut
985 617 1077 672 lumini
1127 613 1251 682 imposita
1273 613 1322 680 sit,
1345 613 1485 668 nonlicet
1508 613 1613 668 domino
1637 613 1773 666 servientis
1797 627 1876 666 areae
1899 611 1936 664 ibi

275 695 380 744 noceat.
448 691 449 694 ’
1127 689 1144 738 4
1178 681 1327 748 aedificare,
1345 683 1392 736 ubi
1410 679 1537 736 cassitare
1555 683 1685 750 coepisset
1704 679 1872 734 stillicidium.
1909 679 1936 730 Si

310 753 347 814 16
365 755 482 810 Pronus
502 755 569 810 libro
590 753 707 808 secundo
731 755 906 826 epitomnrnm
923 751 1018 820 Alfeni
1039 751 1078 804 di·
1128 755 1208 806 antea
1232 765 1264 804 ex
1287 751 1377 820 tegula
1400 749 1565 804 cassitaverit
1587 749 1761 812 stillicidium,
1785 751 1881 818 postea
1904 761 1936 800 ex

273 829 408 896 postorum
441 823 543 876 Lumen
560 821 588 874 id
606 827 654 884 est,
673 827 704 874 ιι
721 823 823 876 caelum
839 823 980 884 videretur,
999 823 1026 872 et
1037 817 1077 870 in·
1127 819 1248 874 tabulato
1272 818 1314 872 rel
1337 833 1370 872 ex
1394 819 1446 872 alia
1470 817 1582 870 materia
1608 817 1736 872 cessitate
1760 833 1815 872 non
1839 819 1935 884 potest.

273 895 356 946 teresi
372 889 441 942 inter
464 891 554 944 lumen
578 893 603 942 et
625 897 809 956 prospectum:
836 907 897 942 nam
919 891 1077 956 prospectus
1127 891 1142 940 b
1178 885 1344 940 Stillioidium
1369 901 1475 954 quoquo
1500 885 1578 938 modo
1601 885 1761 952 adquisitum
1784 883 1833 948 sit,
1857 883 1935 936 altius

275 959 353 1012 ιιιιιι
371 973 404 1010 ex
424 955 594 1012 inferioribus
617 955 682 1010 locis
708 963 762 1024 est,
785 959 873 1012 lumen
896 971 930 1008 ex
952 953 1077 1006 inferiore
1127 955 1185 1006 tolli
1201 957 1305 1022 potest:
1328 953 1410 1006 levior
1428 953 1497 1006 enim
1520 953 1552 1006 fit
1574 967 1605 1006 eo
1629 953 1701 1006 facto
1725 951 1851 1014 servitus,
1877 967 1937 1002 cnm

273 1027 333 1078 loco
350 1039 408 1078 esse
425 1039 478 1078 non
494 1027 590 1090 potest.
1128 1021 1199 1090 quod
1224 1035 1256 1072 ex
1279 1021 1349 1084 alto,
1372 1021 1450 1074 cadet
1460 1021 1480 1052 ¹⁰
1497 1019 1581 1074 leuius
1600 1025 1626 1072 et
1647 1017 1779 1072 interdurn
1805 1017 1936 1086 direptum

311 1089 348 1148 17
372 1089 515 1144 Uarianos
540 1089 607 1144 libro
632 1091 771 1146 uicensimo
795 1105 866 1144 nono
888 1087 926 1140 nri
950 1087 1077 1142 Sabinam
1128 1105 1178 1144 uec
1194 1087 1331 1156 perveniat
1349 1087 1383 1140 ad
1398 1089 1487 1142 locnm
1511 1087 1680 1140 servientem:
1702 1083 1813 1138 iuferius
1837 1085 1938 1138 demitti

275 1159 302 1212 Si
320 1159 440 1212 arborem
455 1163 546 1224 ponat,
563 1161 594 1208 ιι
608 1157 699 1210 lumini
713 1159 822 1220 officiat,
841 1169 925 1222 aeque
939 1153 1077 1208 dicendum
1128 1173 1182 1210 non
1200 1159 1302 1224 potest,
1320 1155 1382 1222 quia
1399 1153 1430 1206 fit
1446 1153 1549 1222 gravior
1567 1155 1692 1216 servitus,
1711 1153 1738 1204 id
1756 1157 1797 1204 est
1814 1167 1862 1220 pro
1881 1151 1936 1204 stil-

275 1225 324 1278 erit
341 1231 434 1280 contra
450 1225 599 1294 impositam
617 1225 767 1280 seruitutem
782 1239 841 1278 eum
855 1221 957 1276 facere:
977 1237 1038 1276 nam
1052 1227 1078 1276 et
1128 1225 1216 1278 licidio
1238 1219 1344 1276 fiumen.
1372 1221 1464 1276 eadem
1490 1237 1572 1274 causa
1589 1227 1659 1274 retro
1679 1219 1740 1272 duci
1757 1225 1845 1286 potest
1863 1219 1937 1272 stilli-

275 1295 354 1348 arbor
371 1291 461 1356 efficit,
479 1309 530 1360 quo
548 1291 634 1348 minus
653 1295 719 1348 caeli
735 1291 817 1346 videri
833 1291 926 1356 possit.
951 1291 975 1342 si
990 1295 1078 1342 tamen
1129 1291 1233 1354 cidium,
1253 1289 1316 1358 quia
1332 1289 1359 1342 in
1377 1295 1468 1342 nostro
1485 1289 1568 1354 magis
1583 1287 1691 1356 incipiet
1706 1287 1808 1350 cadere,
1826 1285 1938 1354 produci

273 1361 301 1414 id
318 1359 389 1430 quod
406 1357 513 1426 ponitur
529 1359 618 1414 lumen
636 1361 740 1428 quidem
756 1357 821 1410 nihil
837 1357 978 1424 impediat,
996 1357 1078 1410 solem
1128 1375 1183 1412 non
1199 1363 1303 1426 potest,
1322 1371 1356 1410 ne
1374 1357 1425 1410 alio
1443 1357 1503 1408 loco
1522 1355 1600 1408 cadat
1618 1353 1791 1418 stillicidium,
1816 1369 1893 1420 quam
1912 1353 1938 1404 in

274 1433 363 1480 autem
382 1425 502 1492 auferat,
527 1429 549 1480 si
566 1427 672 1494 quidem
690 1441 720 1480 eo
738 1425 805 1486 loci,
829 1439 879 1492 quo
897 1429 1002 1492 gratum
1020 1429 1079 1476 erat

275 1511 334 1548 eum
350 1509 405 1546 nou
422 1509 488 1558 esse,
504 1501 594 1564 potest
611 1495 663 1548 dici
680 1493 744 1546 nihil
761 1495 856 1544 uonna
873 1493 1024 1546 seruitutem
1037 1489 1077 1542 fa-

275 1579 347 1618 cere:
366 1561 407 1616 sin
420 1577 480 1616 vero
497 1563 670 1628 heliocaminq
686 1561 726 1612 vel
742 1557 847 1620 solario,
867 1557 1005 1612 dicendum
1020 1557 1077 1622 erit,

275 1633 336 1698 quia
352 1631 473 1684 umbram
489 1629 555 1684 facit
571 1629 598 1682 in
616 1631 683 1690 loco,
702 1627 744 1680 ιιιι
762 1625 819 1678 sol¹
836 1625 888 1678 tuit
905 1625 1078 1688 necessarius,

276 1703 288 1750 1
326 1703 418 1752 contra
444 1699 596 1750 servitutem
621 1693 770 1762 impositam
794 1693 859 1744 fieri.
893 1693 947 1746 Per
973 1697 1078 1746 contra-

274 1765 343 1820 rium
359 1765 382 1820 si
400 1765 516 1834 deponat
537 1763 686 1816 aedificium
708 1761 750 1814 vel
772 1759 875 1836 arboris
899 1777 1002 1824 ramos,
1026 1773 1077 1878 qno

275 1831 345 1888 iacto
369 1835 444 1886 locus
468 1845 568 1900 opacus
592 1827 725 1898 qnondam
749 1831 836 1894 coepit
861 1829 924 1882 solis
948 1843 1006 1882 esse
1022 1843 1078 1894 pe·

275 1917 333 1966 nus,
351 1915 405 1954 non
421 1899 487 1952 facit
506 1903 600 1954 contra
616 1897 782 1948 servitutem:
800 1895 870 1948 hano
888 1897 957 1948 enim
977 1895 1077 1958 debuit,

275 1983 308 2022 ne
324 1967 466 2022 luminibus
484 1965 592 2028 officiat,
610 1979 681 2016 nunc
699 1981 752 2018 non
764 1963 906 2016 luminibus
923 1963 1014 2026 officit,
1034 1961 1080 2014 sed

275 2041 290 2090 2
325 2035 384 2104 plus
408 2047 492 2102 aequo
515 2031 622 2086 lumen2
644 2029 717 2084 facit.
753 2029 888 2084 Interdum
917 2031 969 2084 dici
992 2035 1080 2098 potest

276 2119 335 2156 eum
352 2117 465 2170 quoque,
482 2101 528 2170 qui
544 2099 614 2152 tollit
631 2097 779 2152 aedificium
795 2097 836 2152 ιι]
854 2097 984 2166 deprimit,
1002 2097 1078 2152 lumi·

275 2171 352 2224 nibus
371 2167 490 2224 officere:
509 2169 531 2222 si
548 2167 617 2220 forie
635 2167 702 2218 κατὰ
721 2161 930 2218 incantatricum
947 2167 988 2220 vel
1023 2179 1079 2218 res·

275 2241 290 2292 3
324 2253 387 2294 sura
402 2237 516 2318 quadam
531 2237 618 2290 lumen
633 2235 660 2288 in
675 2251 720 2290 eas
730 2233 809 2290 aedes
819 2233 978 2288 devolvatur.
1032 2249 1080 2286 aec

274 2305 316 2360 lex
333 2305 482 2358 traditionis
501 2303 642 2358 ‘stillicidia
659 2305 698 2356 uti
715 2319 786 2356 nunc
805 2307 879 2366 sunt,
904 2309 935 2356 ιι
957 2303 996 2356 ιιι
1018 2301 1079 2356 sint'

274 2375 325 2428 hoc
344 2373 474 2442 significat
490 2371 642 2440 impositam
657 2371 750 2426 ricinis
773 2371 957 2424 necessitatem
980 2369 1080 2424 stillici-

276 2443 378 2502 diorum
396 2439 624 2510 excipiendorum,
648 2455 702 2494 non
719 2437 798 2504 illud,
821 2445 851 2492 ut
875 2439 954 2494 etiam
979 2443 1081 2506 emptor

275 2509 409 2566 stillicidia
425 2509 554 2578 suscipiat
572 2507 750 2560 aedificiorum
773 2507 933 2560 vicinorum:
958 2509 1009 2560 hoc
1033 2503 1080 2572 igi-

275 2583 318 2632 tur
335 2575 473 2644 pollicetur
488 2575 609 2630 venditor
626 2575 676 2628 sibi
694 2575 798 2642 quidem
817 2575 1008 2626 stillicidiorum
1025 2587 1080 2626 ser-

275 2649 292 2698 4
325 2645 434 2698 vitutem
452 2643 554 2708 debui,
578 2657 606 2694 se
624 2647 712 2694 antem
729 2641 795 2694 nulli
813 2641 915 2694 debere.
952 2641 1025 2706 Quae
1049 2639 1081 2692 de

275 2711 406 2766 stillicidio
429 2711 530 2778 scripta
552 2713 628 2774 sunt,
653 2709 731 2762 etiam
753 2709 780 2762 in
799 2707 891 2762 ceteris
910 2707 1080 2762 servitutibus

275 2777 430 2846 accipienda
453 2783 530 2842 sunt,
556 2777 629 2830 siin
652 2779 815 2830 contrarium
838 2775 903 2830 nibil
926 2773 1080 2830 nominatim

276 2850 365 2902 actum
383 2851 431 2900 ιιι.

312 2909 350 2970 18
368 2911 537 2968 Ponmmus
557 2913 625 2968 libro
650 2911 749 2968 deot’mo
767 2911 805 2966 ud
821 2911 951 2966 Sabinum
986 2909 1014 2964 Si
1035 2909 1081 2962 fis-

275 2983 357 3046 tulae,
374 2997 422 3050 per
439 2997 504 3050 quas
523 2997 619 3052 aquam
637 2981 733 3044 ducar,
753 2979 861 3034 aedibus
878 2979 945 3034 meis
963 2977 1081 3048 applica-

275 3055 319 3106 tae
337 3049 461 3104 damnum
477 3051 540 3104 milri
558 3049 634 3114 dent,
657 3049 684 3102 in
705 3049 805 3104 iactrnn
828 3047 898 3102 actio
923 3047 987 3100 mihi
1011 3061 1081 3100 conr-

275 3119 353 3188 petit:
373 3117 420 3172 sed
437 3125 465 3172 et
482 3117 570 3172 damni
586 3117 678 3170 infecti
695 3117 729 3172 sti
747 3117 816 3170 ulari
833 3133 850 3170 a
867 3121 894 3170 te
911 3121 1013 3184 potero.

311 3181 349 3244 19
365 3183 483 3238 Paucos
496 3185 564 3240 libro
578 3189 655 3238 sexto
671 3185 707 3238 nd
737 3183 844 3238 ubinam
862 3183 993 3236 Fistulam
1006 3181 1081 3234 iunc-

275 3257 331 3306 tam
348 3253 444 3320 parieti
462 3251 606 3316 communi,
629 3267 697 3320 quae
722 3257 768 3304 aut
792 3265 825 3304 ex
849 3251 959 3304 castello
984 3253 1031 3304 ιιι
1049 3265 1081 3300 ex

277 3323 350 3376 caelo
368 3333 464 3388 aquam
482 3319 562 3388 capit,
581 3335 634 3372 non
649 3319 706 3374 inre
720 3319 813 3372 haberi
821 3317 952 3372 Proculus
967 3319 1017 3370 ait:
1037 3317 1083 3370 sed

277 3405 330 3442 non
347 3403 426 3456 posse
443 3387 594 3456 prohiberi⁴
611 3387 739 3452 vicinum,
764 3403 816 3454 quo
840 3385 927 3440 minus
950 3385 1083 3438 balineum

276 3457 529 3510 habeatsecundnm
545 3455 670 3526 parietem
686 3469 858 3520 communem,
876 3455 993 3522 quamuis
1007 3469 1082 3506 umo-

276 3541 331 3580 rem
356 3523 444 3592 capiat
466 3525 567 3592 paries:
591 3539 645 3576 non
662 3523 743 3592 magis
761 3537 840 3592 quam
857 3523 881 3576 si
897 3523 939 3574 vel
956 3523 984 3574 iu
1001 3519 1082 3574 tricli-

276 3593 319 3646 nio
344 3607 392 3646 suo
416 3593 457 3646 ιιι
479 3593 507 3646 ιι
532 3589 652 3648 cubiculo
671 3607 767 3660 aquam
784 3589 939 3642 effunderet.
966 3587 1083 3644 sedile

275 3661 360 3714 ratius
383 3659 434 3724 ait,
459 3659 481 3712 si
504 3661 566 3712 talis
590 3655 626 3712 sit
647 3675 712 3712 usus
731 3657 866 3726 tepidarii,
890 3663 920 3712 ut
944 3655 1083 3712 adsiduum

277 3743 394 3782 umorem
410 3727 510 3780 habeat
528 3733 554 3780 et
569 3727 597 3778 id
614 3733 708 3780 noceat
725 3727 825 3790 vicino,
847 3739 927 3792 posse
950 3723 1084 3792 prohiberi

280 3801 291 3850 ι
329 3811 396 3850 eum.
440 3795 519 3848 quta
550 3811 713 3850 communem
738 3793 866 3862 parietem
893 3809 1024 3846 cameram
1052 3807 1083 3844 ex

277 3863 366 3934 figlino
385 3877 465 3930 opere
480 3863 588 3926 iactam,
607 3863 629 3916 si
646 3863 684 3916 ita
701 3863 853 3922 retineatur,
871 3865 903 3912 nt
921 3861 999 3914 etiam
1018 3859 1080 3912 sub·

277 3931 331 3986 lato
348 3931 449 3998 pariete
467 3935 587 3992 maneat,
612 3929 729 3982 simodo
747 3943 801 3982 non
818 3925 945 3994 impediat
961 3925 1083 3982 reiectio-

278 4003 293 4054 2
327 4015 387 4052 nem
406 3997 550 4052 communis
567 3997 683 4066 parietis,
701 3997 758 4050 iure
774 3993 868 4048 haberi
885 3995 954 4048 ficet.
992 3993 1083 4048 Scalas

1130 1441 1181 1494 quo
1192 1425 1280 1494 posita
1289 1423 1401 1480 servitus
1411 1427 1464 1476 est:
1476 1423 1560 1474 lenius
1576 1421 1665 1474 ιιιιιι
1679 1421 1833 1488 poterimus,
1850 1419 1938 1474 acrius

1128 1507 1192 1546 non.
1221 1497 1247 1546 et
1263 1493 1369 1546 ommno
1394 1489 1532 1546 sciendum
1554 1493 1595 1542 est
1616 1487 1752 1542 meliorem
1772 1489 1851 1540 vicini
1875 1503 1936 1540 cou-

1130 1559 1260 1612 dicionem
1277 1559 1335 1612 fieri
1351 1575 1443 1626 posse,
1462 1555 1617 1612 deteriorem
1634 1571 1688 1610 uon
1724 1571 1798 1620 osse,
1822 1555 1874 1610 nisi
1892 1555 1938 1606 ali-

1130 1627 1193 1694 quid
1220 1627 1404 1678 ιιοιιιιιιιιι11
1430 1625 1556 1678 servitute
1581 1571 1740 1692 imponenfia
1771 1623 1938 1674 immutatum

1130 1699 1146 1746 6
1179 1693 1269 1746 fucrit.
1305 1693 1356 1758 Qui
1381 1693 1409 1744 in
1435 1705 1512 1754 area,
1536 1693 1564 1744 in
1591 1707 1644 1760 qna
1669 1689 1938 1752 stillicidinmicadit,

1130 1759 1268 1822 aedificat,
1292 1773 1376 1826 nsque
1394 1759 1427 1812 ad
1446 1773 1506 1810 eum
1523 1759 1610 1812 locum
1628 1757 1772 1826 perducere
1790 1755 1939 1810 aedificium

1130 1833 1227 1898 potest,
1244 1825 1317 1880 unde
1334 1825 1496 1880 stillicidium
1516 1825 1599 1878 cadit:
1625 1825 1672 1878 sed
1690 1829 1716 1876 ιι
1733 1823 1756 1876 ιι
1772 1823 1800 1876 in
1818 1823 1938 1876 aedificio

1131 1895 1202 1950 cadit
1217 1893 1386 1960 stillicidium,
1405 1909 1486 1960 supra
1502 1891 1641 1946 aedificare
1657 1891 1681 1944 ei
1696 1891 1858 1956 conceditur,
1878 1891 1938 1942 dnm

1130 1969 1220 2016 tamen
1238 1961 1399 2014 stillicidium
1416 1965 1488 2014 recte
1499 1961 1520 1992 ¹²
1536 1959 1689 2028 recipiatur.

1166 2027 1202 2086 21
1224 2029 1395 2082 Pannonios
1412 2029 1479 2082 libro
1497 2029 1653 2098 tripensr'mo
1668 2027 1746 2080 tertio
1761 2027 1797 2080 acl
1811 2025 1940 2080 Sabinum

1132 2097 1161 2152 Si
1178 2097 1272 2152 domus
1289 2101 1337 2150 tua
1355 2095 1481 2150 aedificiis
1498 2095 1563 2148 meis
1578 2101 1717 2160 utramque
1730 2095 1880 2146 servitutem
1895 2095 1940 2146 de-

1131 2167 1215 2230 beret,
1234 2179 1267 2216 ne
1286 2165 1365 2218 altius
1382 2165 1521 2220 tolleretur
1538 2167 1564 2216 et
1580 2167 1611 2216 ut
1628 2161 1788 2216 stillicidium
1806 2161 1938 2214 aedificio-

1130 2251 1191 2288 rum
1208 2247 1328 2284 meorum
1345 2233 1462 2300 recipere
1480 2231 1596 2296 deberet,
1615 2235 1641 2284 et
1657 2227 1707 2282 tibi
1724 2245 1879 2284 concessero
1898 2227 1939 2282 ius

1133 2317 1191 2356 esse
1208 2299 1289 2352 invito
1307 2315 1349 2354 me
1358 2299 1379 2332 ¹³
1397 2299 1476 2354 altius
1493 2299 1587 2352 tollere
1605 2295 1727 2352 aedificia
1744 2301 1799 2362 ιιι,
1817 2295 1889 2364 quod
1906 2297 1941 2348 ad

1131 2367 1293 2424 stillicidium
1310 2383 1397 2422 meum
1415 2369 1524 2432 attinet,
1550 2367 1588 2420 sio
1606 2365 1688 2420 statui
1705 2365 1824 2428 debebit,
1849 2371 1893 2428 ut,
1918 2365 1940 2416 si

1131 2437 1212 2490 altius
1229 2437 1341 2490 sublatis
1360 2435 1486 2490 aedificiis
1504 2435 1557 2488 tuis
1575 2431 1707 2488 stillicidia
1724 2449 1783 2486 mea
1801 2433 1895 2488 cadere
1912 2433 1939 2484 in

1132 2521 1164 2558 ιι
1181 2521 1236 2558 non
1253 2503 1369 2570 possint,
1394 2521 1426 2558 ea
1442 2503 1547 2554 ratione
1565 2503 1644 2554 altius
1660 2501 1710 2554 tibi
1727 2499 1868 2554 aedificare
1886 2517 1938 2554 uon

1131 2569 1279 2692 lilaeatrtspl
1293 2587 1347 2624 non
1364 2569 1542 2638 impediantur
1560 2567 1692 2622 stillicidia
1709 2583 1775 2632 mea,
1793 2569 1874 2622 liceat
1891 2567 1939 2620 tibi

1132 2639 1212 2692 atius
1243 2653 1332 2692 cere.

1166 2701 1206 2762 22
1223 2703 1369 2758 lucianus
1381 2705 1449 2758 libro
1466 2703 1582 2758 secunda
1601 2719 1638 2758 cn
1655 2701 1767 2758 Minicio
1803 2701 1854 2768 Qui
1867 2701 1938 2754 aedi-

1131 2773 1222 2828 ficium
1238 2773 1334 2838 habet,
1358 2775 1447 2852 potest
1464 2771 1617 2824 servitutem
1634 2771 1720 2824 vicino
1737 2771 1887 2838 imponere,
1910 2773 1940 2822 ut

1133 2857 1186 2896 non
1196 2841 1281 2896 solum
1297 2839 1330 2894 de
1344 2841 1386 2896 his
1400 2839 1551 2904 luminibus,
1567 2853 1634 2908 quae
1647 2841 1676 2892 in
1689 2839 1842 2906 praesentia
1856 2843 1941 2902 emunt,

1132 2911 1179 2964 sed
1197 2909 1276 2964 etiam
1295 2909 1326 2962 de
1344 2909 1384 2962 bis
1420 2923 1471 2962 uae
1487 2913 1581 2976 postea
1598 2905 1704 2970 fuerint,
1724 2911 1823 2962 caveat.

1167 2975 1206 3036 23
1226 2925 1479 3032 Ροιιιοιιιιι2ιινο
1497 2977 1653 3046 tripcnsimo
1671 2975 1746 3028 tertio
1760 2975 1797 3028 ud
1813 2973 1941 3028 Sabinum

1133 3045 1161 3100 Si
1183 3045 1296 3100 servitus
1319 3045 1443 3112 imposita
1465 3043 1547 3098 fuerit
1565 3043 1674 3098 ‘lumina
1691 3059 1759 3122 quae
1775 3059 1847 3096 nnnc
1871 3049 1941 3106 sunt,

1131 3121 1162 3168 ut
1178 3115 1217 3168 ιιι
1234 3115 1304 3178 siut',
1329 3111 1482 3166 defuturis
1505 3111 1649 3168 luminibus
1674 3111 1739 3162 nihil
1763 3111 1849 3164 caveri
1871 3109 1941 3162 vide-

1131 3187 1188 3236 tur:
1208 3181 1280 3250 qnod
1298 3181 1320 3234 si
1337 3181 1375 3232 ita
1393 3181 1427 3234 sit
1445 3185 1553 3232 cautum
1571 3183 1613 3238 ‘ne
1629 3177 1772 3232 luminibus
1790 3177 1941 3240 officiatur’,

1132 3249 1255 3318 ambigna
1274 3253 1314 3304 est
1331 3247 1478 3316 scriptura,
1500 3253 1590 3300 utrum
1612 3263 1647 3298 ne
1663 3245 1705 3298 his
1721 3245 1864 3298 luminibus
1883 3241 1941 3298 offi-

1133 3319 1219 3372 ciatur
1237 3331 1305 3386 quae
1322 3333 1393 3370 nunc
1409 3315 1469 3380 sint,
1487 3331 1523 3370 an
1538 3317 1616 3370 etiam
1630 3313 1671 3368 his
1688 3329 1755 3382 qnae
1769 3319 1862 3382 postea
1877 3329 1942 3382 quo-

1134 3403 1185 3454 que
1206 3385 1319 3440 fuerint:
1346 3391 1373 3440 et
1394 3385 1536 3438 humanius
1560 3389 1602 3438 est
1623 3381 1702 3436 verbo
1725 3383 1842 3450 generali
1865 3397 1942 3436 omne

1133 3455 1222 3526 lumen
1240 3453 1395 3522 significari,
1419 3453 1473 3506 sive
1496 3451 1568 3520 quod
1590 3451 1618 3504 in
1640 3449 1774 3530 praesenti
1798 3451 1852 3502 sine
1871 3449 1943 3520 quod

1135 3527 1146 3574 1
1182 3527 1245 3590 post
1260 3527 1365 3590 tempus
1382 3519 1563 3574 conventionis
1582 3517 1726 3586 contigerit.
1763 3517 1865 3572 Futuro
1877 3533 1942 3586 qno-

1134 3605 1185 3658 que
1203 3589 1338 3654 aedificio,
1363 3589 1434 3658 quod
1451 3589 1569 3642 nondum
1587 3593 1640 3654 est,
1663 3585 1704 3638 ιιι
1720 3585 1821 3652 imponi
1837 3587 1878 3640 uel
1895 3585 1941 3638 ad-

1134 3657 1203 3726 quiri
1220 3657 1332 3710 seruitus
1349 3661 1445 3724 potest.

1169 3721 1209 3780 24
1228 3723 1347 3778 Pronus
1358 3725 1426 3778 libro
1442 3725 1536 3792 quinto
1550 3723 1652 3780 decimo
1662 3721 1836 3776 udSobinom
1862 3721 1943 3774 (iuius

1135 3793 1283 3846 aedificium
1300 3793 1358 3844 iure
1375 3791 1496 3860 superins
1515 3797 1569 3856 est,
1595 3793 1618 3844 ei
1640 3791 1681 3844 ius
1692 3791 1713 3822 ¹⁴
1730 3795 1770 3844 est
1790 3789 1819 3842 in
1841 3789 1943 3842 infinito

1135 3877 1215 3940 supra
1234 3875 1311 3912 sunm
1328 3859 1479 3912 aedificium
1494 3859 1644 3928 imponere,
1669 3857 1731 3924 dum
1754 3857 1882 3910 inferiora
1899 3871 1942 3910 ae·

1134 3927 1224 4048 lqitrctia
1241 3943 1295 3980 non
1311 3927 1432 3998 graviore
1454 3925 1580 3982 seruitute
1602 3931 1694 3980 oneret
1717 3939 1795 3994 qnam
1817 3925 1875 3994 pati
1899 3925 1942 3976 de·

1154 4009 1206 4048 en.

277 4081 357 4136 posse
382 4081 423 4120 me
449 4065 484 4118 ad
507 4065 634 4136 parietem
661 4077 825 4118 communem
847 4063 946 4116 habere
970 4063 1083 4116 Sabinus
1169 4059 1208 4120 25
1227 4061 1397 4114 Pannonius
1412 4063 1479 4116 libro
1496 4063 1652 4132 impenetrata
1670 4061 1748 4114 tertio
1764 4059 1800 4114 aa
1814 4057 1942 4114 sutanum

278 4141 350 4190 recte
367 4133 467 4198 scribit,
501 4135 546 4186 nia
563 4133 690 4186 removeri
707 4133 775 4184 hae⁵
791 4135 912 4198 possunt.
1134 4131 1208 4196 Hoc,
1232 4129 1303 4198 qnod
1320 4129 1421 4184 dictum
1439 4135 1479 4182 est
1496 4129 1529 4182 de
1545 4129 1682 4192 immissis,
1706 4129 1794 4180 locum
1811 4127 1893 4180 habet
1910 4139 1943 4178 ex

313 4199 353 4258 20
370 4201 448 4254 loru
464 4151 531 4256 iiico
548 4201 643 4278 qnintp
661 4199 761 4278 denno
780 4197 817 4252 od
834 4195 963 4252 Sabinum
998 4197 1083 4252 Servi·
1136 4199 1255 4252 aedificio
1274 4197 1324 4252 alio
1343 4197 1371 4250 in
1388 4195 1476 4252 aliud:
1494 4195 1572 4250 aliter
1589 4195 1658 4248 enim
1673 4211 1754 4264 snpra
1769 4195 1884 4248 alienum
1899 4207 1943 4246 ae·

238 4303 239 4306 =
279 4275 357 4332 tutes,
377 4285 445 4336 quae
462 4269 489 4322 in
507 4285 538 4324 sn
558 4267 647 4322 erficne
665 4269 820 4330 consistunt,
838 4267 1005 4332 possessione
1021 4267 1085 4318 reti·
1138 4273 1149 4320 1
1187 4267 1302 4320 dificium
1319 4265 1440 4332 superius
1457 4263 1557 4316 habere
1574 4279 1650 4318 nemo
1668 4267 1764 4330 potest.
1800 4261 1829 4316 Si
1847 4277 1879 4314 ex
1896 4261 1943 4312 tri·

279 4345 383 4392 nentur.
410 4353 471 4390 nam
489 4337 512 4390 si
540 4341 597 4390 orte
614 4351 648 4388 ex
665 4333 774 4388 aedibus
792 4333 856 4386 meis
874 4333 901 4386 in
919 4335 999 4388 aedes
1024 4339 1085 4386 tuas
1135 4334 1186 4388 bus
1209 4333 1320 4386 aedibus
1337 4333 1365 4384 in
1382 4333 1441 4386 loco
1459 4331 1555 4398 impari
1571 4331 1665 4400 positis
1682 4331 1761 4384 aedes
1778 4329 1881 4384 mediae
1898 4343 1942 4380 su·

279 4405 379 4474 tignum
387 4403 531 4456 immissum
539 4403 666 4466 habuero,
680 4403 741 4468 hoc,
758 4407 789 4454 ut
801 4401 948 4454 immissum
962 4401 1083 4464 habeam,
1135 4401 1282 4468 perioribus
1309 4399 1425 4454 serviant
1450 4399 1575 4462 aedibus,
1600 4399 1737 4454 inferiores
1764 4403 1852 4450 autem
1878 4395 1943 4450 nulli

279 4489 327 4554 per
350 4487 458 4526 causam
480 4471 545 4540 tigni
568 4471 690 4538 possideo
708 4469 822 4522 habendi
840 4469 1083 4522 consuetudinemt
1136 4469 1260 4534 seruant,
1277 4473 1304 4520 ιι
1320 4465 1408 4534 paries
1427 4465 1587 4528 communis,
1606 4469 1651 4534 qui
1668 4467 1703 4518 sit
1718 4465 1787 4518 inter
1805 4465 1884 4518 aedes
1901 4463 1941 4516 in-

279 4541 349 4596 idem
372 4541 473 4594 eveniet
496 4545 522 4594 et
539 4539 561 4594 si
579 4537 729 4592 monianum
745 4537 774 4590 in
789 4541 866 4588 tunm
882 4537 1020 4590 inmissum
1036 4537 1085 4588 ha·
1134 4535 1244 4590 ferieres
1259 4539 1286 4588 et
1299 4535 1407 4600 medias,
1425 4533 1504 4588 altius
1520 4549 1536 4588 a
1551 4533 1656 4588 domino
1670 4531 1824 4586 inferiorum
1839 4531 1943 4584 aedium

279 4611 363 4664 buero
381 4613 429 4660 aut
445 4607 605 4662 stnllmrdrum
621 4605 649 4658 in
665 4611 740 4660 tuum
758 4603 902 4674 proiecere,
921 4603 984 4672 qiria
997 4605 1025 4658 in
1037 4609 1085 4656 tuo
1137 4603 1259 4658 sublatus
1276 4603 1326 4666 sit,
1344 4603 1402 4656 inre
1420 4617 1480 4658 eum
1497 4603 1577 4654 altius
1595 4603 1747 4654 habiturum
1763 4599 1878 4654 Sabinus
1897 4599 1941 4650 ιιι.

281 4675 381 4746 aliquid
406 4681 468 4730 utor
493 4681 520 4728 et
545 4673 585 4728 sil
611 4675 686 4742 qnasi
711 4673 783 4726 facto
811 4669 925 4740 quodam
952 4671 1083 4740 possideo.
1167 4661 1209 4728 25
1228 4669 1347 4724 Pronus
1367 4669 1434 4726 libro
1458 4671 1551 4738 quinto
1576 4669 1677 4724 denno
1697 4667 1733 4720 od
1748 4665 1878 4720 Sabinum
1912 4667 1943 4718 In

283 4751 295 4800 t
332 4743 360 4798 Si
377 4741 454 4798 domo
472 4757 531 4796 mea
548 4741 625 4796 altior
643 4757 706 4794 area
719 4747 766 4796 tua
782 4745 851 4794 esset
863 4743 946 4806 tuque
960 4739 1023 4792 mihi
1037 4753 1086 4806 per
1136 4753 1165 4792 re
1190 4737 1320 4792 communi
1337 4753 1415 4792 nemo
1434 4735 1600 4792 dominorum
1622 4737 1679 4790 iure
1702 4735 1835 4788 seruitutis
1858 4747 1943 4800 neque

282 4827 370 4866 aream
391 4817 465 4864 tuam
488 4811 516 4864 in
540 4809 646 4864 domum
663 4825 747 4864 meam
764 4811 802 4862 ire
821 4821 897 4876 agere
915 4807 1019 4862 cessisti
1036 4821 1085 4858 nec
1135 4807 1225 4860 facere
1250 4807 1390 4874 quicquam
1415 4803 1496 4858 invito
1523 4804 1606 4858 altero
1631 4807 1720 4870 potest
1743 4817 1829 4870 neque
1851 4801 1942 4870 prohi-

282 4879 415 4948 explano
439 4879 526 4932 aditus
550 4875 584 4930 ad
608 4877 714 4930 domum
737 4891 823 4930 meam
840 4891 889 4944 per
905 4889 996 4930 aream
1012 4879 1085 4926 tuam
1136 4876 1207 4940 bere,
1225 4889 1275 4942 quo
1295 4873 1380 4926 minus
1398 4873 1464 4926 alter
1481 4869 1577 4924 ιιιιιιι
1595 4871 1661 4924 nulli
1678 4869 1746 4922 enim
1763 4885 1806 4922 res
1824 4883 1872 4922 sua
1887 4885 1941 4922 ser-

282 4953 365 5014 esset,
387 4947 429 5000 vel
451 4945 548 5016 gradus
569 4945 611 4998 vel
634 4945 715 4998 clivos
737 4945 846 5014 propius
869 4943 977 4996 ianuam
1000 4957 1085 4996 meam
1135 4943 1180 4996 uit.
1208 4943 1300 5008 itaque
1321 4945 1431 5008 propter
1452 4939 1593 4992 immensas
1618 4937 1799 4992 contentiones
1826 4939 1940 5006 plerum·

281 5017 338 5070 iure
359 5015 448 5068 iacere
470 5029 591 5082 possum,
615 5013 677 5066 dum
701 5029 734 5066 ne
752 5013 814 5080 quid
831 5011 901 5064 ultra
918 5025 998 5078 qnam
1015 5009 1085 5076 quod
1153 5025 1187 5062 ue
1211 5025 1254 5062 res
1280 5007 1314 5062 ad
1337 5007 1490 5062 diuisionem
1514 5005 1639 5074 peruenit.
1672 5003 1719 5058 sed
1741 5019 1789 5074 per
1812 5003 1942 5058 communi

283 5087 298 5134 2
332 5097 440 5136 necesse
458 5083 545 5134 esset⁸
560 5079 661 5134 itineris
680 5095 762 5134 cansa
780 5079 913 5132 demoliar,
950 5077 978 5128 Si
995 5077 1085 5132 subla·
1136 5027 1278 5130 iividnndo
1306 5077 1436 5128 actionem
1460 5075 1630 5140 consequitur
1653 5071 1755 5136 socius,
1778 5089 1830 5140 qno
1856 5071 1942 5124 minus

282 5155 338 5202 tum
356 5149 390 5202 sit
407 5149 569 5210 aedificium,
587 5161 620 5200 ιι
638 5163 688 5214 quo
707 5147 867 5200 stillicidium
885 5143 970 5208 cadit,
994 5149 1025 5198 ut
1042 5157 1086 5196 ea·
1136 5159 1203 5212 opus
1221 5143 1269 5194 fiat
1286 5147 1332 5194 aut
1348 5149 1380 5196 ut
1395 5143 1422 5196 id
1439 5155 1506 5208 opus
1525 5141 1596 5208 quod
1617 5139 1682 5194 fecit
1703 5137 1793 5204 tollat,
1817 5139 1841 5194 si
1863 5139 1941 5192 modo

283 5215 342 5268 dem
359 5217 446 5284 specie
464 5221 490 5270 ιι
507 5215 633 5284 qualitate
650 5221 802 5282 reponatur,
821 5213 921 5266 utilitas
941 5211 1034 5278 exigit,
1057 5215 1087 5282 ut
1136 5211 1187 5266 toti
1204 5209 1326 5264 societati
1342 5207 1450 5278 prodest
1467 5223 1535 5276 opus
1551 5207 1617 5260 tolli.

282 5283 352 5336 idem
377 5284 555 5350 intellegatur:
587 5297 648 5334 narn
674 5281 789 5350 alioquin
815 5281 838 5334 si
863 5279 945 5348 quid⁹
970 5277 1086 5332 strictius
1172 5275 1210 5334 27
1229 5275 1399 5332 Ponronros
1415 5275 1482 5330 libro
1499 5275 1654 5344 tripcnsimo
1670 5275 1746 5328 tertio
1763 5275 1800 5328 ad
1814 5273 1941 5330 Sabinam

283 5351 351 5404 inter
369 5355 482 5414 rotetur,
505 5349 576 5404 aliud
599 5355 639 5402 est
662 5349 732 5416 quod
749 5347 870 5416 sequenti
886 5347 945 5400 ioco
964 5345 1086 5416 ponitur:
1137 5345 1191 5400 Sed
1207 5343 1230 5400 si
1246 5345 1315 5398 inter
1331 5351 1358 5398 te
1376 5349 1402 5398 et
1418 5359 1461 5396 me
1478 5359 1630 5398 communes
1647 5347 1710 5398 sunt
1724 5341 1845 5396 Titianae
1861 5341 1941 5396 aedes

284 5419 336 5472 eti
356 5431 385 5468 eo
403 5417 508 5472 sublato
527 5417 646 5472 aedificio
664 5431 727 5470 osus
744 5417 849 5470 fructus
866 5415 970 5478 interit,
995 5427 1086 5482 qnam·
1138 5419 1165 5468 et
1187 5429 1219 5466 ex
1241 5413 1283 5464 bis
1304 5411 1403 5482 aliquid
1419 5427 1473 5466 non
1489 5411 1548 5464 iure
1563 5411 1592 5464 in
1609 5411 1675 5464 alias
1693 5409 1771 5464 aedes
1787 5427 1860 5466 meas
1877 5425 1939 5480 pro-

286 5653 315 5714 (1)
333 5649 629 5718 cuisoilS,snilocumF
687 5651 719 5712 (a)
738 5627 908 5700 luminisHoL
968 5651 999 5712 (3)
1018 5649 1086 5698 idest
1136 5647 1340 5698 consuetudinem
1409 5651 1440 5714 (ι)
1458 5647 1563 5702 sichl.
1632 5651 1666 5716 (8)
1685 5649 1762 5702 estre
1832 5653 1864 5716 (e)
1884 5651 1940 5714 quis

286 5715 543 5794 perreperoussipnem
634 5715 666 5782 (a)
684 5717 849 5780 probibereF
933 5717 966 5778 (a)
983 5715 1083 5764 haecF¹
1134 5735 1180 5766 scr.
1221 5717 1580 5780 {loleraltocaditcedatsca
1625 5719 1666 5784 (ιι)
1675 5719 1781 5770 initas
1822 5721 1865 5786 (ιι)
1874 5721 1941 5770 recte

287 5785 318 5854 ιιι
336 5783 514 5834 consuetudme
527 5785 660 5836 demendi
665 5785 747 5850 potius
760 5783 863 5834 delenda
873 5793 930 5834 sont
940 5803 961 5834 ι.
973 5781 1083 5832 habendi
1134 5783 1434 5848 tenremundensis
1469 5787 1684 5854 (telsioS,nteeF
1719 5787 1943 5860 (tejeiius]eiusF
