4366 6258
270 359 300 430 L
326 363 380 426 lt.
394 363 429 424 17

274 557 325 622 que
347 545 472 610 apparet,
500 541 573 610 quod
599 539 633 596 de
661 553 747 608 poena
768 539 921 610 provocatio
944 555 999 594 non
1022 543 1077 594 est:

273 609 352 664 simul
368 613 449 676 atque
464 609 534 662 enim
551 607 636 662 ειειεε
651 607 710 676 quis
727 613 770 660 est
782 607 838 662 eius
854 607 984 670 maleficii,
1003 607 1078 662 cuius

272 691 360 746 poena
380 679 422 730 est
443 679 558 742 statuta,
586 675 675 728 statim
698 689 730 728 ea
753 675 872 730 debetur.
911 677 957 730 at¹
980 673 1079 728 miritae

272 741 426 814 provocatio
445 751 499 808 εει,
517 757 567 796 nee
584 747 646 798 ante
663 741 786 808 debetur,
806 757 885 812 quam
902 745 948 796 εει
965 757 1020 796 εοε
1038 745 1080 796 εει

272 813 445 878 provocatum
470 815 519 864 aut
539 811 717 880 εεοεοεειοε2
741 811 828 866 rictus
849 815 902 864 est:
929 825 979 864 nec
1002 809 1095 862 aliter

274 893 354 944 quam
377 877 401 930 si
421 875 445 930 ιε
467 877 546 940 dixit,
570 877 613 928 cui
635 877 722 930 dicere
745 879 816 932 licet.
851 893 885 930 ex
905 877 957 930 hoe
974 887 1096 946 quoque

273 959 364 998 earnm
390 957 479 996 rerum
507 943 692 1014 dissimilitudo
720 959 850 1014 apparere
875 943 987 1012 poterit,
1034 945 1080 998 uia

272 1025 375 1080 poenae
398 1017 486 1066 certae
503 1011 666 1078 singulorum
690 1017 860 1080 peccatorum
878 1015 951 1078 sunt,
979 961 1079 1066 truitae

274 1083 375 1144 eontra,
394 1077 456 1146 quia
469 1079 525 1132 eius
542 1077 636 1132 iudicis
653 1085 774 1148 potestas
791 1083 839 1142 est,
857 1085 983 1146 quantam
998 1079 1095 1144 dicat,

274 1145 325 1200 nisi
343 1159 403 1198 cum
418 1145 477 1214 lega
493 1149 534 1200 est
551 1147 726 1200 constitutum
743 1151 870 1216 quantam
888 1147 966 1200 dicat.

1071 331 1134 422 utu

1554 373 1600 418 nn
1621 369 1773 418 ntvnssls
1793 361 1936 418 usensis

1168 535 1205 594 12
1229 537 1347 592 Pectus
1375 537 1443 594 libro
1467 539 1545 592 tertio
1568 539 1605 594 od
1631 537 1759 592 Sabinum
1799 535 1832 592 In
1853 541 1935 592 testa·

1130 607 1224 660 mentis
1241 607 1347 674 plenius
1364 605 1513 678 voluntates
1527 607 1680 678 testantium
1695 605 1749 660 inte
1782 607 1935 660 retamur¹⁰.

1167 669 1203 732 13
1228 673 1373 730 Usrtnuos
1387 673 1455 730 libro
1472 689 1543 728 nono
1556 673 1658 730 decimo
1670 673 1708 726 ει
1719 673 1758 728 So
1776 675 1848 728 inum
1874 673 1936 742 Non

1130 741 1234 796 videtur
1251 743 1365 810 cepisse,
1390 739 1436 810 qui
1452 757 1501 810 per
1517 741 1700 812 exceptionem
1717 757 1734 796 a
1751 739 1878 810 petitione
1894 751 1935 796 re-

1130 815 1260 864 movetur.
1433 829 1434 834 ¹
1623 823 1624 826 ’
1722 817 1723 820 ’

1167 873 1206 932 14
1222 877 1393 932 Postremus
1409 875 1476 930 libro
1493 877 1587 946 quinto
1605 877 1642 930 od
1654 875 1782 930 sarnum
1808 875 1840 928 In
1852 875 1935 930 omni-

1130 943 1181 998 bus
1199 943 1413 1012 obligationibus,
1430 943 1459 996 in
1475 943 1569 1012 quibus
1585 943 1641 998 dies
1658 959 1712 998 non
1725 943 1842 1012 ponitur,
1857 959 1934 1012 prae,-

1130 1011 1198 1066 senti
1216 1011 1258 1066 die
1276 1011 1395 1068 debetur.
1561 1021 1562 1024 ’

1168 1077 1204 1134 15
1227 1079 1347 1134 Partus
1371 1079 1438 1134 libro
1469 1083 1566 1150 quarto
1594 1079 1631 1132 ool
1657 1077 1786 1136 Sabinum
1820 1079 1861 1144 Is,
1890 1079 1936 1148 qui

1130 1147 1260 1200 actionem
1283 1147 1365 1202 habet
1391 1147 1426 1200 ad
1451 1161 1507 1200 rem
1534 1145 1744 1216 reciperandam,
1773 1147 1859 1216 ipsam
1880 1163 1935 1200 rem

264 1239 265 1242 ¹
308 1209 373 1268 245
387 1211 557 1266 Postremus
572 1213 639 1266 libro
653 1213 754 1268 decimo
767 1213 944 1282 epistularum
968 1213 1079 1266 Statuas
1129 1213 1230 1268 hahere
1246 1213 1357 1268 videtur.

273 1279 378 1334 adfixae
394 1279 503 1336 basibus
521 1279 687 1336 shuotihbua
705 1285 753 1336 aut
769 1279 877 1334 tabulae
893 1279 1019 1348 religatae
1034 1295 1078 1334 ca·
1166 1275 1205 1338 16
1232 1279 1377 1336 Urrttms
1399 1279 1466 1336 libro
1482 1281 1626 1336 vicensimo
1642 1281 1734 1352 primo
1752 1281 1789 1336 ad
1805 1279 1934 1336 Sabinum

264 1347 342 1402 ‘tenis
365 1351 413 1402 aut
434 1363 497 1416 erga
518 1347 646 1416 parietem
668 1349 772 1402 adfixae
788 1351 837 1400 ant
853 1347 876 1402 si
897 1347 1016 1402 similiter
1033 1363 1078 1402 co·
1130 1347 1289 1414 Imaginaria
1305 1347 1421 1402 venditio
1438 1365 1492 1404 non
1509 1353 1551 1404 est
1568 1349 1653 1418 pretio
1670 1349 1821 1404 accedente.

272 1413 384 1468 haerent
410 1413 514 1484 lychni,
547 1427 600 1468 non
628 1421 692 1470 sunt
716 1413 836 1468 aedium:
871 1421 981 1480 ornatus
1008 1417 1079 1470 enim
1149 1413 1203 1480 ,17
1222 1417 1304 1470 lusit
1317 1417 1385 1472 libro
1403 1417 1543 1470 vicenario
1562 1417 1640 1470 tertio
1658 1417 1695 1470 ool
1711 1415 1840 1472 Sabinum
1870 1417 1936 1472 Gum

273 1481 378 1536 aedium
395 1495 477 1536 causa
493 1489 635 1550 parantur,
659 1499 712 1536 non
731 1495 782 1548 quo
800 1481 880 1534 aedes
897 1481 1077 1550 perficiantur.
1129 1487 1234 1552 tempus
1248 1483 1277 1536 in
1289 1489 1447 1540 testamento
1461 1483 1583 1548 adicitur,
1598 1483 1758 1538 eredendum
1769 1489 1812 1540 est
1826 1499 1875 1552 pro
1888 1483 1935 1538 he-

276 1553 287 1600 l
323 1549 393 1602 idem
414 1549 510 1602 Labeo
538 1549 584 1604 ait.
625 1549 798 1618 Prothprum,
826 1549 897 1616 quod
917 1549 945 1604 in
968 1549 1077 1604 aedibus
1130 1549 1193 1604 rede
1207 1549 1347 1616 adiectum,
1366 1551 1417 1604 nisi
1433 1551 1487 1606 alia
1503 1567 1578 1606 mens
1595 1549 1676 1606 fuerit
1690 1549 1839 1606 testatoris:
1857 1551 1935 1606 sicuti

265 1613 369 1678 ¹iterum
404 1615 447 1670 ει3
463 1615 521 1672 fieri
537 1617 613 1684 solet,
632 1617 737 1672 aedium
754 1621 802 1670 est.
1001 1637 1002 1640 ¹
1040 1663 1041 1666 ,
1129 1617 1157 1670 in
1175 1617 1389 1688 stipulationibus
1407 1617 1575 1688 promissoris
1592 1619 1678 1686 gratia
1694 1623 1798 1686 ternpus
1813 1617 1935 1672 adicitur.

307 1681 368 1742 246
386 1633 465 1738 irunt
479 1683 546 1738 libro
563 1689 642 1738 screto
660 1683 762 1738 decimo
779 1683 955 1762 epistolarum
981 1683 1097 1762 4ΑεειΙ
1166 1681 1203 1742 18
1221 1685 1393 1738 Postremus
1408 1687 1475 1740 libro
1492 1693 1571 1740 rento
1589 1687 1626 1738 εει
1642 1685 1771 1740 Sabinum
1791 1687 1881 1754 ‘Quae
1897 1687 1935 1756 le-

273 1751 431 1806 Labeonem·
449 1751 579 1822 pithanon
598 1751 638 1806 ita
660 1751 787 1820 scripturn
810 1753 861 1804 est:
891 1751 1009 1816 exhibet,
1034 1767 1079 1820 qur
1128 1759 1192 1820 gata
1214 1753 1326 1808 mortuis
1349 1753 1426 1806 uobis
1448 1753 1484 1806 ad
1505 1753 1629 1806 heredem
1650 1759 1770 1808 nostrum
1787 1759 1935 1820 transeunt,

272 1825 393 1886 praestat
410 1819 465 1874 sins
482 1819 516 1876 de
534 1835 586 1888 quo
603 1819 690 1888 agitur
706 1819 893 1886 praesentiam.
920 1833 982 1874 nam
999 1819 1078 1872 etiam
1130 1835 1221 1874 sorum
1239 1819 1406 1876 commodum
1421 1835 1472 1890 per
1487 1837 1536 1876 nos
1553 1821 1609 1886 his,
1628 1837 1740 1888 quorum
1757 1821 1784 1874 in
1801 1825 1935 1888 potestate

273 1887 318 1956 εει
335 1887 419 1952 sistit,
440 1891 561 1956 praestat
584 1885 641 1940 eius
664 1885 697 1940 de
714 1901 768 1954 quo
788 1885 876 1954 agitur
891 1885 1077 1954 praesentiam,
1130 1901 1236 1952 sumus,
1257 1885 1351 1942 eodem
1376 1903 1440 1942 casu
1463 1887 1638 1956 adquirimus:
1662 1889 1740 1942 aliter
1760 1893 1840 1954 atque
1865 1889 1936 1956 quod

272 1967 322 2008 nes
339 1959 429 2008 tamen
445 1969 504 2008 enm
522 1953 640 2008 exhibet:
659 1951 749 2020 etqui
765 1959 867 2008 mutum
885 1959 933 2008 aut
948 1953 1078 2008 furiosum
1129 1955 1250 2022 stipulati
1271 1969 1372 2008 sumus.
1406 1969 1468 2008 nam
1485 1961 1513 2008 et
1532 1957 1581 2008 sub
1607 1955 1762 2008 εοειιειεεε
1778 1955 1935 2022 stipulantes

273 2027 321 2074 aut
342 2019 470 2076 infantem
491 2021 611 2086 exhibet,
635 2035 689 2076 non
711 2025 801 2090 potest
822 2021 905 2076 videri
926 2019 983 2076 eius
1001 2035 1077 2090 prae·
1129 2021 1278 2074 omnimodo
1303 2021 1341 2074 eis
1367 2021 1543 2092 adquirimus,
1579 2023 1680 2076 etiamsi
1709 2021 1828 2076 liberatis
1857 2023 1935 2076 nohis

272 2093 345 2142 stare
361 2089 551 2168 praesentiam:
569 2103 646 2142 nemo
661 2087 730 2142 euim
748 2103 782 2142 ex
795 2105 827 2144 so
843 2103 939 2158 genere
951 2103 1078 2158 praesens
1128 2095 1262 2158 potestate
1278 2087 1405 2142 domini¹¹
1423 2089 1545 2144 condicio
1562 2089 1666 2144 existat.
1918 2143 1921 2150 ,

276 2161 287 2208 ι
324 2161 390 2212 satis
412 2159 493 2224 apte⁵
516 2155 646 2224 appellari
665 2161 763 2224 potest.
797 2155 926 2212 Restituit
947 2173 1002 2212 non
1017 2161 1076 2210 tan·
1166 2151 1203 2214 19
1227 2155 1371 2212 Unrtsuus
1394 2155 1461 2212 libro
1478 2157 1619 2212 uicensimo
1638 2161 1735 2226 quarto
1753 2155 1790 2210 od
1806 2155 1935 2210 Sabinum

273 2229 342 2290 tum,
365 2225 411 2304 qni
427 2225 513 2278 solunt
530 2239 642 2344 eotpps,
660 2223 708 2278 sed
1128 2223 1180 2290 uus
1202 2239 1263 2278 cunt
1286 2223 1338 2302 elie
1358 2223 1504 2302 contrahit,
1528 2225 1568 2278 vel
1586 2229 1626 2302 est
1648 2225 1689 2278 εει
1706 2223 1785 2278 debet
1805 2239 1935 2302 essenon

274 2291 507 2360 condicionemque
528 2291 575 2346 red
592 2295 633 2346 ta
654 2307 737 2346 causa
759 2297 891 2360 praestet:
912 2297 941 2346 et
961 2297 1020 2346 tota
1036 2307 1086 2360 ref
1119 2291 1236 2358 ‘ignarus
1254 2291 1416 2346 condicionrs
1434 2291 1504 2344 eius:
1529 2291 1620 2344 heredi
1637 2299 1725 2346 autem
1742 2291 1794 2346 huo
1810 2291 1935 2360 imputari

274 2359 375 2414 stitutio
391 2359 456 2414 iuris
474 2363 516 2422 est
531 2359 724 2428 interpretatio.
1128 2363 1298 2478 εοεΝεοιεει1
1313 2375 1374 2412 cum
1391 2375 1445 2412 non
1463 2363 1557 2438 sponte
1572 2375 1632 2412 eum
1644 2357 1778 2436 legatariis
1792 2357 1932 2416 connuhit

1131 2429 1142 2476 ι
1205 2441 1241 2478 οε
1257 2441 1287 2480 so
1299 2431 1325 2478 et
1343 2425 1464 2494 exceptio
1481 2425 1536 2480 doh
1549 2441 1646 2480 nocere
1662 2425 1713 2492 lus,
1730 2425 1827 2494 quihus
1841 2425 1949 2480 volun-¹

1096 2529 1100 2560 ,ς
1128 2497 1172 2546 tas
1188 2491 1325 2548 testatoris
1345 2509 1399 2546 non
1415 2491 1573 2560 refragatur.
1606 2527 1607 2530 =

1099 2625 1101 2628 ¹
1133 2573 1134 2576 ’
1164 2555 1203 2618 20
1229 2559 1399 2614 Postremus
1419 2561 1486 2614 libro
1508 2563 1620 2614 sc'timo
1643 2559 1680 2614 cci
1700 2557 1829 2614 Sabinum
1863 2557 1933 2628 Quo·

1129 2627 1198 2682 tiens
1225 2627 1306 2682 dubia
1330 2627 1385 2680 ints
1418 2629 1513 2682 retatio
1553 2627 1672 2692 ‘bertatis
1703 2633 1758 2696 est,
1790 2627 1935 2684 secundum

1128 2695 1281 2766 libertatem
1296 2709 1395 2764 respon
1412 2695 1509 2750 endum
1526 2695 1585 2750 erit.
1724 2757 1725 2760 Ἴ
1761 2711 1764 2716 ·
1791 2727 1794 2732 ·
1927 2747 1928 2750 ,

1149 2759 1200 2820 21
1231 2761 1375 2818 Unrttuus
1401 2761 1468 2818 libro
1490 2763 1632 2818 vicensimo
1656 2763 1769 2834 septimo
1795 2761 1832 2816 ool
1857 2761 1934 2818 Sobi-

1128 2829 1317 2950 ttetrrsliiion¹²
1340 2829 1431 2896 dehet,
1454 2831 1497 2886 cui
1518 2829 1580 2900 plus
1601 2831 1677 2898 licet,
1702 2829 1876 2898 quodminus
1893 2835 1935 2884 est

1129 2913 1184 2952 non
1219 2911 1287 2950 cere.
1880 2931 1881 2934 =

1164 2961 1203 3022 22
1221 2963 1302 3018 Jnru
1322 2963 1389 3020 libro
1411 2965 1553 3020 er'csnsimo
1571 2967 1664 3030 octauo
1682 2965 1719 3018 od
1740 2963 1869 3020 Sabinum
1903 2965 1935 3018 In

1131 3037 1142 3084 ι
1179 3047 1321 3102 personam
1342 3031 1462 3088 servilem
1483 3031 1557 3086 nulla
1580 3031 1651 3086 cadit
1674 3031 1813 3100 obligatio.¹
1835 3031 1934 3086 iisne·

1128 3099 1220 3154 raliter
1236 3099 1403 3170 probandum
1420 3103 1474 3166 est,
1491 3099 1650 3168 ubicumque
1666 3099 1695 3154 in
1712 3099 1799 3154 bonae
1815 3097 1878 3154 fidei
1893 3099 1934 3154 ιε’-

1129 3169 1205 3222 dicim
1223 3167 1359 3224 confertur
1375 3169 1404 3220 in
1421 3167 1559 3222 arbitrium
1581 3165 1680 3220 domini
1696 3167 1737 3220 εει
1753 3169 1934 3236 procuratoris

1129 3235 1186 3292 eius
1205 3235 1339 3302 εοειιειε,
1363 3251 1412 3304 pro
1433 3235 1503 3290 boni
1520 3235 1570 3308 riri
1587 3235 1697 3290 arbitrio
1715 3235 1767 3290 hoc
1784 3235 1934 3290 habendum

1129 3317 1196 3358 esse.
1828 3325 1829 3328 ¹

1127 3387 1128 3390 ’
1164 3367 1203 3428 23
1221 3369 1301 3424 iurat
1316 3369 1383 3426 labro
1397 3369 1542 3428 ¹m'certttino
1560 3385 1631 3424 nono
1649 3371 1686 3424 ειι
1701 3369 1830 3424 Sabinum
1865 3369 1934 3424 Ocn-

1127 3443 1232 3494 tractns
1257 3439 1364 3506 quidam
1391 3437 1479 3492 dolum
1505 3439 1605 3496 malum
1632 3437 1773 3492 dumtaxat
1794 3437 1933 3560 recipiunt,

1127 3507 1236 3576 quidam
1259 3511 1286 3560 et
1303 3507 1392 3562 dolum
1409 3511 1436 3560 et
1453 3505 1566 3576 culpam.
1602 3505 1692 3562 dolum
1709 3509 1827 3560 tantum:
1870 3523 1932 3576 epo-

1128 3577 1208 3630 situm
1231 3579 1257 3628 et
1280 3575 1437 3644 precarium.
1473 3573 1563 3628 dolurn
1590 3579 1617 3628 et
1639 3575 1745 3644 culpam
1770 3573 1933 3640 mandatnm,

1128 3643 1335 3708 commodatum,
1353 3643 1498 3708 venditum,
1517 3643 1621 3710 pignori
1637 3647 1789 3710 acceptum,
1807 3643 1932 3706 locatum,

272 3707 422 3776 quipotest
437 3707 513 3762 velle.
1126 3709 1190 3762 item
1207 3709 1276 3764 dotis
1294 3709 1379 3776 datio,
1403 3709 1515 3774 tutelae,
1537 3709 1748 3778 negotia-gesta:
1769 3709 1798 3762 in
1814 3709 1856 3762 his
1874 3709 1932 3778 qui-

306 3771 423 3830 dlnmt
442 3775 509 3828 libro
531 3783 608 3830 sento
632 3775 670 3828 od
691 3773 820 3830 Sabinum
854 3775 930 3830 Velle
946 3789 1002 3828 non
1018 3789 1074 3830 cre-
1126 3775 1186 3830 dem
1202 3781 1231 3846 et
1247 3775 1416 3844 diligentiam.
1452 3777 1566 3832 εοειειεε
1585 3781 1611 3832 ει
1634 3793 1723 3832 rerum
1741 3777 1889 3832 communio
1906 3783 1933 3832 et
1965 3819 1966 3822 ,

272 3841 351 3910 ditur,
369 3841 415 3912 qui
431 3841 585 3910 obsequitur
600 3841 711 3912 irnperio
728 3841 813 3912 patris
830 3841 870 3898 rel
887 3841 995 3908 donini.
1019 3853 1021 3858 ’
1126 3845 1215 3898 dolum
1232 3849 1260 3898 et
1277 3845 1384 3914 erdpant
1400 3845 1507 3914 recipit
1538 3845 1738 3910 bethasetta,
1762 3845 1814 3900 nisi
1829 3845 1853 3900 si
1870 3845 1933 3914 quid

272 3957 273 3960 ,
305 3907 460 3968 5Ρεειεε
480 3909 548 3966 libro
565 3911 681 3966 secundo
699 3909 882 3966 εειδειιέειε
914 3911 946 3964 Iu
962 3909 1074 3978 negotiis
1124 3911 1281 3966 nominatim
1302 3911 1425 3968 tontenit
1445 3911 1497 3978 (εει
1520 3913 1580 3980 ειεε
1597 3913 1639 3968 εει
1659 3913 1756 3980 minus)
1778 3913 1806 3968 in
1821 3911 1932 3982 'singulis

269 3977 467 4034 contrahendis
479 3977 533 4032 alin
549 3989 632 4034 causa
653 3979 747 4032 habita
764 3977 996 4044 substitissemus,
1020 3977 1074 4032 alia
1124 3979 1321 4036 contractibus:
1345 3995 1408 4034 nam
1430 3979 1486 4034 hoe
1499 3979 1659 4046 servabitur,
1684 3979 1756 4048 quod
1771 3979 1847 4034 initio
1864 3997 1930 4036 ,con-

271 4061 363 4100 sonum
391 4045 509 4116 quitari
534 4051 659 4114 potsunt,
689 4045 807 4114 quamvis
836 4051 926 4100 aetum
953 4045 993 4100 rei
1019 4055 1097 4102 non,
1123 4045 1195 4104 uenit
1208 4049 1302 4116 (legem
1316 4047 1385 4102 enim
1400 4051 1554 4102 ecthactus
1569 4047 1659 4114 dedit),
1678 4051 1788 4116 excepto
1802 4063 1842 4114 eo,
1861 4047 1931 4116 quod

269 4113 469 4182 intellegerentr
491 4129 553 4168 nam
575 4113 692 4168 furimus
719 4113 821 4168 nullum
849 4113 983 4182 negotium
1010 4129 1073 4168 con-

724 2223 804 2278 etiam
822 2225 869 2294 qui
885 2239 988 2280 omnem
1005 2227 1078 2278 reni8

448 2595 450 2598 ·
622 2561 734 2622 xvir.

348 2661 567 2714 nantuensis
583 2661 729 2714 εεεεεεε
747 2663 837 2714 εεεε
856 2657 1005 2720 surium.
1024 2725 1025 2728 g

267 2807 268 2810 ε
310 2757 324 2818 1
350 2761 468 2816 Passus
487 2761 555 2818 libro
572 2767 651 2816 scorto
674 2761 776 2816 denoto
797 2761 835 2816 od
855 2761 991 2816 Plautium
1025 2761 1101 2822 lie-1

274 2829 336 2898 gula
353 2833 407 2894 est,
430 2843 498 2896 quae
515 2845 572 2884 rem
589 2845 657 2898 quae
680 2835 721 2884 est
742 2829 857 2884 breviter
874 2833 989 2884 enarrat.
1023 2845 1077 2884 non
1100 2855 1101 2902 j

268 2897 415 3032 rust
431 2897 1079 3032 ..sirit

271 3031 353 3096 ditur,
371 3037 405 3098 st,
422 3036 453 3086 ut
463 3031 508 3086 -ait
525 2979 654 3100 Sablffius,
672 3033 749 3100 quasi
767 3047 865 3088 causae
883 3031 1011 3088 coniectis
1028 3037 1077 3096 est,

270 3113 342 3168 quae
359 3099 436 3154 simul
453 3115 513 3154 cum
529 3099 558 3154 in
575 3099 663 3168 aliquo
681 3099 774 3156 vitiata
790 3105 840 3168 est,
857 3099 945 3170 perdit
962 3099 1079 3154 officium
1100 3113 1101 3116 ’

274 3181 360 3222 snum.
642 3203 643 3206 ι

308 3231 338 3292 2
355 3233 498 3290 Unrtnrus
525 3235 592 3290 libro
610 3235 703 3306 primo
725 3235 915 3292 adSobr'oom
953 3235 1078 3288 Feminae

275 3301 309 3358 ab
336 3301 459 3356 omnibus
482 3301 579 3356 officiis
605 3301 726 3368 civilibus
755 3303 797 3358 uel
824 3301 938 3370 puhlicis
961 3307 1079 3358 remotae

274 3373 337 3424 sunt
358 3375 386 3424 et
401 3367 461 3424 ideo
478 3383 529 3424 nec
544 3369 647 3424 iudices
663 3385 723 3424 esse
739 3375 852 3438 possunt
874 3385 923 3424 nec
939 3369 1078 3438 magistra·

272 3443 330 3490 tum
352 3451 443 3506 gerere
465 3451 516 3492 nec
536 3439 673 3506 postmare
696 3447 747 3492 nec
790 3453 821 3492 ro
843 3437 896 3494 alio
921 3439 1077 3494 intervenire
1100 3461 1101 3464 ¹

276 3511 287 3558 ι
323 3519 372 3560 nec
390 3509 581 3574 procuratores
604 3505 726 3560 existere.
774 3511 828 3560 tem
849 3505 971 3574 impubes
993 3507 1078 3560 omni·

273 3573 323 3628 bus
341 3571 436 3628 officiis
453 3571 573 3628 ciuilibus
591 3571 670 3628 dehet
687 3571 829 3628 abstinere.
1100 3579 1101 3584 ’

306 3637 423 3696 Βιεεε
437 3639 505 3694 ιιινο
524 3643 600 3694 tertio
618 3641 655 3694 εει
671 3637 802 3694 Sabinum
836 3639 904 3694 Eius
922 3641 981 3696 εειΒ
997 3641 1075 3706 nolle,

1124 4115 1217 4170 Ochus
1240 4121 1317 4186 putat
1340 4131 1395 4170 non
1416 4117 1516 4180 valere,
1546 4117 1569 4170 si
1595 4115 1761 4180 conuenerit,
1790 4131 1824 4170 ue
1853 4113 1931 4172 dolus

270 4181 378 4236 trahere
392 4187 495 4252 potest,
518 4181 636 4252 pupillus
657 4183 746 4236 omnia
761 4187 978 4238 tutoraauctore
995 4197 1072 4252 agere
1122 4189 1287 4252 praestetur:
1308 4183 1361 4238 hoe
1378 4183 1448 4240 enim
1463 4183 1551 4240 bonae
1567 4183 1629 4238 fidei
1650 4183 1750 4240 iudicio
1768 4183 1931 4238 contrarium

269 4255 367 4318 potest
411 4283 413 4288 ,
777 4285 779 4288 -
1123 4255 1174 4318 est:
1193 4255 1221 4306 et
1236 4251 1276 4306 ita
1292 4253 1398 4308 utimur.
1424 4251 1657 4316 animaliumtero
1676 4265 1755 4306 casus
1770 4255 1929 4322 mortesque,

272 4365 273 4368 ,
304 4315 489 4376 tutunus
509 4315 576 4372 libro
592 4317 705 4390 septimo
722 4315 760 4372 od
775 4317 905 4372 Sabinam
938 4315 1000 4372 Non
1016 4317 1073 4372 uult
1123 4321 1222 4386 quae¹³
1244 4321 1302 4374 sine
1323 4321 1403 4392 culpa
1425 4319 1590 4388 accidnnt¹⁴‚
1618 4319 1699 4388 fugae
1717 4335 1860 4376 seruorum
1902 4319 1930 4374 ui

271 4385 347 4442 heres
361 4399 428 4450 esse,
446 4383 490 4454 qni
499 4383 537 4438 'od
548 4385 629 4440 alium
641 4383 785 4440 transferre
795 4385 880 4440 soluit
890 4385 1071 4442 hereditatem.
1123 4387 1253 4442 erutodiri
1275 4403 1329 4442 non
1351 4389 1448 4454 solent,
1476 4387 1600 4456 rapinae,
1628 4387 1770 4454 tumultus,
1798 4337 1929 4454 urende,

272 4477 273 4480 ¹
297 4449 324 4510 τι
337 4453 505 4508 Postremus
521 4453 589 4510 libro
601 4453 680 4508 tertio
692 4453 729 4506 εει
739 4453 867 4508 Sabinum
892 4453 937 4510 Ins
946 4459 1072 4510 nostrum
1123 4471 1252 4522 aquarum
1275 4457 1482 4524 magnitudines,
1506 4457 1620 4526 impetus
1633 4455 1805 4524 praedonum
1821 4471 1839 4510 a
1855 4455 1929 4510 nullo

272 4537 325 4576 non
341 4521 443 4590 patitur
454 4519 566 4576 eundern
581 4521 609 4574 in
626 4519 737 4590 paganis
755 4525 781 4576 st
793 4525 890 4576 testato
905 4525 933 4576 et
945 4521 1072 4578 intestato
1123 4529 1301 4592 praestantur.
1867 4547 1869 4552 ¹

272 4587 429 4644 decessisset
445 4603 685 4658 rerumquererum
697 4589 971 4644 εειιεειιιεειειεεεε
984 4603 1073 4660 pugno
1159 4587 1199 4646 24
1218 4591 1338 4646 Pronus
1361 4591 1428 4644 libro
1452 4591 1545 4660 quinto
1571 4591 1608 4644 ει
1629 4587 1759 4644 Sabinum
1792 4589 1929 4658 Quatenus

272 4661 313 4714 est
329 4657 457 4712 ‘testatus'
473 4661 503 4708 et
519 4655 704 4710 ‘intestatus'⁹.
1124 4657 1200 4716 ouius
1218 4657 1330 4726 intersit,
1348 4657 1376 4712 in
1393 4657 1474 4724 iacto,
1491 4673 1546 4714 non
1562 4657 1590 4710 iu
1607 4657 1665 4710 iure
1682 4657 1818 4712 consistit

271 4755 276 4778 2
306 4717 423 4782 Slunrt
439 4721 521 4778 ιιιιε·
544 4729 624 4796 corto
641 4723 678 4778 od
694 4721 823 4780 Sabinum
857 4723 919 4778 Iura
935 4723 1071 4792 sanguinis
1157 4721 1197 4782 25
1216 4725 1386 4780 Postremus
1406 4725 1474 4780 libro
1490 4725 1631 4780 undecimo
1648 4725 1686 4780 ει
1701 4723 1837 4780 Sabinum¹
1865 4725 1929 4780 Plus

272 4791 344 4846 nullo
359 4791 418 4846 iure
434 4789 504 4868 cirili
520 4741 606 4846 dirimi
621 4795 744 4860 possunt.
822 4855 823 4858 Ἴ
1004 4861 1011 4870 .
1124 4793 1255 4848 εεειιοειε
1271 4795 1299 4846 in
1316 4809 1347 4846 rs
1364 4797 1409 4846 εει
1422 4807 1503 4862 qnam
1518 4793 1547 4868 in
1564 4807 1687 4862 persona.

285 4857 324 4918 ’9
356 4859 501 4916 Utrtmus
526 4859 593 4916 libro
645 4861 720 4914 ειειε
749 4859 850 4916 domim
881 4859 918 4914 od
942 4855 1072 4914 Sauream
1158 4857 1197 4918 26
1220 4861 1365 4916 sturmus
1388 4861 1457 4914 libro
1479 4861 1633 4930 trigessimo
1656 4861 1694 4914 nd
1712 4859 1843 4916 Sabinum
1878 4857 1929 4928 Qut

271 4927 330 4984 Sem
364 4927 423 4982 rin
440 4927 561 4984 obscuris
578 4875 648 4996 quod
663 4927 799 4998 minimum
816 4931 858 4982 est
874 4927 1016 4996 sequimur.
1122 4933 1212 4996 potest
1229 4927 1317 4984 inritis
1334 4927 1464 4994 alienors,
1490 4927 1574 4984 multo
1595 4927 1678 4998 magis
1696 4932 1723 4983 et
1745 4927 1929 4996 ignorantibus

276 4993 321 5054 «1
366 4993 483 5050 Parrus
505 4995 572 5050 libro
595 4995 673 5050 tertio
695 4995 732 5050 ει
754 4997 882 5050 Sabinum
921 4993 1071 5050 Secundum
1123 4999 1150 5050 et
1166 4995 1322 5052 absentibus
1338 4999 1434 5066 potest.
1884 5045 1886 5050 ,
1926 5017 1927 5020 ¹

271 5069 401 5120 naturam
410 5065 452 5120 ast
467 5063 605 5120 commoda
623 5061 750 5132 cuiusque
767 5065 806 5118 rei
819 5079 879 5118 euni
893 5061 977 5130 sequi,
995 5073 1072 5132 quem
1157 5059 1195 5120 27
1221 5063 1392 5118 Postremus
1414 5063 1481 5118 libro
1506 5069 1586 5118 rento
1611 5061 1712 5118 decimo
1738 5063 1775 5118 od
1797 5061 1929 5120 *Sabaon

316 5137 413 5188 uantur
428 5131 602 5204 incommoda.
1122 5131 1183 5188 Nec
1202 5147 1236 5186 ex
1258 5131 1392 5200 praetorio
1412 5145 1462 5186 nec
1484 5145 1518 5186 ex
1542 5131 1662 5186 sollemni
1684 5131 1743 5186 iure
1765 5131 1929 5200 priuatorum

328 5197 922 5270 1PostremuslibroquintoodSobinom
942 5197 983 5266 Id,
1019 5197 1072 5254 uod
1123 5199 1451 5268 contentionequicquaro
1463 5197 1713 5264 immutandumest,
1728 5197 1928 5266 quamtisobli·

270 5271 390 5332 nostrum
412 5271 465 5334 est,
487 5267 546 5324 sine
567 5265 639 5322 iacto
662 5271 759 5332 nostro¹
778 5267 912 5322 adolium
932 5213 1073 5322 transierri
1121 5269 1258 5348 gatianum
1281 5281 1380 5324 causae
1400 5269 1529 5336 pactione,
1547 5267 1652 5338 possint
1673 5265 1808 5320 immutari
1823 5271 1852 5322 et
1867 5267 1927 5336 ipso

269 5351 323 5392 non
339 5339 435 5404 potest.
564 5355 565 5358 ¹
993 5399 996 5402 ¹
1019 5393 1020 5396 Ἴ
1101 5401 1102 5404 ¹
1121 5351 1180 5390 rurs
1193 5341 1221 5390 st
1233 5335 1370 5406 perpasti
1383 5337 1534 5390 εεεεεειι15
1550 5335 1747 5406 exceptionemr
1766 5333 1927 5404 quiaactio·

269 5509 300 5572 ιε
314 5505 395 5558 ,eutr
457 5505 490 5570 (ε)
508 5503 690 5570 provocatur
752 5505 786 5570 (a)
800 5503 1071 5570 inmmqoilplerum-
1102 5509 1105 5560 i
1157 5507 1189 5572 (r)
1208 5503 1360 5566 Sat42...tr;
1374 5503 1486 5572 Appias
1500 5503 1677 5572 Pop.tt...1ot;
1691 5497 1929 5560 nantonens-

270 5589 383 5638 εεε,εεε.;Ι
440 5575 472 5638 ιι)
491 5587 541 5624 non
553 5571 654 5622 omnino
665 5575 731 5624 reete
743 5575 863 5626 similinus
875 5575 993 5626 adiecisse
1001 5575 1074 5626 Pena,
1101 5575 1186 5632 ἑΒεε.
1202 5575 1254 5638 2,3
1325 5575 1358 5638 (s)
1376 5587 1426 5624 non
1439 5575 1484 5626 ins.
1499 5573 1526 5624 F
1593 5573 1628 5638 (e)
1645 5575 1929 5628 mutuaenutuae

267 5645 365 5710 ponium
377 5641 521 5704 monuitAd.
531 5641 643 5692 Schmidt
709 5641 743 5706 (5)
759 5641 851 5692 acted*
910 5641 944 5708 (tl
962 5641 1072 5692 restitnit
1122 5641 1240 5696 ιειΗει.
1271 5643 1350 5706 vito)
1366 5641 1597 5708 interpretantan
1655 5643 1697 5710 (ιι)
1715 5639 1926 5710 dominildsmurn

269 5711 379 5830 εξειιῃειξι
388 5711 471 5844 ltplnru
485 5713 574 5778 eorpus
587 5707 630 5764 ssd
643 5707 688 5782 qui
701 5719 798 5760 omnem
812 5725 864 5762 rem
877 5711 1073 5794 ror.(tantnmet
1100 5711 1248 5830 affl}
1294 5709 1775 5844 Uliilndodrsuiidirsmdimqmqm
1823 5713 1869 5778 (rt)
1885 5725 1929 5764 cs.

271 5795 284 5830 ε
374 5797 402 5832 ε.
1101 5799 1103 5816 ³
1267 5809 1268 5812 =
1741 5803 1742 5806 ¹
1812 5815 1813 5818 =
1863 5801 1864 5804 ¹
