4366 6258
249 393 345 450 cluss
364 391 571 438 nssrsunmrr
1046 359 1108 430 lot
1423 339 1425 344 ⁵
1715 349 1875 418 XXVIHI
1897 357 1917 418 4

251 571 264 620 5
295 555 322 610 Si
338 559 426 608 autem
441 553 480 618 is,
499 551 543 604 cui
560 549 660 604 auferri
676 547 811 604 hereditas
828 555 931 618 potest,
952 549 988 604 ali
1005 547 1054 604 uid
1124 543 1242 598 otietur?
1262 543 1407 628 .di⁰i¹²d¹².¹³
1424 545 1520 628 estita
1538 543 1642 626 dampni
1659 535 1740 594 etiam
1757 535 1918 618 tqruwgti

250 623 375 700 possideat
393 621 426 676 de
439 619 589 674 hereditate
604 623 630 672 et
644 617 782 696 possidere
797 617 904 672 desierit
918 619 975 674 sine
989 565 1053 670 dolo
1124 613 1166 668 olo
1184 609 1323 692 substituti
1338 619 1476 682 pervemat
1492 613 1527 670 ad
1542 613 1680 692 insatptos
1702 601 1838 686 hereditas
1860 619 1919 684 erne

251 703 265 750 ε
294 689 370 754 malo,
386 685 470 754 magis
487 691 536 748 εει,
555 691 586 738 ut
604 685 708 740 damnat
725 685 868 740 conveniri.
895 685 973 754 Quod
991 697 1053 752 ergo
1104 691 1234 752 pecunrar
1257 693 1321 732 uam
1344 679 1523 750 sipecuninm
1540 681 1645 748 accepit
1661 674 1837 756 substitutus,
1859 689 1918 754 ipse

251 771 346 826 tempus
369 751 564 824 spectabimus,
593 751 730 820 possideat
752 769 802 808 nec
827 755 882 808 ne?
910 753 964 808 litis
988 767 1053 806 con·
1106 747 1155 802 erit
1178 745 1383 826 deprendendas.
1417 749 1481 804 item
1502 751 1526 804 ει
1548 749 1622 804 εοιεε
1644 745 1806 826 subsbtutus
1821 755 1918 822 ,poser-

252 835 264 882 t·
296 827 406 878 ιεειειεε
422 825 528 888 tempus
546 819 663 898 spectari
680 817 768 898 debet.
796 819 874 874 Gerte
891 819 914 875 ει
928 817 1054 898 vacantia
1105 815 1188 896 deret,
1205 829 1230 868 ει
1244 813 1352 896 puidam
1367 817 1482 894 pecunia
1496 823 1607 898 aoceptp
1622 815 1761 870 insulatus
1776 817 1917 878 omisisset,

251 899 315 952 bona
340 889 398 958 quis
422 885 571 956 possedeat
597 891 624 940 et
649 887 851 956 quadriennium
879 887 1053 956 praeterient,
1105 885 1225 938 dcemus
1242 887 1392 938 nstitutum
1409 895 1465 960 sors
1481 883 1616 952 legatarns
1633 883 1796 954 respondere
1812 879 1917 946 debere,

251 957 390 1018 indubitate
407 953 543 1010 conveniri
558 955 659 1022 poterit
675 969 709 1008 ex
725 955 777 1008 hac
791 959 869 1024 parte
884 955 972 1018 edicti,
991 955 1055 1022 qnia
1105 949 1280 1006 substitutum
1303 949 1372 1004 suis:
1399 963 1422 1004 ει
1445 955 1534 1004 autem
1557 953 1614 1008 sine
1635 953 1764 1022 pecunie,
1789 949 1917 1006 adversus

252 1035 276 1082 et
296 1023 380 1078 omisit
404 1035 512 1076 causam
535 1021 687 1076 testamenti
710 1033 737 1074 et
760 1023 839 1102 εειει
866 1021 901 1076 ει
926 1021 1053 1074 ιειεειειο
1105 1017 1284 1092 substitutum
1307 1015 1428 1072 dabimus
1458 1017 1597 1072 actionem.
1640 1037 1712 1076 nunc
1745 1035 1806 1076 oum
1838 1019 1916 1074 ambo

251 1089 362 1166 possedit
379 1093 406 1142 et
423 1087 528 1156 quidem
546 1087 594 1154 sic,
611 1091 642 1142 ει
658 1103 777 1156 praescrr
796 1087 870 1144 tione
887 1087 1055 1168 quadriennii
1105 1085 1273 1156 possideant,
1306 1083 1400 1140 medus
1429 1081 1533 1138 dicetur
1557 1085 1674 1156 singulos
1700 1089 1755 1144 suis
1781 1087 1917 1156 legatariis

253 1167 266 1216 8
298 1163 367 1212 tntus
391 1155 433 1210 sit.
475 1153 504 1210 Si
527 1159 657 1224 patronus
683 1171 716 1210 er
740 1105 831 1210 dedita
855 1155 906 1210 sih1
931 1153 1054 1222 portione
1105 1169 1148 1210 res
1169 1153 1267 1210 endere
1284 1153 1389 1210 debere.
1543 1219 1550 1232 .

252 1231 323 1286 heres
339 1223 452 1300 scriptus
471 1221 534 1278 dato
553 1223 604 1276 sihi
621 1221 750 1276 coherede
768 1237 802 1276 cn
818 1223 872 1278 alia
887 1229 965 1292 parte
988 1221 1053 1276 omi·
1141 1171 1178 1278 11
1197 1221 1367 1278 Invonnnos
1380 1219 1455 1300 'libro
1478 1223 1590 1342 septimo
1613 1225 1789 1294 apestolorum
1831 1223 1860 1280 Si
1883 1223 1917 1280 ab

253 1295 310 1352 serit
332 1291 534 1356 institutionem,
560 1291 624 1360 quia
647 1291 738 1344 debita
759 1307 823 1360 pers
847 1291 903 1346 eins
928 1295 986 1346 eret
1008 1305 1054 1346 ex-
1105 1291 1228 1346 instituto
1253 1297 1280 1346 et
1302 1289 1447 1346 substituto
1472 1303 1503 1342 ea
1523 1301 1564 1342 em
1585 1303 1628 1344 res
1652 1289 1742 1348 mihil
1792 1297 1821 1348 ta
1839 1291 1875 1348 sit
1891 1297 1918 1348 ει

253 1363 349 1424 ιεεειε,
363 1359 480 1412 omiserit
494 1363 521 1412 et
536 1361 655 1422 coheres,
671 1357 764 1414 deinde
776 1359 913 1428 possideat
923 1363 1054 1426 patronus
1105 1359 1204 1414 omissa
1222 1375 1305 1414 causa
1321 1355 1473 1414 testamenti
1489 1353 1662 1432 hereditatem
1678 1363 1752 1480 possi
1771 1367 1835 1416 eant
1850 1363 1917 1432 lege,

252 1429 283 1484 ah
299 1429 421 1480 intestato
438 1425 579 1494 legitimam
595 1425 768 1480 hereditatem
782 1429 876 1492 totam,
895 1425 1010 1480 dandam
1026 1425 1055 1480 in
1106 1425 1209 1480 etamsi
1233 1427 1268 1480 ab
1291 1429 1404 1494 utroque
1413 1425 1434 1456 ¹⁰
1457 1423 1569 1480 solidum
1591 1423 1656 1478 mihi
1697 1427 1918 1496 ebetur,ta1nen

253 1509 306 1550 eum
326 1495 472 1572 legatorum
494 1495 627 1572 actionem
644 1491 737 1572 tlemus
760 1493 828 1548 libro
854 1493 1053 1550 sextodecimo
1106 1495 1140 1548 ab
1166 1509 1221 1550 uno
1247 1495 1364 1564 legatum
1389 1495 1549 1548 consecutas
1575 1490 1610 1546 ab
1635 1491 1720 1548 altero
1745 1501 1837 1566 petere
1862 1513 1917 1552 non

253 1563 402 1630 digestorum
417 1565 464 1624 art,
480 1575 548 1630 quae
561 1577 591 1614 ur
602 1561 702 1614 Timum
718 1567 889 1630 competeret,
905 1559 1053 1618 sufficeret·
1105 1567 1213 1630 potero:
1233 1561 1328 1632 eligere
1345 1561 1436 1630 itaque
1452 1573 1527 1616 reum
1544 1563 1645 1628 potero.

253 1633 315 1698 pue²
329 1633 450 1696 patrono,
469 1627 541 1696 quod
557 1627 687 1696 integram
705 1627 822 1684 debitam
840 1629 891 1684 sihi
923 1631 1054 1686 ortionem
1142 1627 1180 1688 12
1203 1627 1350 1684 Uarianos
1363 1627 1431 1684 libro
1447 1627 1670 1698 quinquepertito
1685 1627 1723 1682 ccl
1736 1629 1853 1686 edictum
1876 1633 1919 1690 De

252 1697 348 1750 habeat.
371 1695 438 1774 haec
457 1701 546 1774 autem
563 1695 602 1750 ita
616 1699 687 1762 sunt,
707 1695 729 1750 ει
745 1697 856 1752 coheres
872 1645 978 1752 cofiusit
993 1711 1055 1752 oum
1104 1697 1275 1752 libertatibus
1298 1711 1401 1768 quoque
1425 1697 1455 1750 iu
1476 1695 1529 1750 hoc
1552 1709 1618 1774 casp
1636 1693 1785 1762 quaesitum
1803 1705 1858 1764 est,
1883 1715 1918 1754 au

251 1771 369 1886 patrono:
394 1763 470 1816 ahter
494 1779 564 1818 cmm
587 1779 643 1818 non
665 1779 725 1818 esse
744 1771 889 1834 patronum
907 1764 1055 1834 cogendum
1106 1769 1260 1886 competant
1275 1767 1332 1818 tam
1347 1765 1399 1820 hae
1416 1777 1485 1834 quae
1502 1765 1537 1820 ab
1550 1767 1673 1818 msututo
1689 1777 1769 1832 quam
1784 1763 1836 1820 hae
1850 1781 1919 1834 quae

262 1833 492 1898 egatapraestarez
511 1831 681 1898 nequeenim
695 1831 867 1886 interdictam
882 1837 930 1898 est,
949 1837 979 1886 ut
1011 1831 1054 1886 uis
1105 1847 1172 1886 asu
1192 1833 1285 1888 stituto
1304 1831 1383 1886 datae
1400 1837 1470 1888 sunt.
1507 1835 1533 1884 et
1547 1831 1629 1900 ειεειε
1644 1837 1692 1894 εει,
1710 1833 1742 1884 ut
1756 1837 1918 1900 competant,

253 1903 267 1952 9
299 1897 397 1950 omittat
413 1897 602 1962 hereditatem,
626 1897 648 1952 si
671 1897 729 1952 sine
748 1899 843 1954 fraude
860 1899 888 1955 id
904 1899 960 1954 fiat.
1021 1915 1055 1954 oc
1109 1903 1120 1952 1
1156 1903 1212 1952 tam
1236 1899 1353 1954 directae
1376 1915 1456 1968 quam
1478 1897 1747 1954 fideicommissariae.
1787 1897 1919 1954 Heredem

254 1963 358 2018 edictum
374 1965 452 2018 etiam
470 1965 505 2018 ad
523 1969 618 2020 contra
635 1965 742 2020 tabulas
760 1967 892 2022 bonorum
906 1967 1054 2036 possessio-
1106 1965 1172 2032 eius,
1190 1965 1236 2034 εει
1250 1965 1347 2020 omissa
1364 1981 1448 2020 causa
1464 1967 1617 2020 testamenti
1634 1965 1669 2020 ab
1685 1963 1814 2020 intestato
1832 1967 1918 2034 possi·

253 2047 307 2086 nem
328 2031 457 2100 pertinere
479 2033 564 2102 magis
589 2033 730 2088 diomdnm
755 2039 810 2100 εει,
834 2035 936 2090 scilicet
957 2041 989 2090 ut
1009 2035 1056 2104 qui
1089 2033 1151 2092 ¹det
1164 2033 1354 2100 hereditatem,
1370 2035 1399 2088 in
1415 2033 1530 2090 solidum
1546 2035 1693 2104 legatorum
1710 2031 1817 2086 eodone
1833 2035 1920 2088 teneri

254 2097 506 2178 accipiendo-eontra
518 2101 627 2154 tabulas
638 2101 771 2156 honorum
782 2101 978 2182 posessipnem
989 2101 1055 2158 libe·
1107 2105 1227 2156 constat:
1256 2101 1339 2182 mapvis
1367 2107 1408 2158 est
1437 2101 1507 2156 enim
1534 2101 1574 2156 rei
1601 2101 1814 2170 persecutionem
1840 2115 1920 2170 quam

252 2167 839 2312 dedititiis.debilitasti
855 2175 1056 2304 tiridati
1106 2169 1519 2316 iiiittdtditttt
1535 2167 1920 2290 intimabant

254 2299 396 2366 radiatam,
418 2307 529 2368 cogatur
547 2307 747 2382 repraestare,
766 2319 835 2372 quae
852 2309 1014 2384 praestaret,
1032 2305 1056 2360 ει
1105 2309 1150 2358 tur
1172 2303 1263 2384 heres:
1287 2309 1353 2358 tnnc
1376 2319 1445 2360 emm
1467 2319 1495 2358 1n
1517 2303 1546 2358 id
1569 2305 1641 2374 quod
1663 2303 1699 2358 ad
1722 2317 1783 2358 eum
1799 2299 1921 2372 persenit

256 2373 283 2422 1⁰
314 2369 889 2440 connatabulas³possess10nemaccept.
925 2371 954 2426 ei
975 2371 1056 2428 luber·
1107 2375 1300 2426 conveniretur.
1896 2383 1897 2388 ’

253 2441 291 2488 tas
306 2435 352 2488 sub
371 2435 527 2490 condicione
543 2435 625 2490 ιεεειι
643 2437 708 2490 ιειε
730 2437 762 2492 ‘si
780 2437 872 2492 decem
895 2437 1005 2494 dederit'
1029 2443 1056 2494 et
1142 2433 1179 2494 13
1201 2437 1294 2492 Gerus
1313 2437 1381 2494 libro
1404 2439 1517 2508 septimo
1540 2437 1641 2494 decimo
1665 2437 1704 2492 ad
1722 2437 1839 2492 adalam
1851 2451 1920 2506 pro·

255 2501 341 2556 omissa
363 2517 445 2556 cansa
468 2503 620 2558 testamenti
641 2503 737 2568 fuerit,
767 2521 822 2558 uon
845 2503 922 2560 aliter
944 2507 1056 2561 libertas
1106 2505 1220 2560 cinciale
1244 2505 1306 2558 Etsi
1319 2521 1374 2561 nou
1388 2509 1472 2560 totam
1486 2503 1581 2572 aliquis
1594 2503 1770 2560 hereditatem
1783 2507 1920 2572 partemve

255 2575 382 2692 coprpppet,
401 2585 480 2690 qpam
498 2569 693 2692 ⁵{·{⁰²¹d{2⁰i⁰}i-
705 2573 822 2692 paritpinr
839 2573 882 2692 sip.
1034 2639 1041 2654 ·
1107 2573 1178 2692 pinet,
1199 2587 1305 2692 exdqup
1321 2573 1398 2652 heres
1414 2571 1553 2692 institutpps
1571 2573 1670 2694 suffla
1687 2571 1824 2694 ipltcpplaatpl
1833 2569 1919 2640 possi-

255 2703 309 2782 dam
326 2653 616 2782 Tppppnpppffareppm
624 2653 762 2784 eliopeto&
774 2639 1056 2784 heiqeffegrgtmcenctzdnm
1106 2653 1224 2760 eliada&
1241 2653 1306 2770 ccviii,
1319 2653 1612 2770 fflugmhggreiiligt‘h‚
1683 2655 1699 2692 v
1838 2653 1920 2784 {mm

255 2771 335 2824 Τιιιο4
350 2773 457 2838 legant:
475 2777 588 2842 uterque
605 2787 704 2826 omissa
717 2775 897 2828 testamento⁵
912 2773 1056 2842 legionum
1142 2721 1181 2830 14
1198 2771 1281 2826 rnna
1294 2773 1362 2828 libro
1379 2773 1495 2826 secando
1513 2773 1547 2828 de
1563 2773 1728 2828 testamentis
1748 2771 1788 2826 ad
1803 2771 1919 2826 edoctam

255 2837 313 2892 adiit
335 2839 515 2892 hereditatem.
557 2853 612 2892 non
637 2839 721 2908 probe
746 2839 895 2908 legatorum
923 2839 1056 2894 actionem
1101 2839 1242 2910 moetoris
1258 2839 1360 2896 artant
1397 2839 1516 2958 ppamvis
1535 2855 1592 2896 non
1607 2839 1716 2908 proprie
1732 2853 1797 2908 pars
1814 2837 1920 2894 heredi·

255 2905 333 2960 'titius
348 2905 502 2974 postulabit.
537 2905 615 2972 idem,
633 2905 656 2958 ει
672 2905 779 2974 utrique
796 2907 919 2974 legasset.
1106 2905 1170 2960 tatis
1187 2905 1216 2960 in
1232 2921 1288 2960 una
1304 2921 1335 2960 re
1349 2905 1405 2960 inte
1424 2911 1524 2974 egeam

285 2967 465 3028 dilueremus
485 2971 554 3026 libro
578 2973 643 3040 qntn
664 2977 803 3042 nepesino
823 2973 861 3028 ad
876 2973 992 3028 edictam
1027 2971 1056 3028 Si
1143 2971 1180 3028 15
1199 2971 1281 3026 Inna
1301 2973 1371 3028 libro
1392 2975 1506 3042 septimo
1528 2973 1629 3028 decimo
1652 2971 1692 3028 ad
1712 2971 1829 3028 edictum
1844 2989 1920 3052 pro-

255 3039 306 3108 εειε
329 3039 375 3094 εει
401 3039 555 3094 condicione
578 3041 630 3092 dan
650 3053 727 3094 orum
750 3039 842 3094 decem
864 3040 906 3094 vel
923 3055 976 3108 qua
993 3039 1055 3106 alia,
1106 3039 1220 3094 oinrtale
1253 3039 1311 3094 Nec
1333 3037 1361 3092 id
1382 3039 1502 3108 iniquum
1524 3045 1580 3104 est,
1603 3055 1665 3094 cum
1688 3055 1721 3094 ex
1739 3053 1788 3094 suc
1806 3053 1919 3108 quasque

256 3121 316 3176 quae
331 3105 358 3160 ιε
375 3105 463 3160 dando
481 3105 524 3160 vel
539 3105 568 3160 in
585 3105 708 3160 iaciendo
727 3103 792 3170 ιειι,
816 3107 894 3160 ιεεεε
915 3107 1055 3160 institutus
1106 3105 1170 3160 vitio
1187 3105 1240 3160 hoc
1258 3105 1425 3160 incommodo
1443 3105 1591 3160 adficiatur.

257 3175 344 3226 omissa
360 3187 441 3226 causa
458 3173 612 3228 testamenti
629 3173 663 3228 ab
680 3173 807 3228 intestato
824 3171 961 3242 possideat
977 3175 1054 3226 here·
1143 3169 1182 3228 16
1199 3171 1279 3226 Inna
1293 3173 1361 3228 libro
1379 3171 1495 3226 secando
1513 3171 1547 3226 cle
1564 3173 1728 3226 testamentis
1750 3171 1789 3226 acl
1804 3171 1920 3226 edictam

255 3241 363 3304 dimaon,
380 3239 522 3294 videndum
539 3246 588 3304 est,
614 3255 648 3292 an
665 3241 737 3304 hnic,
757 3241 785 3294 in
803 3241 878 3296 onius
895 3241 1056 3308 personam⁶
1102 3241 1242 3310 praetoris
1258 3239 1360 3294 artent
1392 3237 1458 3292 (lum
1474 3239 1544 3292 enim
1560 3239 1694 3292 hereditas
1711 3239 1746 3292 ab
1765 3253 1796 3294 eo
1814 3253 1920 3320 quoque

257 3307 366 3362 condicio
384 3307 481 3362 achate
498 3313 548 3372 εει,
569 3306 703 3362 subreniri
720 3307 825 3362 debeat.
860 3311 888 3362 et
904 3307 989 3376 magis
1006 3311 1056 3372 est,
1106 3305 1163 3376 poti
1172 3307 1270 3384 possit,
1286 3307 1331 3374 εει
1345 3319 1426 3360 unam
1440 3305 1797 3376 adquamremhereditario
1813 3319 1920 3360 nomme

257 3391 286 3430 ne
301 3375 480 3430 subveniatur:
501 3389 588 3442 neque
606 3375 675 3428 enim
691 3375 836 3442 legatarius
854 3379 903 3430 est.
1127 3373 1251 3440 ossrdeat,
1270 3373 1386 3428 dubitari
1402 3389 1457 3428 uon
1474 3379 1588 3442 oportet,
1607 3373 1671 3442 quin
1687 3387 1780 3428 rerum
1796 3373 1832 3428 sit
1848 3373 1920 3442 quod

286 3439 303 3500 9
320 3443 434 3510 Pronus
455 3443 523 3496 libro
547 3441 756 3512 quadrupertitas
774 3443 869 3514 quinto
887 3439 924 3496 ad
940 3441 1056 3496 edictam
1125 3441 1131 3454 ’
1152 3441 1158 3454 “
1187 3457 1227 3496 us.

257 3511 302 3564 Sed
324 3515 348 3562 ει
370 3511 393 3562 ει
415 3509 503 3562 ειιεε
525 3507 639 3578 parendi
659 3509 808 3564 condicioni
825 3515 930 3580 tempus
947 3509 1055 3574 habeat,
1142 3505 1180 3566 17
1203 3507 1286 3562 Iners
1304 3509 1373 3562 libro
1394 3507 1506 3578 septimo
1530 3507 1632 3562 decimo
1655 3507 1694 3562 act
1715 3507 1831 3562 edictam
1852 3525 1920 3580 pro-

256 3577 302 3632 hac
317 3583 390 3646 parte
408 3577 486 3638 edicti
503 3593 559 3630 non
575 3581 690 3628 tenetur.
1106 3575 1221 3630 vinnola
1262 3575 1290 3628 Si
1316 3575 1375 3644 quis
1402 3575 1500 3630 omissa
1526 3589 1609 3630 cansa
1633 3577 1788 3630 testamenti
1811 3577 1919 3632 omnino

287 3643 321 3700 10
344 3643 487 3700 Unernnrs
503 3643 571 3698 libro
608 3643 813 3724 ninqnapesimo
832 3643 870 3696 ad
885 3643 1001 3698 edictam
1028 3643 1056 3698 Si
1107 3657 1165 3696 eam
1188 3643 1362 3696 hereditatem
1385 3657 1449 3720 non·
1462 3641 1611 3710 possideat,
1640 3643 1822 3698 excluduntur
1846 3643 1919 3712 lega·

256 3727 303 3764 non
324 3709 408 3774 solus,
432 3709 479 3762 sed
497 3725 558 3764 cum
611 3725 627 3764 ο
642 3711 764 3788 possidet
779 3709 953 3764 hereditatem
969 3709 993 3764 is
1010 3709 1056 3780 εει
1106 3709 1180 3762 terii:
1199 3725 1262 3762 nam
1278 3709 1389 3762 liberum
1407 3725 1503 3788 curque
1522 3723 1580 3764 esse
1597 3709 1676 3764 debet
1691 3709 1772 3768 etiam
1786 3711 1920 3766 lucrosam

257 3779 336 3832 omisit
362 3793 470 3832 causam
497 3781 663 3842 testamenti,
692 3777 839 3832 rectissime
861 3777 980 3832 Iulianus
1009 3779 1055 3844 ait,
1106 3775 1281 3832 hereditatem
1298 3775 1427 3842 omittere,
1445 3775 1507 3830 hcet
1523 3791 1556 3830 eo
1574 3775 1652 3832 modo
1666 3775 1756 3844 legata
1769 3777 1919 3834 libertates·

258 3845 321 3914 quod
337 3849 362 3898 et
377 3843 521 3898 Marcellus
537 3843 649 3922 probat,
668 3843 784 3900 dandam
800 3845 829 3898 in
845 3845 932 3914 ipsum
950 3859 1056 3965 puopue
1107 3859 1158 3914 que
1180 3843 1351 3898 intercidunt.
1387 3843 1434 3898 sed
1454 3843 1482 3898 in
1499 3843 1747 3900 fideicommissariis
1763 3845 1918 3900 hereditati·

256 3913 391 3982 lagetorum
405 3913 537 3966 actionem
551 3911 657 3980 utilem:
675 3927 725 3966 neo
740 3913 810 3966 enim
824 3927 962 3982 aspernari
977 3911 1010 3966 de
1030 3917 1056 3966 et
1106 3913 1157 3966 bus
1174 3913 1202 3966 id
1214 3911 1350 3982 provisum
1364 3915 1412 3976 est,
1429 3915 1467 3976 nt,
1486 3911 1509 3968 ει
1523 3913 1640 3982 scriptus
1654 3913 1733 3968 heres
1747 3913 1830 3968 nollet
1845 3913 1920 3968 adire

257 3981 342 4034 obesse
363 3979 414 4034 sihi
435 3979 537 4032 iachim
559 3979 682 4034 heredis⁷
704 3979 810 4048 scripti,
835 3979 879 4034 cui
896 3981 975 4036 etiam
992 3997 1055 4048 pro·
1106 3979 1287 4046 hereditatem,
1304 3979 1380 4036 iussu
1397 3979 1527 4048 praetoris
1545 3981 1625 4036 adeat
1642 3985 1669 4036 et
1685 3981 1824 4036 restituat:
1847 3979 1919 4052 quod

255 4047 335 4102 luent
368 4047 420 4100 hoc
437 4045 582 4102 cammite
599 4051 652 4112 est,
676 4047 729 4102 nisi
751 4049 774 4102 si
792 4049 934 4116 pecuniam
951 4049 1057 4116 accepit
1106 4047 1266 4103 heneficium
1291 4047 1347 4114 his,
1377 4047 1473 4116 quibus
1496 4047 1616 4116 singulae
1640 4063 1683 4102 res
1708 4063 1758 4118 per
1782 4047 1917 4102 fideicom-

255 4113 754 4236 ssqfflfflbfflsaffitffifip
770 4119 834 4236 tppc
860 4115 978 4236 effimfignp
993 4115 1056 4236 spltia
1105 4115 1341 4236 prisstum'relictae
1358 4115 1426 4180 sint,
1450 4129 1505 4168 non
1529 4117 1611 4186 magis
1631 4115 1763 4170 tributum
1780 4121 1821 4170 εει
1838 4129 1919 4184 quam

398 4199 511 4234 nr.
649 4223 650 4226 ι
714 4199 921 4238 us1nsn
1148 4199 1251 4238 aanrs.

257 4249 360 4304 tmsent
370 4249 462 4304 relicta
474 4253 501 4302 ct
512 4249 586 4304 tams
596 4249 711 4304 instituti
723 4265 803 4318 quam
812 4251 949 4306 substituti
957 4197 1057 4306 022„
1117 4197 1180 4308 eg18
1197 4251 1284 4306 Inest
1292 4249 1361 4306 libro
1376 4249 1495 4306 secando
1512 4249 1546 4306 dc
1562 4249 1726 4306 testamentis
1750 4249 1788 4306 ad
1802 4247 1919 4306 edictam

257 4333 333 4372 causa
347 4317 498 4372 testamenti
514 4316 669 4384 possideant
683 4317 718 4372 ab
732 4319 858 4374 intestato
872 4319 1056 4384 hereditatem,
1102 4321 1242 4390 praetoris
1269 4319 1371 4376 ardoni
1415 4317 1446 4372 Si
1474 4317 1527 4374 duo
1553 4317 1665 4372 heredes
1693 4315 1809 4372 instituti
1838 4315 1917 4372 ambo

258 4385 326 4438 dirus
337 4385 399 4440 Pius
413 4385 536 4452 recripsit
546 4397 633 4454 neque
643 4385 764 4456 improbe
777 4401 864 4456 neque
875 4387 1056 4456 imprudenter
1107 4387 1205 4442 omissa
1222 4403 1305 4444 causa
1319 4385 1471 4442 ιεειεειεειι
1484 4387 1519 4442 ah
1532 4385 1657 4440 intestato
1671 4383 1828 4466 possideant
1841 4383 1917 4438 here·

255 4451 383 4508 ιεειιιειεε
396 4453 484 4522 legata
496 4467 623 4506 recusare
637 4453 787 4510 substitutis
803 4455 879 4510 data:
896 4459 970 4510 recte
986 4455 1056 4510 enim
1106 4455 1230 4522 ditatam,
1253 4459 1333 4522 amc,
1356 4453 1419 4524 qrda
1439 4459 1551 4524 ειεεεεε
1573 4459 1707 4522 praetorio
1729 4451 1788 4506 iure
1807 4451 1919 4522 perinde

256 4525 372 4574 recusant
393 4519 422 4574 in
444 4535 473 4574 se
497 4519 555 4574 dari
577 4519 725 4588 legatorum
743 4521 837 4578 fidoire
855 4523 1056 4578 commissorum
1105 4523 1221 4578 habetur
1242 4529 1324 4592 atque
1346 4523 1370 4576 si
1390 4537 1423 4576 ex
1439 4525 1599 4576 testamento
1616 4519 1791 4576 hereditatem
1808 4517 1916 4586 adisset,

256 4585 400 4706 ppdtionem
416 4587 575 4652 substituto,
596 4587 639 4640 cui
655 4589 767 4644 liberum
783 4589 835 4644 init
854 4591 962 4646 adeunti
978 4591 1055 4646 here·
1108 4595 1119 4644 t
1175 4591 1350 4660 repentibus
1373 4589 1402 4644 ιε
1424 4589 1540 4660 enatos
1559 4587 1686 4658 competit
1703 4587 1782 4642 actio.
1817 4587 1916 4642 Admo-

274 4653 357 4708 'tatem
386 4671 440 4712 uon
467 4655 698 4710 fideicommissum
722 4663 828 4724 petere,
857 4657 904 4714 εει
932 4659 1056 4714 universa
1106 4673 1140 4714 ne
1178 4657 1293 4714 'sumus
1310 4657 1382 4724 huic,
1399 4657 1429 4712 iu
1445 4673 1524 4726 quem
1541 4671 1573 4710 ex
1589 4657 1641 4710 hac
1656 4661 1734 4724 parte
1749 4653 1830 4710 edicti
1843 4655 1915 4726 lega-

257 4725 270 4774 l
302 4723 369 4800 hpna
392 4723 519 4792 optinere.
554 4721 582 4778 Si
603 4721 655 4802 dpo
673 4723 728 4776 sint
743 4723 855 4780 heredes
872 4725 1012 4782 institutus
1029 4731 1056 4780 et
1106 4731 1194 4780 torum
1216 4725 1287 4780 actio
1310 4725 1404 4792 dator,
1428 4723 1587 4780 beneficium
1608 4723 1673 4792 legis
1690 4723 1828 4780 Falcidiae
1851 4737 1916 4780 con·

257 4789 407 4846 auhsututus
430 4795 456 4846 et
479 4791 557 4846 ambo
579 4805 677 4846 omissa
695 4805 777 4846 causa
792 4793 945 4848 tesamenti
962 4795 997 4848 ah
1013 4795 1055 4850 in-
1107 4791 1261 4850 cedendum.

256 4859 346 4912 testato
368 4859 522 4928 possideant
543 4857 740 4922 hereditatem,
755 4861 917 4930 quaestionis
942 4867 996 4928 est,
1020 4879 1056 4918 an
1142 4859 1181 4920 19
1202 4861 1283 4916 Ianne
1301 4861 1370 4918 labro
1393 4861 1506 4932 septimo
1529 4859 1631 4918 decimo
1654 4859 1693 4916 ad
1713 4861 1829 4918 edictum
1846 4879 1915 4934 pro·

254 4927 328 4982 ,ambo
347 4931 474 4994 cogantur
489 4927 579 4996 legata
595 4931 739 4996 praestare,
761 4933 789 4982 et
805 4933 895 4982 utrum
911 4931 1055 4998 εεεεεειε-
1098 4929 1221 4986 ειεειείε
1259 4929 1402 4984 Praeterea
1427 4929 1570 4996 patrono¹¹
1596 4943 1702 4998 quoque
1727 4929 1773 5002 qui
1799 4945 1832 4986 ex
1855 4945 1917 4986 asse

257 5005 305 5060 que
326 5007 356 5046 ee
377 4993 463 5062 legata
486 5011 555 5064 quae
576 5009 639 5050 ase
655 4992 747 5048 relicta
764 4999 828 5048 sunt
845 5011 879 5048 an
896 5011 957 5050 vero
976 4997 1055 5052 ambo
1106 4999 1182 5052 heres
1205 4997 1341 5052 institutus
1364 5001 1404 5050 est
1427 4997 1451 5050 si
1473 4998 1508 5051 ab
1529 4995 1655 5052 intestato
1673 4999 1823 5068 possederit
1838 4999 1915 5054 here·

257 5065 361 5128 ειιεεεε
378 5061 465 5128 legata
483 5067 614 5132 cogantur
629 5065 773 5130 praestare.
801 5077 849 5128 ego
866 5069 932 5130 puto
949 5063 978 5116 in
992 5063 1055 5118 soli·
1108 5065 1230 5130 ditatem‚
1255 5063 1421 5120 commodum
1438 5063 1522 5132 partis
1539 5063 1657 5132 debitae,
1682 5067 1754 5148 puori
1773 5067 1915 5122 habiturus
1977 5071 1978 5074 ’

257 5123 317 5182 dnm
329 5127 452 5184 adversus
466 5131 584 5200 singulos
597 5131 744 5200 legatorum
757 5129 912 5200 petitionem
926 5131 1055 5186 dandam:
1069 5163 1071 5168 ·
1106 5131 1189 5198 foret,
1214 5133 1237 5188 si
1260 5149 1292 5188 er
1308 5137 1467 5188 testamento
1485 5131 1584 5188 adisset
1599 5131 1788 5202 hereditatem,
1812 5135 1915 5190 salvum

258 5195 301 5250 sed
322 5201 408 5250 utrum
430 5213 522 5252 eorum
545 5213 614 5268 quae
638 5213 654 5252 a
677 5213 706 5254 se
730 5197 819 5266 legata
844 5203 907 5252 sunt
931 5215 967 5254 an
992 5215 1056 5254 vero
1108 5199 1229 5256 sidebet
1246 5215 1310 5254 esse.

259 5263 333 5318 etiam
353 5279 442 5320 eorum
465 5281 534 5336 quae
557 5267 591 5320 ah
614 5265 698 5320 altero
718 5265 829 5332 herede,
851 5265 995 5322 videamrm.
1031 5273 1057 5322 et
1141 5263 1180 5326 20
1199 5267 1423 5324 Uaarrncslthro
1436 5269 1757 5342 quartodispatationnm
1780 5269 1809 5326 Si
1820 5267 1914 5324 eadem

259 5331 320 5386 alias
335 5347 513 5402 proponamus
530 5333 681 5390 institutum
698 5335 783 5390 solum
800 5333 936 5404 possidere
952 5335 1056 5390 heredi·
1107 5349 1150 5390 res
1168 5335 1276 5392 diversis
1292 5335 1413 5406 personis
1436 5335 1470 5390 ab
1487 5335 1608 5396 instituto
1626 5345 1653 5394 et
1670 5339 1815 5394 substituto
1832 5335 1915 5392 fuerit

259 5403 347 5456 tatem:
371 5415 462 5456 eorum
478 5403 633 5472 legatorum,
658 5417 726 5472 qnae
743 5409 807 5458 sunt
823 5419 840 5458 a
857 5419 886 5458 se
902 5401 1003 5470 relicta,
1022 5419 1057 5458 an
1106 5403 1215 5470 relicta,
1241 5419 1296 5458 non
1318 5407 1443 5474 uterque,
1468 5405 1516 5460 sed
1538 5407 1584 5476 εει
1605 5409 1641 5464 ab
1663 5407 1785 5462 instituto
1808 5401 1915 5470 accepit

260 5469 334 5524 etiarn
347 5483 444 5536 eorum,
462 5485 530 5540 quac
544 5475 607 5524 eunt
621 5485 638 5524 a
652 5469 796 5528 substituto
810 5471 911 5538 relicta,
925 5471 1058 5526 actionem
1107 5471 1180 5524 solus
1196 5471 1348 5526 dedicabit.

257 5647 288 5706 tl)
305 5641 417 5706 quindei.
503 5641 536 5704 (a)
554 5641 786 5706 sufficerequeHol.
886 5641 918 5704 (al
935 5637 1058 5692 bonorum
1108 5639 1196 5690 rediF
1243 5645 1278 5704 (a)
1295 5643 1507 5706 ottamletiemi'
1556 5645 1588 5708 (ε)
1606 5643 1750 5694 hommem.
1806 5637 1851 5698 (ιι)
1869 5633 1914 5684 he·

260 5709 348 5762 ιἐεἚΞ
437 5711 469 5774 (ι)
487 5707 606 5760 sitiunt*
693 5709 726 5770 (ι)
740 5709 838 5762 'omisso
848 5709 996 5758 testamento
1006 5707 1057 5758 F²r
1109 5707 1272 5758 τειειεελι11
1340 5711 1380 5772 ιιι)
1397 5715 1574 5776 patronusscr.

260 5779 428 5830 omissacauss
438 5775 580 5826 testamenti
589 5793 637 5828 scr.
706 5777 738 5838 (ot
757 5779 899 5842 perronaF
965 5777 998 5840 (t)
1016 5775 1059 5824 he·

1679 5857 1710 5906 52
