4366 6258
257 375 449 424 aemam
1057 349 1118 420 ιιι
1480 313 1481 316 ‘
1772 351 1927 416 ruma

239 587 241 590 .
292 531 429 592 381nra
458 535 525 590 libro
557 535 673 588 seeundo
704 535 896 588 sententiarum
947 535 975 588 Si
1025 533 1065 588 uis
1118 535 1149 586 to
1183 533 1320 586 notaverit.
1337 533 1648 590 Nonadiciturhicntin
1661 529 1926 600 legeIuliadeadul·

258 603 375 658 officium
388 601 515 678 inaliqua
523 601 659 666 provincia
667 601 841 664 administrat,
855 601 917 654 inde
926 601 1003 654 oriun
1039 617 1067 652 m
1115 599 1188 652 tertis
1203 613 1220 652 a
1235 599 1419 668 quovelubid
1451 601 1603 656 rehensam:
1619 597 1731 670 proinde
1744 595 1800 652 sive
1813 595 1926 650 maritus

258 669 299 726 vel
323 667 360 722 ibi
386 667 546 720 domicilium
569 667 711 720 habentem
742 683 852 720 uxorem
884 667 981 722 ducere
1011 683 1067 720 non
1116 665 1170 718 sive
1188 665 1330 732 quisalius
1347 615 1738 748 deprffiendisseproponatnm
1756 661 1926 740 videturne·

258 739 354 808 potest,
369 733 487 800 quamvis
503 747 630 802 sponsare
644 749 698 786 non
712 733 893 802 prohibeatur,
908 733 1065 798 itascilicet,
1116 737 1186 784 tata:
1205 731 1253 784 sed
1271 737 1298 784 et
1314 733 1338 784 si
1349 747 1403 784 non
1420 731 1449 784 in
1463 731 1542 784 domo
1556 735 1643 788 mariti
1658 733 1701 788 vel
1718 729 1802 802 patris
1820 743 1863 784 sul
1880 727 1926 784 de·

258 809 296 866 ut,
314 799 336 852 si
372 805 415 852 ost
429 799 547 852 officium
561 799 594 852 de
614 799 709 852 ositum
725 801 838 854 noluerit
851 799 945 852 mulier
958 799 1065 868 nuptias
1115 799 1248 866 prehensa
1265 799 1308 862 sit,
1326 797 1376 852 erit
1391 801 1487 850 notata
1503 799 1648 854 secundam
1664 799 1746 854 verba
1761 795 1835 866 legia.

259 817 429 930 consedere,
452 865 534 920 liceat
556 867 580 918 ei
623 883 654 920 oc
677 865 767 922 facere
791 867 857 920 arris
881 867 1064 920 tantummodo
1150 863 1191 920 44
1208 863 1406 920 Pronoslitro
1415 865 1555 934 primoad
1568 865 1652 934 dapem
1661 861 1925 934 IuliametPapiam

260 943 272 992 1
308 933 417 986 redditis
441 935 525 1000 quas¹
550 939 697 1000 acceperat.
737 933 861 988 Veterem
884 947 1011 1000 sponsam
1037 933 1067 986 in
1115 931 1187 1000 Lege
1203 931 1272 984 Iulia
1287 931 1326 984 ita
1344 937 1465 984 cavetur:
1490 931 1550 996 ‘Qui
1566 937 1674 986 senator
1695 937 1737 988 est
1760 931 1838 1002 quive
1854 929 1926 984 lilius

259 999 399 1076 provincia,
415 1015 468 1066 qua
483 999 541 1068 quis
555 999 729 1066 administrat,
738 1015 849 1054 uxorem
863 999 960 1054 ducere
974 1003 1065 1066 potest
1117 1003 1240 1066 ‘neposve
1255 1015 1288 1054 ex
1301 997 1356 1054 filio
1370 1013 1534 1076 proneposve
1548 999 1599 1050 eu8
1613 999 1666 1054 filio
1675 1005 1740 1054 nato
1750 999 1926 1054 cniuseorum

260 1075 274 1126 2
309 1071 334 1120 et
357 1067 405 1120 dos
429 1067 493 1120 data
515 1083 569 1120 non
590 1067 622 1120 fit
644 1067 754 1120 caduca.
796 1065 847 1132 aui
873 1067 902 1120 in
930 1065 1067 1134 provincia
1117 1069 1165 1120 ‘est
1187 1065 1252 1130 erit,
1275 1081 1310 1120 ne
1332 1081 1391 1134 quis
1414 1081 1505 1120 eorum
1526 1079 1651 1132 sponsam
1672 1081 1815 1120 uxoremve
1838 1067 1925 1122 sciens

260 1135 357 1204 aliquid
381 1133 563 1200 administrat,
585 1135 614 1186 in
637 1149 669 1188 ea
691 1133 827 1204 provincia
854 1133 922 1186 filias
945 1147 1009 1186 suas
1037 1133 1066 1186 in
1117 1133 1185 1186 ‘dolo
1211 1135 1282 1186 malo
1308 1133 1405 1186 habeto
1431 1131 1580 1186 libertinam
1605 1137 1652 1186 aut
1677 1149 1747 1200 eam,
1774 1149 1842 1214 quae
1865 1135 1925 1202 ipsa

213 1247 215 1250 .
259 1201 452 1260 matrimonium
485 1201 615 1256 collocare
647 1205 673 1254 et
705 1201 794 1254 dotem
826 1201 987 1254 constituere
1011 1217 1067 1254 non
1116 1201 1234 1254 ‘cuiusve
1250 1205 1328 1270 pater
1344 1205 1460 1254 materve
1477 1205 1561 1252 artem
1577 1199 1706 1252 ludicram
1730 1201 1799 1256 iacit
1820 1201 1923 1256 iecerit.

260 1269 422 1342 prohibetur.
1116 1271 1190 1322 ‘neve
1213 1269 1343 1322 senatoris
1365 1267 1421 1320 filia
1442 1267 1562 1344 neptisve
1583 1281 1617 1320 ex
1632 1265 1686 1320 tilio
1703 1269 1874 1338 proneptisve
1891 1283 1925 1320 ex

293 1333 331 1394 39
350 1333 468 1388 Pronus
494 1335 562 1390 libro
593 1339 672 1390 sexto
703 1333 741 1388 ad
771 1333 909 1388 Plautium
962 1333 1065 1388 Sororis
1117 1339 1221 1402 ‘nepote
1238 1333 1365 1390 filionato
1379 1333 1590 1388 namthberono
1607 1331 1671 1396 eive,
1687 1335 1731 1400 qui
1743 1335 1802 1402 ipse
1816 1337 1925 1390 cuiusve

260 1405 412 1474 proneptem
442 1417 497 1456 non
527 1417 635 1468 possum
662 1401 759 1456 ducere
784 1417 909 1466 uxorem,
941 1401 1066 1468 quoniam
1116 1405 1201 1470 ‘pater
1223 1407 1338 1454 materne
1361 1407 1444 1456 artem
1466 1399 1595 1456 ludicram
1616 1399 1683 1454 iacit
1704 1399 1806 1468 fecerit,
1825 1415 1926 1472 sponsa

262 1477 273 1526 1
308 1469 424 1538 parentis
440 1469 500 1522 loco
519 1471 543 1522 ei
560 1485 627 1522 sum.
662 1469 690 1522 Si
707 1469 765 1536 quis
784 1483 817 1522 ex
833 1469 883 1532 his,
902 1483 968 1536 quas
985 1467 1065 1522 mori·
1117 1473 1239 1536 ‘nuptave
1256 1467 1342 1522 sciens
1361 1469 1420 1522 dolo
1436 1469 1504 1522 malo
1520 1473 1575 1522 esto
1593 1483 1659 1522 neve
1676 1465 1735 1534 quis
1754 1483 1845 1522 eorum
1862 1469 1923 1522 dolo

260 1539 309 1594 bus
333 1537 504 1604 prohibemur
530 1551 626 1588 uxores
652 1537 762 1600 ducere,
790 1537 909 1600 durent,
934 1535 1066 1588 incestum
1118 1541 1130 1588 1
1167 1537 1245 1588 ‘malo
1263 1535 1350 1588 sciens
1367 1551 1492 1606 sponsam
1500 1549 1641 1588 uxoremve
1659 1533 1845 1590 eamhabeto'.
1865 1537 1925 1590 Hoc
1963 1547 1983 1558 ⁶

260 1603 355 1660 dicitur
373 1603 543 1656 committere.
1117 1603 1203 1682 capite
1225 1603 1381 1672 prohibetur
1401 1609 1509 1658 senator
1530 1601 1680 1654 hbertinam
1705 1599 1802 1654 ducere
1826 1617 1924 1666 eamve,

293 1667 331 1726 40
350 1667 521 1724 Postremus
540 1669 607 1724 libro
631 1675 728 1738 quarto
754 1685 792 1722 ecc
820 1667 928 1724 Plautio
975 1669 1065 1724 Aristo
1118 1687 1191 1724 curus
1217 1675 1295 1738 pater
1321 1675 1443 1724 materve
1461 1675 1546 1724 artem
1569 1669 1697 1722 ludicram
1722 1665 1829 1722 iecerit:
1860 1669 1925 1724 item

260 1735 394 1805 respoudit
416 1737 550 1806 privignae
572 1737 653 1790 filiam
677 1753 731 1792 oon
754 1735 837 1806 magis
866 1753 974 1792 uxorem
1004 1735 1066 1792 duci
1116 1741 1131 1792 ι
1165 1738 1304 1792 libertinus
1334 1737 1464 1792 senatoris
1494 1737 1576 1790 filiam
1607 1735 1711 1790 ducere.
1760 1735 1823 1790 Non
1847 1737 1926 1792 obest

260 1819 338 1876 posse
355 1819 434 1872 quam
449 1805 536 1874 ipsam
570 1805 704 1872 rivignam.
1116 1809 1131 1858 3
1165 1821 1243 1858 avum
1258 1811 1284 1858 et
1298 1805 1476 1858 aviamartem
1488 1805 1617 1858 ludicram
1630 1803 1734 1858 iecisse.
1757 1803 1783 1858 N
1785 1819 1815 1858 ee
1831 1801 1923 1858 distin-

293 1871 329 1928 41
342 1821 594 1928 Mrncnrruslc'dio
603 1873 725 1926 vicesimo
734 1877 812 1926 scuto
822 1871 984 1942 digestorum
998 1873 1065 1926 Prc-
1115 1873 1212 1942 guitur,
1221 1879 1299 1940 pater
1315 1873 1343 1924 in
1352 1879 1484 1952 potestate
1499 1873 1597 1926 habeat
1610 1871 1692 1926 filiam
1705 1885 1755 1926 nec
1769 1885 1816 1924 net
1835 1875 1924 1926 tamen

261 1941 337 1996 hrum
353 1939 513 2010 intellegitur
530 1939 609 1992 etiam
630 1939 658 1992 in
680 1939 722 1992 his
740 1939 893 1994 mulieribus
911 1955 978 2002 esse,
997 1953 1065 2008 quae
1115 1941 1214 1994 iustum
1229 1945 1333 2008 patrem
1350 1939 1552 2008 intellegendum
1569 1939 1794 2004 Octauenusait,
1812 1945 1936 1994 matrem,

261 2007 372 2076 turpiter
387 2009 504 2062 viverent
520 2009 649 2076 vulgoque
662 2005 945 2074 quaestumfacerent,
964 2007 1066 2060 etamsi
1115 2011 1132 2060 4
1166 2007 1245 2060 etiam
1278 2009 1301 2062 si
1333 2007 1410 2076 vulgo
1443 2023 1528 2062 conce·
1545 2007 1601 2062 erit.
1650 2007 1717 2062 Item
1742 2007 1808 2060 nihil
1832 2006 1923 2072 refert,

265 2083 274 2128 1
311 2089 364 2128 uon
380 2077 476 2144 palam.
503 2075 541 2128 Et
558 2077 580 2128 si
597 2089 651 2142 qua
667 2089 696 2128 se
713 2075 741 2128 in
758 2075 939 2128 concubinatu
956 2073 1065 2128 alterius
1117 2081 1131 2128 5
1166 2075 1296 2128 naturalis
1315 2075 1350 2128 sit
1365 2079 1443 2144 pater
1460 2089 1495 2128 an
1511 2023 1658 2144 adoptivus.
1684 2073 1728 2128 An
1742 2079 1770 2128 et
1781 2075 1804 2128 is
1818 2079 1923 2140 noceat,

261 2157 338 2212 quam
354 2141 635 2240 patroni²tradidisset
652 2143 745 2194 matris
762 2139 876 2194 familias
898 2143 1065 2194 honestatem
1117 2141 1161 2212 qui
1193 2147 1335 2222 antequam
1367 2143 1506 2220 adoptaret
1538 2149 1621 2194 artem
1652 2141 1782 2220 ludicram
1811 2141 1923 2194 fecerit?

261 2209 619 2352 n⁰42hillbddsddrrddcdolibro
633 2275 770 2344 singalarc'
783 2275 816 2326 dc
829 2275 884 2328 rita
892 2275 1067 2354 aspirarent
1115 2215 1243 2330 ddddreit‘il
1253 2209 1512 2330 edadiiradiirsprarddde
1522 2209 1924 2344 irdtdduddopfitdderdffscddiddud

262 2341 369 2410 Semper
390 2343 419 2396 in
442 2341 670 2396 coniunctiombus
697 2357 753 2396 non
780 2341 866 2396 solum
894 2343 957 2410 quid
986 2341 1067 2396 liceat
1118 2343 1328 2410 emancipaverit,
1346 2359 1382 2398 an
1397 2359 1453 2398 non
1468 2343 1553 2412 possit
1569 2343 1648 2398 duci?
1672 2359 1704 2396 ac
1728 2341 1830 2398 situlis
1847 2347 1924 2410 pater

266 2415 277 2462 1
313 2409 532 2464 considerandum
550 2413 597 2474 ιιι,
616 2409 662 2464 sed
680 2413 707 2462 et
724 2409 788 2476 quid
803 2411 944 2464 honestum
962 2409 1003 2464 sit.
1039 2409 1067 2462 Si
1117 2411 1245 2464 naturalis
1264 2411 1439 2464 decessisset?
1468 2411 1515 2464 sed
1538 2409 1646 2466 dehoc
1670 2425 1734 2466 casu
1763 2409 1925 2464 contrariam

262 2477 388 2530 senatoris
405 2477 460 2530 filia
474 2477 560 2544 neptis
575 2477 711 2546 proneptis
727 2477 849 2532 libertino
864 2479 906 2530 vel
920 2479 966 2546 qui
982 2481 1066 2530 artem
1116 2479 1179 2546 legis
1197 2479 1355 2532 sententiam
1373 2493 1430 2532 esse
1446 2477 1608 2546 Pomponius
1631 2483 1704 2532 recte
1726 2481 1818 2546 putat,
1836 2481 1867 2530 ut
1884 2477 1923 2532 eis

262 2545 388 2596 ludicram
411 2545 529 2598 exercuit
554 2545 659 2598 cuiusve
682 2549 760 2614 pater
781 2551 897 2598 materie
918 2545 947 2598 id
963 2545 1065 2610 iecerit,
1118 2551 1132 2598 6
1166 2563 1220 2600 non
1238 2547 1495 2600 connumerentur.1⁰
1528 2545 1557 2600 Si
1572 2551 1668 2614 postea
1684 2545 1813 2614 ingenuae
1831 2545 1923 2600 uxoris

262 2611 387 2680 nupserit,
405 2611 515 2680 nuptiae
531 2627 585 2664 nou
602 2617 687 2666 erunt.
1116 2619 1192 2682 pater
1214 2619 1330 2668 matcrve
1352 2619 1437 2668 artem
1458 2611 1587 2668 ludicram
1612 2611 1702 2668 iacere
1725 2611 1849 2680 coeperit,
1872 2613 1923 2666 ini-

293 2675 332 2736 43
357 2677 501 2734 Uarianos
529 2677 595 2734 libro
622 2681 714 2750 primo
740 2677 777 2734 ad
805 2679 888 2748 lcpem
914 2677 1014 2734 Iuliam
1040 2689 1066 2734 et
1117 2681 1270 2750 quissimum
1296 2687 1337 2734 est
1363 2681 1492 2734 dimittere
1516 2687 1574 2734 eam
1597 2681 1706 2746 debere,
1730 2695 1791 2734 cum
1814 2679 1925 2748 nuptiae

263 2745 375 2818 Pupiam
399 2747 492 2800 Palam
508 2751 646 2814 quaestum
659 2745 748 2800 fecere
763 2745 878 2800 dicemus
893 2763 947 2802 non
961 2753 1066 2802 tantum
1116 2749 1227 2802 honeste
1250 2753 1404 2802 contractae
1427 2749 1480 2800 sint
1503 2753 1530 2802 et
1551 2749 1665 2804 tortasse
1688 2749 1743 2802 iam
1766 2749 1843 2800 liberi
1859 2763 1923 2816 prc-

263 2827 327 2878 eam,
346 2827 414 2882 quae
430 2815 458 2866 in
474 2813 613 2882 lupanario
632 2829 660 2866 se
677 2815 820 2882 prostituit,
838 2829 928 2868 verum
946 2815 1024 2868 etiarn
1043 2815 1066 2868 si
1118 2821 1131 2868 'l
1166 2815 1250 2870 creati
1267 2815 1327 2870 sint.
1362 2815 1445 2868 Plane
1462 2815 1485 2868 si
1501 2815 1560 2884 ipsa
1576 2821 1660 2870 artem
1682 2815 1811 2870 ludicram
1833 2815 1924 2868 facere

262 2897 314 2950 qua
336 2885 376 2946 (ut
398 2881 510 2946 adsolet)
533 2881 562 2934 in
584 2881 695 2934 taberna
719 2881 852 2950 cauponis
872 2881 914 2934 vel
936 2899 990 2950 qua
1013 2881 1067 2936 alia
1118 2887 1132 2938 8
1167 2883 1291 2950 coeperit,
1305 2883 1396 2950 utique
1406 2881 1561 2936 dimittenda
1576 2885 1632 2938 erit.
1658 2881 1725 2950 Eas,
1738 2899 1804 2952 quas
1817 2883 1924 2950 ingenui

265 2953 275 2998 ι
310 2947 406 3016 pudori
423 2963 471 3002 suo
490 2965 544 3002 non
560 2949 654 3016 parcit.
690 2949 782 3002 Palam
800 2955 887 3002 autem
910 2949 949 3004 sic
967 2949 1065 3018 accipi·
1118 2951 1198 3004 ceteri
1226 2949 1599 3016 rohibeoturducereuxores,
1613 2949 1922 3004 senatoresncnducent.

263 3031 319 3070 mus
335 3017 445 3084 passim,
461 3015 514 3070 hoc
530 3021 570 3070 est
587 3017 642 3070 siue
660 3015 771 3070 dilectu:
797 3031 851 3070 non
872 3017 895 3070 si
919 3031 972 3084 qua
989 3017 1065 3070 adul-
1150 3015 1190 3074 45
1208 2965 1358 3070 irritans
1385 3017 1452 3070 libro
1484 3017 1563 3070 tertio
1595 3017 1631 3070 ud
1663 3017 1747 3088 tepere
1772 3017 1872 3070 Iuliam
1898 3021 1921 3070 et

263 3083 324 3136 teris
340 3085 382 3136 vel
399 3083 593 3152 stupratoribus
611 3099 640 3136 se
657 3083 810 3148 committit,
834 3083 881 3136 sed
898 3097 967 3150 quae
983 3085 1066 3138 vicem
1117 3083 1233 3154 Papiam
1266 3085 1298 3136 In
1316 3099 1347 3136 eo
1364 3085 1429 3148 iure,
1447 3083 1519 3150 quod
1533 3083 1597 3138 dicit
1611 3085 1693 3136 invito
1712 3089 1826 3152 patrono
1844 3085 1920 3138 h'ber·

263 3153 276 3202 l
310 3151 470 3218 prostitutae
502 3151 620 3204 sustinet.
672 3151 739 3204 Item
771 3149 842 3218 quod
872 3167 933 3204 oum
958 3165 1012 3204 uno
1040 3157 1066 3204 et
1116 3157 1179 3216 tarn,
1198 3165 1266 3220 quae
1283 3151 1308 3204 ei
1331 3157 1415 3220 nupta
1437 3155 1494 3216 est,
1520 3151 1565 3204 alii
1581 3151 1680 3204 nubere
1697 3167 1752 3204 non
1768 3165 1856 3218 posse,
1874 3165 1920 3218 pa·

263 3217 343 3272 altero
359 3219 473 3286 pecunia
487 3223 597 3286 accepta
612 3217 783 3282 commiscuit,
793 3231 847 3270 oon
854 3217 960 3272 videtur
977 3217 1066 3286 palam
1116 3223 1223 3272 tronum
1240 3217 1382 3296 accipimus
1400 3221 1440 3282 (ut
1455 3217 1583 3286 rescripto
1601 3217 1767 3286 imperatoris
1790 3217 1875 3272 nostri
1897 3223 1922 3272 et

264 3289 277 3338 3
313 3299 423 3352 corpore
440 3289 579 3354 quaestum
596 3283 693 3338 facere.
730 3283 879 3340 Octauenus
902 3289 991 3338 tamen
1007 3299 1065 3338 rec·
1118 3283 1170 3340 divi
1186 3285 1269 3352 patris
1286 3301 1342 3338 ιιιιι
1360 3285 1517 3346 continetur)
1537 3289 1564 3338 et
1580 3299 1639 3336 eum
1653 3283 1699 3352 qui
1712 3283 1764 3338 hac
1779 3283 1836 3352 lege
1852 3283 1923 3350 emit,

262 3353 360 3406 tissime
381 3353 417 3406 ait
440 3353 519 3406 etiam
542 3367 613 3416 eam,
638 3367 707 3418 quae
728 3353 784 3406 sine
802 3355 914 3420 quaestu
931 3351 1021 3420 palam
1037 3367 1067 3406 se
1117 3357 1148 3406 ut
1172 3351 1356 3416 manumittat,
1387 3351 1449 3420 quia
1479 3351 1640 3406 manumissa
1670 3349 1766 3406 liberta
1798 3351 1923 3420 emptoris

263 3425 277 3472 4
311 3421 500 3488 prostituerit‘i,
532 3419 653 3472 debuisse
689 3421 730 3472 his
762 3421 953 3474 connumerari.
1004 3417 1067 3472 Non
1119 3423 1131 3472 1
1166 3419 1288 3472 habetur.
1328 3417 1380 3486 Qui
1403 3423 1492 3472 autem
1516 3419 1612 3472 iuravit
1636 3433 1665 3472 se
1689 3423 1848 3488 patronum,
1870 3419 1923 3472 hoc

263 3487 345 3540 solum
368 3493 456 3542 autem
479 3503 510 3540 ea
533 3503 601 3556 quae
623 3487 702 3552 iacit,
719 3503 811 3540 verum
828 3503 860 3540 ea
877 3501 981 3556 quoque
998 3503 1067 3556 quae
1118 3489 1133 3540 2
1166 3487 1236 3540 idem
1253 3503 1308 3542 non
1324 3487 1440 3540 habebit.
1475 3485 1556 3540 Nais
1573 3485 1703 3554 quidem¹1
1721 3487 1921 3552 debethabere,

263 3553 337 3620 iecit,
362 3553 411 3608 etsi
433 3553 522 3608 facere
546 3555 635 3618 desiit,
658 3553 715 3622 lege
737 3559 858 3608 notatur:
888 3555 1067 3622 nequeenim
1118 3559 1133 3606 3
1168 3555 1214 3622 qui
1229 3571 1284 3608 non
1301 3553 1356 3606 suis
1373 3553 1485 3608 nummis
1502 3553 1671 3622 comparavit.
1694 3553 1797 3608 ¹Plane
1814 3555 1838 3608 si
1853 3553 1923 3608 filius

263 3625 276 3672 5
311 3622 431 3676 aboletur
439 3621 919 3690 turpitudo,quaeposteaintermisse
933 3625 982 3676 est.
1004 3619 1068 3676 Non
1116 3619 1231 3676 familias
1253 3621 1326 3674 miles
1353 3635 1410 3674 esse
1432 3635 1481 3690 pro
1501 3625 1611 3686 ocatur,
1634 3637 1689 3674 non
1711 3619 1878 3686 dubitamus,
1901 3621 1924 3676 si

263 3695 302 3742 est
324 3689 512 3756 ignoscendum
536 3691 572 3754 ei,
596 3703 663 3758 quae
686 3689 798 3742 obtentu
821 3689 986 3756 paupertatis
1010 3695 1067 3742 tur·
1118 3689 1260 3742 castrensis
1287 3687 1384 3756 peculii
1407 3637 1530 3742 aroniim
1554 3687 1751 3752 ιιιιιιιιιιιιιιιιι,
1775 3693 1926 3756 competere

264 3759 278 3808 6
311 3755 444 3824 pissimum
453 3757 615 3824 vitamegit.⁵
640 3755 1068 3810 Lenociniumlacerenonminus
1119 3755 1143 3808 ei
1156 3757 1208 3808 hoc
1222 3755 1276 3808 ius:
1294 3761 1335 3808 est
1344 3755 1413 3808 enim
1422 3759 1553 3824 patronus
1567 3753 1713 3808 secundum
1721 3755 1925 3810 constantiores

264 3825 277 3874 l
312 3827 352 3876 est
383 3839 462 3892 quam
494 3839 604 3892 corpore
629 3829 770 3892 quaestum
797 3837 927 3876 exercere.
977 3823 1067 3876 Lenas
1118 3827 1134 3874 4
1168 3837 1218 3876 nec
1240 3823 1311 3892 patri
1333 3823 1388 3876 eius
1410 3821 1463 3876 hoc
1486 3823 1528 3876 ius
1546 3823 1678 3890 competit.
1713 3823 1773 3878 Hoc
1791 3829 1873 3892 caput
1890 3823 1926 3878 ad

264 3895 350 3944 autem
368 3905 414 3944 eas
437 3889 561 3956 dicimus,
580 3907 648 3958 quae
663 3891 785 3946 muheres
803 3889 986 3958 quaestuariae
1004 3907 1065 3958 pro·
1118 3893 1227 3958 nuptam
1253 3895 1356 3944 tantum
1379 3889 1500 3944 libertam
1523 3889 1652 3958 pertinet,
1676 3887 1711 3942 ad
1727 3903 1854 3958 sponsam
1871 3907 1926 3946 non

264 3961 279 4012 ι
311 3957 432 4012 stituunt.
466 3957 569 4012 Lenem
591 3959 750 4026 accipiemus
779 3963 807 4012 et
823 3971 897 4024 eam,
915 3973 984 4026 quae
1002 3957 1067 4012 alte-
1118 3959 1246 4026 pertinet:
1278 3963 1305 4012 et
1328 3957 1387 4012 ideo
1419 3957 1500 4012 invite
1532 3961 1646 4026 patrono
1678 3959 1801 4012 nundum
1827 3973 1927 4026 sponsa

265 4029 279 4078 9
311 4027 367 4080 rius
389 4025 495 4078 nomine
516 4027 568 4080 hoo
592 4027 662 4080 vitae
675 4027 676 4030 ’
689 4041 771 4096 genus
802 4029 914 4080 exercet.
958 4025 987 4080 si
1016 4041 1070 4094 qua
1120 4031 1134 4078 5
1168 4025 1411 4090 libertasimiserit,
1425 4039 1485 4080 cum
1496 4025 1698 4078 alioconuhium
1711 4025 1800 4078 habet.
1824 4025 1926 4080 Deinde

266 4107 413 4226 litata
423 4093 606 4214 §attrita
613 4091 1071 4214 testamentis
1120 4093 1506 4214 {limitatione
1524 4093 1927 4214 staretstart

265 4229 418 4294 prostitutas
435 4227 556 4282 ιιιιιιιιιιι
573 4177 690 4294 haliere),
708 4227 850 4282 dcundum
871 4225 942 4280 hanc
965 4177 1071 4294 quique
1107 4241 1137 4282 ,a
1153 4177 1253 4280 fu'ridm
1272 4225 1422 4282 divertendo
1440 4225 1518 4282 solvit
1539 4241 1569 4282 se
1584 4227 1663 4282 huius
1685 4225 1749 4294 legis
1767 4225 1928 4282 necessitate

268 4297 296 4348 to
330 4295 405 4348 lenae
434 4295 610 4364 appellatione
637 4295 774 4350 contineri.
827 4293 940 4348 Senatus
968 4293 1071 4348 censuit
1120 4309 1169 4348 nec
1187 4295 1210 4350 ιι
1226 4295 1260 4348 ab
1278 4293 1416 4362 ignorante
1433 4293 1580 4348 diverterit:
1604 4293 1704 4348 rectius
1727 4293 1797 4348 enim
1818 4293 1863 4348 hic
1885 4293 1927 4348 in·

267 4375 318 4416 non
335 4363 493 4416 conveniens
510 4379 568 4416 esse
584 4363 631 4416 ulli
648 4363 765 4416 senatori
781 4377 891 4416 uxorem
909 4361 1006 4418 ducere
1023 4365 1071 4414 aut
1121 4365 1137 4416 6
1160 4363 1240 4416 ἰιιιιι
1259 4361 1356 4414 dicitur
1372 4375 1452 4430 quam
1468 4361 1513 4432 qui
1530 4361 1660 4416 dissensit.
1696 4359 1726 4414 Si
1748 4361 1782 4414 ab
1805 4361 1928 4416 hostibus

266 4429 376 4484 retinere
385 4429 535 4484 damnatam
543 4429 650 4498 publico
664 4429 770 4494 iudicio,
785 4445 837 4498 quo
851 4429 948 4484 iudicio
963 4423 1072 4482 caniba
1120 4435 1249 4508 patronus
1271 4435 1366 4498 captus
1389 4443 1448 4484 esse
1470 4435 1650 4498 proponatur,
1673 4443 1766 4484 vereor
1787 4445 1822 4482 ne
1843 4427 1929 4546 possit

268 4509 298 4550 ex
314 4497 410 4566 populo
429 4499 541 4564 arpenn
557 4497 627 4562 licet,
641 4497 692 4550 nisi
706 4497 729 4550 si
744 4497 788 4552 cui
810 4497 867 4564 lege
880 4497 969 4564 ahqua
992 4513 1070 4550 accu·
1119 4501 1172 4552 rsta
1181 4497 1323 4552 conubium
1330 4497 1431 4552 habere
1438 4497 1570 4562 nubendo,
1580 4495 1800 4566 quemadmodum
1807 4495 1843 4548 ha
1863 4497 1927 4558 eret,

270 4567 295 4616 lt
330 4565 406 4618 sandi
422 4563 529 4632 pubhcc
546 4563 643 4618 iudicio
661 4579 715 4618 non
733 4569 774 4618 est
797 4569 924 4632 potestas.
969 4563 998 4616 Si
1019 4579 1071 4630 qua
1121 4565 1144 4618 si
1160 4569 1279 4618 mortuus
1297 4571 1375 4618 esset.
1394 4565 1450 4618 et¹³
1467 4565 1512 4634 qni
1528 4563 1623 4618 Iuliani
1637 4561 1927 4638 sententiamprobant,

266 4629 410 4684 calumniae
431 4631 528 4684 iudicio
554 4633 678 4684 damnate
701 4629 736 4682 sit
759 4647 792 4684 ex
814 4645 897 4684 causa
913 4629 1014 4700 publici
1030 4631 1070 4684 iu·
1121 4629 1239 4684 dicerent
1275 4645 1330 4684 non
1360 4631 1512 4688 habituram
1543 4631 1701 4686 conubium.-
1745 4631 1824 4696 pntat
1858 4639 1928 4680 emm

268 4693 370 4762 diciiet
386 4707 455 4778 puae
471 4697 723 4766 praevaricationise
747 4697 873 4750 damnata
890 4705 939 4762 est,
964 4697 1070 4766 publico
1120 4697 1239 4750 Iulianus
1262 4697 1359 4752 durare
1382 4699 1439 4754 eius
1460 4699 1571 4754 libertae
1591 4693 1785 4752 matrimonium
1803 4693 1882 4748 etiam
1898 4693 1928 4748 in

269 4765 297 4816 12
330 4765 426 4820 iudicio
444 4765 568 4818 damnata
585 4779 643 4820 esse
659 4779 714 4818 nou
731 4765 841 4818 videtur.
866 4765 940 4830 Quae
953 4765 982 4816 in
995 4765 1070 4818 adul-
1121 4765 1272 4834 captivitate
1295 4771 1404 4836 propter
1428 4767 1534 4834 patroni
1558 4763 1737 4820 reverentiam.
1766 4765 1843 4816 certe,
1859 4761 1883 4816 si
1898 4761 1927 4820 in

267 4831 330 4886 teria
349 4831 512 4900 deprehensa
529 4837 577 4896 est,
596 4833 672 4900 quasi
694 4831 802 4900 publico
824 4829 921 4886 iudicio
945 4831 1071 4886 damnata
1121 4831 1199 4886 aham
1216 4831 1367 4888 servitutem
1383 4843 1512 4904 patronus
1529 4833 1564 4888 sit
1577 4831 1715 4894 deductos,
1732 4829 1827 4896 procul
1844 4827 1926 4886 dubio

267 4903 313 4952 est.
331 4899 442 4966 preinde
458 4901 480 4954 si
497 4897 620 4952 adulterii
638 4901 814 4952 condemnate
828 4915 886 4954 esse
897 4903 1069 4966 proponatur,
1121 4899 1277 4954 dissolutum
1293 4909 1364 4954 essct
1380 4901 1581 4956 matrimonium.

266 4981 319 5020 non
335 4973 437 5020 tantum
455 4967 518 5036 quia
535 4965 699 5034 deprehensa
708 4971 750 5020 est
767 4967 926 5032 eritnotata,
944 4965 991 5020 sed
1008 4967 1071 5036 quia
1155 4963 1195 5026 45
1216 4969 1385 5024 tricatura
1403 4973 1494 5022 octavo
1509 4965 1548 5020 cd
1562 4965 1645 5034 tepea
1658 4961 1759 5016 Iulium
1774 4961 1926 5036 ctPupt’am

266 5037 294 5086 et
328 5035 414 5090 ublico
431 5033 529 5088 iudicio
548 5035 672 5086 damnata
689 5041 738 5086 est.
757 5033 828 5104 quod
852 5035 875 5088 si
896 5049 951 5088 non
972 5035 1008 5088 sit
1025 5035 1070 5088 de·
1121 5035 1189 5088 Illud
1207 5035 1377 5090 dubitationis
1394 5041 1443 5100 est,
1460 5047 1496 5086 au
1512 5035 1539 5086 ιι
1556 5033 1601 5100 qui
1618 5045 1782 5086 communem
1803 5031 1926 5088 libertam

267 5049 402 5166 prehensa,
421 5101 546 5156 damnata
563 5105 659 5166 autem,
676 5101 775 5156 idcirco
794 5107 914 5166 notetur,
934 5101 997 5170 quia
1039 5119 1070 5156 u·
1121 5119 1230 5158 uxorem
1254 5101 1358 5158 duxerit
1380 5101 1414 5156 ad
1437 5101 1488 5154 hcc
1511 5099 1554 5152 ius
1577 5097 1739 5154 ιᾱιιιιιιιιιιι.
1785 5101 1925 5158 Iavolenus

267 5167 336 5224 blico
353 5169 450 5224 iudicio
469 5169 594 5224 damnata
611 5173 664 5234 est,
683 5173 712 5222 ιι
734 5169 758 5224 ιι
781 5169 943 5236 deprehensa
965 5119 1071 5238 quidem
1121 5171 1232 5236 negavit,
1249 5169 1312 5238 quia
1328 5185 1383 5222 ncn
1398 5167 1504 5236 proprie
1520 5165 1623 5246 videtur
1645 5167 1701 5222 eius
1723 5167 1833 5234 liberta,
1856 5183 1926 5238 quae

268 5235 308 5300 sit,
326 5235 450 5290 damnata
470 5241 560 5290 autem
577 5251 630 5290 nou
647 5237 696 5302 sit,
714 5237 823 5290 ⁷notata
840 5237 907 5290 erit?
930 5251 978 5304 ego
995 5243 1071 5306 puto,
1122 5237 1200 5290 etiam
1217 5237 1325 5290 alterius
1338 5235 1385 5290 sit:
1404 5233 1462 5288 aliis
1472 5237 1566 5288 ιοιιιιι
1577 5251 1661 5290 usum
1670 5239 1719 5302 est,
1733 5237 1926 5306 quichbertem

270 5303 317 5358 etsi
332 5305 454 5358 absoluta
477 5305 512 5360 sit
533 5309 595 5372 post
617 5303 858 5372 deprehensionem,
877 5303 966 5358 adhuc
982 5311 1071 5358 tamen
1122 5303 1176 5356 eius
1195 5317 1254 5356 esse
1269 5301 1359 5368 negari
1376 5317 1430 5354 non
1446 5305 1545 5368 potest,
1565 5301 1628 5356 licet
1644 5305 1752 5358 alterius
1769 5317 1875 5374 quoqne
1891 5305 1926 5360 sit

269 5377 357 5422 notam
378 5371 416 5424 illi
438 5371 534 5426 obesse
557 5371 666 5434 debere,
694 5371 756 5438 quia
780 5385 870 5424 verum
896 5377 936 5424 est
962 5385 1020 5424 eam
1043 5371 1071 5424 iu
1121 5371 1229 5422 liberta:
1248 5385 1328 5438 quam
1341 5369 1497 5422 sententiam
1514 5369 1631 5440 plerique
1647 5377 1721 5426 recte
1736 5371 1932 5440 probaverunt.¹

268 5437 394 5492 adulterio
404 5437 603 5506 deprehensam,
612 5437 840 5504 quiafactumlex,
849 5453 904 5492 oon
913 5437 1071 5492 sententiam
1155 5433 1194 5492 47
1214 5435 1332 5490 Plutus
1360 5435 1428 5488 libro
1457 5437 1572 5492 secando
1603 5437 1645 5494 ud¹
1664 5439 1746 5510 legem
1773 5437 1874 5494 iulium
1899 5443 1927 5492 et

268 5605 297 5668 (1)
317 5607 411 5672 quosF
492 5605 525 5674 (ι)
543 5607 652 5662 camiac,
670 5605 708 5656 ΡΞ
795 5609 825 5670 (a)
843 5631 877 5652 =
892 5609 927 5658 D.
937 5609 978 5670 50,
989 5619 1020 5668 ιι,
1031 5617 1069 5660 ιιι
1122 5611 1166 5672 (to)
1184 5607 1375 5654 connumeretur
1391 5605 1478 5656 dett
1583 5597 1634 5674 '(11)
1652 5607 1719 5660 idam
1733 5609 1779 5660 ias.
1798 5607 1926 5658 auam

268 5673 299 5738 (4)
318 5675 525 5740 praestitueritl'
584 5677 615 5738 (ιι
633 5673 773 5738 elegitcdd.
843 5677 876 5738 (ι)
894 5671 1073 5726 consciusF²
1123 5675 1166 5738 (tl)
1184 5669 1365 5722 censensitF²
1442 5671 1485 5740 (15)
1502 5675 1643 5740 et]sedecr.

266 5741 299 5806 (l)
318 5742 404 5794 anas.
458 5744 490 5806 (e)
509 5743 851 5806 nepcteius.Brcncmcuuus
902 5743 934 5804 (ι)
954 5743 1071 5794 natedcl.

1688 5825 1722 5878 38
