4366 6258
281 369 394 416 consu.
417 369 486 416 nno
508 367 662 416 rucrouu
1059 349 1155 412 XIIII

281 547 371 584 verum
389 535 416 584 et
433 529 559 598 optimum
576 533 604 584 et
620 529 698 606 quasi
714 529 749 582 ab
766 531 841 586 initio
859 529 994 598 seriptum,
1013 529 1084 598 quod
1134 541 1203 582 maru
1226 529 1317 580 autem
1336 521 1541 604 intellegendum
1567 523 1608 576 est
1634 535 1689 574 non
1709 517 1796 576 solum
1814 523 1936 602 ¹veterem,

282 597 393 652 avobis
416 597 527 652 electum
548 601 576 650 et
597 595 636 650 ib1
656 597 772 664 positum
795 599 890 662 fuant,
914 601 940 650 et
955 611 1032 650 neruo
1052 613 1084 650 ex
1134 595 1282 650 sedetiam
1304 607 1402 660 regnam
1424 595 1557 658 nostram,
1582 589 1722 670 quaedeo
1745 595 1861 660 propitio
1879 607 1937 646 cum

282 663 478 730 comparatione
494 663 590 718 veteris
608 661 747 716 voluminis
764 667 842 734 quasi
858 665 978 718 vitiosam
1000 663 1083 732 scrip-
1137 667 1165 716 11
1202 661 1353 716 melioribus
1377 659 1485 714 eonffita
1508 663 1549 714 est
1571 657 1698 726 auguriis.
1732 657 1849 740 Ideoque
1865 659 1936 716 iube·

281 735 369 784 turam
386 745 496 798 arguere
511 729 618 784 audeat.
644 745 704 782 cum
722 733 791 784 enirn
808 733 864 802 lege
882 733 998 798 antiqua,
1016 745 1085 796 quae
1134 745 1193 784 mus
1220 729 1325 784 duobus
1350 727 1408 784 istis
1431 727 1566 784 codicibus
1590 727 1678 782 omnia
1700 727 1857 796 gubernari,
1885 743 1937 784 uno

281 799 353 864 regia
369 796 582 864 nuncupabatur,
600 811 677 850 omne
693 797 735 850 ius
754 801 891 868 omniaque
904 803 1023 868 potestas
1036 815 1083 868 po·
1136 799 1365 862 tentatationum,
1389 799 1471 850 altero
1494 795 1560 850 iuris
1583 797 1713 850 enucleati
1735 801 1761 850 et
1777 799 1805 852 in
1821 795 1937 852 futrurum

282 865 338 934 puli
355 865 468 916 Romani
485 865 511 916 in
529 863 720 932 inperatoriam
736 869 868 922 translata
887 871 949 920 sunt
966 871 1083 934 potesta·
1136 865 1253 920 codicem
1273 865 1440 934 composuit:
1463 865 1505 918 vel
1522 865 1545 918 si
1562 865 1625 934 qnid
1642 865 1715 918 aliud
1733 865 1843 922 anobis
1860 865 1938 920 inerit

281 937 346 996 tem,
364 945 413 984 uos
430 947 492 986 vero
510 931 673 984 sanctionem
691 947 795 988 omnem
814 949 867 988 non
884 931 1039 988 dividimus¹
1056 933 1085 988 iu
1135 935 1331 1002 promulgatum
1348 931 1545 988 institutionum
1562 935 1644 988 vicem
1663 933 1797 1004 optinens,
1820 939 1850 988 ut
1866 933 1938 988 rudis

284 999 347 1054 alias
365 1003 391 1052 et
408 997 474 1052 alias
492 997 658 1052 conditorum
675 1005 779 1068 partos,
802 1001 849 1056 sed
866 1005 949 1054 totam
966 1005 1085 1054 nostram
1136 1001 1238 1054 animus
1271 1001 1385 1056 studiosi
1415 1001 1578 1070 simplicibus
1610 1003 1741 1056 enutritus
1771 1003 1875 1056 facilius
1905 1003 1938 1056 ad

282 1064 490 1130 essevolumus,
515 1065 577 1133 quid
599 1067 684 1134 possit
706 1069 850 1138 antiquitas
868 1069 965 1122 nostris
982 1069 1084 1138 legibus
1118 1075 1167 1122 ll
1202 1069 1305 1122 altioris
1318 1069 1476 1138 prudentiae
1488 1069 1624 1138 redigatur
1638 1069 1785 1126 scientiam.
1814 1069 1937 1126 Nostram

282 1135 427 1202 abrogare?
452 1141 477 1188 et
493 1135 521 1186 iu
537 1141 642 1188 tantum
659 1135 778 1192 volumus
797 1137 888 1192 eadem
907 1135 1005 1202 omnia,
1025 1151 1085 1192 curn
1136 1143 1225 1192 autem
1242 1139 1510 1204 consummationem,
1529 1153 1597 1208 qnae
1614 1155 1632 1192 a
1647 1139 1722 1194 vobis
1741 1139 1789 1192 deo
1808 1141 1938 1194 adnuente

282 1201 397 1272 reposita
414 1207 484 1268 suut,
503 1201 631 1270 optinere,
648 1209 679 1258 ut
696 1205 740 1258 et²
758 1205 781 1260 si
798 1205 876 1258 aliter
890 1203 997 1258 fuerant
1013 1205 1084 1276 apud
1136 1209 1323 1276 componetur,
1357 1205 1518 1274 digestorum
1550 1207 1592 1262 vel
1622 1207 1814 1278 pandectarum
1845 1223 1938 1262 nornen

281 1277 382 1324 veteres
406 1271 570 1338 conscripta,
592 1271 621 1324 in
644 1273 806 1326 contrarium
828 1277 916 1326 autem
932 1273 959 1326 in
977 1289 1083 1342 compo·
1135 1273 1233 1328 habere
1256 1273 1404 1340 sancimus,
1433 1275 1513 1328 nullis
1540 1275 1605 1328 iuris
1633 1273 1726 1344 peritis
1752 1275 1781 1328 in
1805 1279 1938 1344 posterum

282 1339 376 1394 sitione
392 1337 572 1404 inveniantur,
593 1339 695 1396 nullum
716 1339 817 1394 crimen
834 1339 983 1408 scripturae
998 1339 1084 1410 impu·
1136 1341 1295 1396 audentibus
1314 1345 1516 1396 commentarios
1532 1343 1572 1396 illi
1589 1343 1724 1412 applicare
1742 1345 1769 1398 et
1782 1343 1939 1398 verbositate

282 1411 297 1460 8
331 1411 410 1472 tetur,
423 1407 591 1462 sednostrae
605 1407 727 1464 electioni
740 1407 791 1462 hoc
806 1407 981 1464 adscribatur.
1004 1409 1086 1464 Nulla
1136 1425 1185 1466 sua
1215 1425 1296 1478 supra
1326 1411 1389 1464 dieti
1420 1411 1519 1466 codicis
1550 1411 1734 1492 compendium
1766 1411 1938 1468 eoniunderez

279 1475 369 1544 itaque
395 1475 423 1528 in
451 1477 573 1530 omnibus
595 1477 724 1546 praedicti
746 1475 845 1530 codicis
868 1477 991 1532 membris
1015 1477 1083 1532 auti-
1126 1477 1356 1546 ,quemadmodum
1382 1483 1410 1534 et
1431 1479 1459 1534 iu
1482 1479 1675 1548 antiquioribus
1697 1479 1862 1546 temporibus
1883 1477 1938 1534 fac·

280 1543 368 1596 nomia
389 1543 438 1610 (sic
461 1543 529 1598 enim
551 1549 720 1612 aveinstate
738 1543 842 1598 Graeco
864 1545 993 1600 vocabulo
1015 1561 1083 1600 nnn·
1134 1553 1191 1600 tum
1209 1551 1259 1612 est,
1281 1561 1341 1600 cnm
1358 1563 1407 1614 per
1424 1549 1572 1600 contrarias
1589 1545 1820 1616 interpretantium
1837 1551 1938 1602 senteu-

280 1615 403 1678 cupatur)
425 1611 540 1682 aliquem
563 1613 614 1666 sibi
636 1611 751 1668 vindicet
773 1611 876 1678 locum,
905 1613 951 1668 sed
973 1613 1007 1668 sit
1030 1629 1084 1668 uua
1134 1617 1185 1666 tias
1203 1619 1290 1668 totum
1306 1615 1347 1668 ius
1364 1631 1451 1682 paene
1469 1615 1656 1670 conturbatum
1678 1621 1732 1670 est:
1757 1615 1805 1668 sed
1826 1613 1939 1670 sufficiat

280 1679 430 1748 eoncordia,
448 1697 503 1736 uua
521 1681 717 1750 consequentia,
735 1677 886 1736 adversario
902 1681 1005 1738 nomine
1020 1697 1083 1736 con·
1134 1699 1182 1752 par
1210 1681 1311 1738 indices
1336 1683 1518 1738 tantummodo
1542 1689 1569 1738 et
1591 1683 1728 1738 titulorum
1750 1681 1938 1752 suptilitatem

280 1753 294 1802 9
330 1749 431 1804 stitnto.
473 1749 525 1804 Sed
552 1753 579 1804 et
605 1747 802 1804 similitudinem
830 1751 987 1814 (secundum
1013 1751 1084 1820 quod
1135 1749 1263 1820 quaedam
1290 1749 1465 1806 admonitoria
1487 1753 1544 1806 eins
1567 1751 1669 1818 facere,
1700 1751 1773 1804 nullo
1801 1767 1836 1806 ex
1860 1749 1939 1804 inter-

279 1815 378 1872 dictum
400 1821 450 1886 est)
467 1819 511 1874 ,ab
537 1815 689 1870 huiusmodi
715 1817 940 1874 consummatione
962 1819 1083 1874 volumus
1137 1825 1167 1872 13
1201 1819 1351 1888 pretatione
1375 1835 1466 1874 eorum
1488 1819 1551 1874 vitio
1574 1819 1695 1874 oriundo.
1730 1817 1772 1874 Ne
1790 1825 1878 1874 autem
1913 1835 1940 1876 er

278 1887 399 1942 exulare:
428 1891 455 1942 et
478 1903 522 1954 ea,
550 1899 618 1954 quae
641 1885 826 1940 sacratissimis
851 1887 1083 1942 constitutionibus
1135 1887 1295 1958 scripturam
1318 1887 1408 1956 aliqua
1430 1887 1478 1942 fiat
1500 1887 1527 1940 iu
1544 1893 1683 1956 posterum
1700 1885 1845 1954 dubitatio,
1868 1837 1940 1942 iube·

279 1969 344 2022 quas
374 1955 402 2008 iu
432 1954 549 2009 codicem
580 1957 700 2006 nostrum
728 1953 878 2022 redegimus
906 1959 985 2008 cauta
1013 1961 1084 2022 suut,
1135 1969 1194 2008 mus
1217 1971 1270 2008 nou
1292 1971 1340 2024 por
1368 1955 1512 2022 siglorum⁸
1540 1957 1676 2024 captiones
1703 1959 1731 2010 et
1757 1953 1941 2024 compendiosa

278 2023 373 2076 iterum
398 2021 464 2092 poni
491 2035 523 2074 ex
546 2025 635 2074 vetere
657 2021 716 2074 iure
738 2037 793 2076 nou
816 2023 996 2090 concedimus,
1024 2039 1085 2076 cum
1135 2023 1299 2092 aenigmata,
1323 2037 1391 2090 quae
1413 2023 1511 2076 multas
1532 2037 1581 2090 per
1602 2039 1632 2076 se
1648 2027 1676 2076 et
1692 2037 1740 2106 per
1757 2037 1834 2076 sumn
1851 2021 1940 2078 uitium

278 2089 402 2146 divalium
430 2089 647 2144 constitutionum
674 2089 777 2146 sanctio
806 2089 906 2146 sufficit
933 2091 968 2146 ad
992 2107 1085 2146 eorum
1136 2089 1294 2146 antinomias
1311 2089 1487 2156 induxerunt,
1509 2089 1626 2146 eiusdem
1643 2089 1743 2146 corbeis
1760 2095 1863 2146 textum
1880 2107 1940 2146 eon-

278 2159 475 2212 anctoritatem:
499 2157 551 2212 uisi
573 2155 642 2212 forte
665 2157 725 2212 vel³
746 2161 858 2230 propter
875 2159 1027 2214 diuisionem
1044 2161 1084 2214 vel
1136 2159 1229 2214 scribi:
1258 2159 1338 2214 etiarn
1362 2161 1385 2214 si
1408 2175 1533 2214 uumerus
1554 2159 1683 2214 librorum
1708 2159 1873 2228 significatur
1896 2167 1941 2216 ant

296 2233 387 2296 ropter
403 2227 574 2296 repletionem
592 2227 634 2282 vel
650 2233 762 2298 propter
778 2227 922 2298 pleniorem
934 2229 1084 2298 indaginem
1136 2227 1208 2282 aliud
1237 2227 1391 2298 quicquam:
1422 2243 1472 2282 nec
1499 2227 1584 2284 haeo⁹
1614 2227 1710 2282 etenim
1741 2243 1790 2298 per
1819 2225 1942 2296 specialia

277 2245 329 2352 boc
351 2293 503 2364 contigerit:
527 2301 554 2350 et
577 2295 629 2350 hoc
651 2301 741 2350 tanuen
762 2313 886 2368 perraro,
909 2313 942 2350 ue
964 2311 996 2350 ex
1020 2313 1083 2352 con·
1135 2297 1203 2366 sigla
1211 2299 1232 2330 ¹⁰
1255 2311 1425 2352 numerorum
1446 2293 1625 2362 manifestari,
1652 2295 1700 2350 sed
1725 2311 1774 2366 per
1796 2295 1942 2350 litterarum

276 2363 424 2418 tinuationa
446 2363 599 2418 huiusmodi
624 2365 717 2434 lapsus
740 2367 843 2420 oriatur
866 2365 964 2434 aliquid
985 2367 1014 2420 in
1036 2365 1085 2418 tali
1138 2371 1169 2418 14
1204 2365 1419 2434 consequentiam
1436 2379 1469 2418 ex
1487 2365 1575 2418 lauari
1592 2363 1770 2420 concedimus.
1804 2365 1878 2420 Haeo
1895 2365 1941 2434 igi-

279 2437 310 2486 111
344 2437 421 2500 prato
440 2433 585 2500 spinosum.
621 2431 673 2488 Sed
695 2437 723 2488 et
745 2433 768 2490 si
791 2449 860 2502 quae
881 2435 950 2502 leges
968 2433 996 2488 iu
1012 2439 1084 2488 vete-
1136 2439 1180 2488 tur
1202 2433 1319 2488 omnia¹¹
1342 2435 1391 2490 deo
1415 2431 1519 2502 placido
1542 2431 1632 2488 iacere
1657 2437 1705 2486 tua
1728 2431 1943 2500 prudentianae

276 2501 349 2554 ribus
366 2499 441 2554 libris
464 2501 567 2568 positae
588 2501 641 2554 iam
663 2501 708 2554 iu⁴
733 2501 930 2558 desuetudinem
953 2501 1085 2566 abierunt,
1136 2517 1197 2556 cum
1220 2503 1278 2556 aliis
1301 2499 1582 2556 facundissimisviris
1606 2499 1713 2554 studeat
1734 2503 1761 2554 et
1782 2505 1837 2554 tam
1854 2503 1943 2572 suptili

277 2569 349 2624 nullo
371 2569 449 2624 mode
473 2569 547 2624 vobis
572 2569 678 2626 easdem
694 2585 795 2638 ponere
812 2569 1000 2642 permittimus,
1025 2587 1086 2624 cum
1137 2587 1216 2638 quarn
1234 2569 1371 2624 celerrimo
1390 2569 1437 2624 fini
1454 2567 1573 2634 tradere,
1598 2573 1629 2622 ut
1646 2569 1730 2624 codex
1747 2575 1942 2626 consummatus

276 2639 342 2692 haee
364 2637 547 2692 tautummodo
570 2637 690 2708 optinere
711 2639 846 2704 volumus,
870 2653 938 2708 quae
959 2639 999 2692 vel
1016 2639 1085 2692 iudi·
1136 2645 1163 2692 et
1178 2639 1207 2692 in
1224 2637 1416 2708 quinquaginta
1434 2637 1518 2693 libros
1536 2637 1654 2708 digestus
1677 2635 1755 2692 nobis
1774 2637 1902 2692 offeratur
1917 2641 1943 2694 in

277 2707 378 2762 ciorum
394 2705 626 2788 frequentissimus
644 2707 709 2762 ordo
728 2707 849 2764 exercuit
865 2707 906 2762 vel
925 2706 1004 2776 longa
1022 2723 1085 2762 eou-
1136 2707 1276 2762 maximam
1302 2713 1329 2760 et
1350 2711 1486 2762 aeternam
1509 2707 1548 2760 rei
1568 2705 1723 2762 memoriam
1745 2707 1839 2776 deique
1862 2707 1943 2764 omni·

275 2775 387 2830 suetudo
410 2775 490 2830 huius
514 2775 600 2830 almae
623 2773 696 2830 urbis
722 2775 916 2846 comprobarit,
940 2775 1086 2830 seeundum
1136 2775 1251 2844 potentis
1266 2775 1449 2846 providentiae
1457 2775 1479 2808 ¹²
1497 2779 1680 2844 argumentum
1692 2775 1830 2846 uotrique
1844 2773 1944 2846 imperii

277 2845 356 2898 Salvii
368 2843 482 2898 luliani⁵
500 2845 552 2898 reri
572 2849 667 2912 turam,
686 2859 755 2912 quae
769 2845 871 2900 indIcat
884 2845 978 2900 debere
993 2861 1086 2900 omnes
1136 2845 1216 2900 vestri
1234 2859 1268 2900 ue
1295 2843 1425 2900 ministeri
1468 2843 1572 2900 loriam.
1613 2845 1686 2898 Data
1718 2849 1811 2900 octavo
1844 2843 1943 2902 decimo

279 2913 355 2968 tivita
368 2929 396 2968 es
425 2917 556 2968 consuetu
576 2913 643 2968 'nem
668 2911 771 2994 Itomae
798 2913 882 2984 sequi,
909 2929 978 2984 quae
1004 2917 1087 3038 οαέιι)
1137 2863 1263 2968 calcabas
1292 2911 1432 2968 Ianuarias
1452 2861 1716 2994 {cnstantinopoli1³
1745 2913 1892 2984 Lampadio
1921 2919 1944 2968 et

275 2987 316 3036 est
338 2983 408 3036 orbis
431 2987 578 3048 terrarum,
602 2997 655 3038 uon
676 2997 763 3052 ipsam
780 2983 849 3038 alias
867 2983 995 3040 civitates.
1057 2999 1086 3038 o·
1138 2981 1230 3038 Oreste
1247 2981 1311 3038 viria
1330 2983 1483 3040 clarissimis
1502 2983 1656 3038 consulibus
1666 2983 1696 3036 ¹⁴.

277 3157 306 3216 (1)
324 3155 483 3208 divisimusS
556 3155 588 3220 (1)
608 3153 717 3208 atoma
792 3157 824 3220 (a)
842 3157 906 3208 veF
970 3157 1002 3224 (1)
1019 3157 1086 3222 inm
1137 3157 1182 3222 (11)
1200 3157 1306 3222 signas
1369 3159 1410 3218 (11)
1428 3155 1637 3222 omniaigiturS
1705 3157 1749 3222 (11)
1768 3153 1946 3224 providentiam

275 3227 351 3290 perS
419 3229 452 3292 (1)
470 3225 505 3278 D.
519 3229 542 3292 1,
556 3235 619 3292 aar
629 3241 672 3292 pr.
740 3223 775 3290 (a)
792 3225 879 3276 turmo
892 3225 1086 3292 eodioeeompo-
1137 3225 1197 3278 ets
1278 3227 1323 3292 (11)
1341 3225 1553 3294 constantinopoli
1570 3227 1629 3280 Ood.
1644 3225 1704 3280 Ine.
1721 3235 1780 3280 teste
1793 3225 1947 3288 Humanum,

275 3295 385 3348 nendiS
486 3295 519 3360 (1)
537 3309 600 3360 quae
612 3291 732 3360 paratitlo
745 3297 926 3360 nuncupantur
941 3295 998 3348 add.
1013 3295 1088 3348 F²s
1138 3295 1220 3346 om.F
1285 3297 1330 3362 (14)
1348 3315 1450 3364 aucep.
1465 3297 1521 3350 Otr.
1535 3307 1576 3350 tau
1590 3295 1782 3348 Dacia-In
1795 3295 1946 3360 Frequr'tur:

277 3361 311 3426 (a)
329 3363 467 3430 simplorum
475 3363 501 3414 F
506 3361 522 3430 ¹,
531 3361 688 3430 singulorum
698 3361 913 3430 magnorum&
958 3365 992 3430 (1)
1009 3365 1091 3420 haeF
1137 3361 1227 3432 Rlege
1238 3363 1354 3418 feliciter.
