4366 6258
1628 367 1674 412 DE
1697 359 1931 412 suuvlrurnsus

920 953 1053 1030 ιιιι
1075 895 1280 1030 cereres.

652 1145 693 1204 1¹,
1127 1141 1252 1192 traditur:
1272 1145 1298 1192 et
1313 1141 1372 1192 ideo
1391 1139 1413 1192 si
1427 1137 1485 1206 quis
1499 1137 1611 1192 fundum
1625 1139 1726 1192 habens
1740 1137 1809 1190 viam
1824 1135 1932 1204 stipule-

511 1243 555 1292 ΒΕ
575 1239 819 1292 SERVITUTIBUS
1127 1213 1171 1258 tur
1188 1213 1215 1258 et
1231 1213 1333 1276 partem
1350 1205 1428 1260 fundi
1441 1205 1483 1258 sni
1496 1213 1590 1272 postea
1604 1205 1709 1270 alienet,
1727 1203 1872 1274 corrumpit
1886 1205 1935 1258 sti·

448 1327 450 1334 ,
821 1279 827 1290 ”
1126 1273 1286 1342 palationem
1303 1275 1331 1326 in
1349 1289 1409 1328 eum
1427 1289 1518 1328 casnm
1535 1271 1704 1338 deducendo,
1730 1289 1746 1326 a
1770 1289 1823 1342 quo
1849 1273 1932 1342 stipu-

307 1337 850 1408 1Minoribustttronrttorepntarum
878 1339 1077 1394 Servitutesant
1126 1341 1191 1394 latio
1213 1341 1329 1410 incipere
1352 1357 1407 1394 non
1430 1339 1522 1408 possit.
1549 1357 1598 1408 pro
1622 1347 1698 1408 parte
1721 1355 1826 1408 quoque
1848 1357 1936 1408 neque

269 1421 441 1476 personarum
456 1411 526 1470 sunt,
541 1411 572 1458 ut
585 1423 650 1462 usus
665 1415 692 1460 et
704 1423 769 1460 usus
783 1405 895 1470 fractius,
917 1411 965 1458 aut
978 1423 1076 1472 rerum,
1127 1409 1209 1474 legari
1226 1423 1312 1478 neque
1329 1409 1410 1462 adimi
1426 1409 1469 1462 via
1485 1413 1575 1476 potest
1598 1413 1637 1472 et,
1661 1409 1684 1462 si
1708 1409 1737 1462 id
1758 1407 1860 1462 factum
1884 1413 1935 1470 est,

271 1481 300 1548 ut
318 1475 453 1526 servitutes
471 1473 630 1528 rusticorum
646 1473 816 1542 praediorum
833 1479 860 1526 et
876 1473 1048 1528 urbanorum.
1127 1493 1160 1530 ne
1177 1491 1212 1528 ue
1229 1475 1344 1544 legatum
1360 1491 1394 1528 ne
1413 1491 1447 1528 ne
1465 1475 1596 1546 ademptio
1614 1477 1692 1528 valet.

305 1537 324 1594 2
344 1539 487 1594 Uiriatus
500 1541 567 1596 libro
580 1545 691 1620 septimo
706 1539 976 1594 decimoadcdictcm
1002 1541 1076 1594 Unus
1161 1491 1585 1612 121ινιιιιιι1ἰινιιιανιι
1603 1543 1777 1614 epistularum
1803 1543 1865 1596 Non
1883 1543 1932 1596 du-

272 1625 304 1660 ex
327 1607 439 1726 domin?
457 1623 633 1662 commumum
650 1609 755 1662 aedium
773 1609 925 1662 servitutem
941 1609 1077 1678 imponere
1127 1609 1280 1730 ξὶιι,ᾱιιίι
1296 1609 1379 1730 ffldo
1397 1611 1560 1680 municipum
1577 1627 1626 1680 per
1643 1627 1746 1666 servum
1763 1615 1836 1666 recte
1853 1611 1935 1666 servi-

271 1693 324 1728 ιιι
360 1691 435 1728 ιιι.
1139 1693 1299 1798 nsassmra
1346 1717 1351 1730 .

305 1739 322 1798 3
365 1741 537 1798 intestam
552 1745 693 1798 vicensimo
701 1741 963 1812 primoodcdictom
990 1741 1076 1796 Servi·
1163 1741 1200 1800 13
1247 1759 1390 1798 curantes
1412 1745 1479 1798 libro
1502 1753 1600 1814 quarto
1624 1745 1726 1800 decimo
1750 1745 1787 1798 oct
1809 1743 1935 1810 Orciniana·

270 1815 341 1862 tutes
365 1807 533 1878 praediorum
556 1809 673 1864 abacia
696 1809 768 1874 solo,
794 1809 862 1864 aliae
885 1809 914 1864 in
936 1809 1077 1878 superficie
1127 1809 1247 1866 Muciam
1280 1811 1309 1864 Si
1335 1817 1392 1866 tam
1415 1813 1520 1880 angusti
1541 1811 1594 1864 loci
1616 1813 1839 1866 demonstratione
1861 1813 1938 1866 facta

271 1877 426 1930 consistunt.
1127 1879 1170 1932 via
1184 1893 1311 1932 concessa
1322 1879 1411 1942 fuerit,
1429 1885 1461 1932 ut
1474 1895 1559 1948 neque
1573 1879 1722 1932 vehiculum
1735 1895 1820 1948 neque
1833 1879 1936 1932 iumen-

303 1943 522 2000 territurus
544 1945 611 1998 libro
635 1945 748 2014 septimo
767 1945 955 2014 quaestionum
989 1945 1075 1998 Servi-
1127 1953 1184 2000 tum
1202 1963 1234 2000 ea
1250 1947 1317 2000 inire
1333 1945 1433 2014 possit,
1451 1947 1502 2000 iter
1519 1947 1602 2014 magis
1620 1949 1716 2014 quam⁷
1732 1947 1775 2002 via
1793 1953 1840 2000 aut
1858 1955 1937 2002 actus

269 2017 340 2066 tutes
363 2013 420 2080 ipso
444 2013 548 2080 quidem
569 2013 637 2092 iure⁸
649 2027 735 2092 neque
753 2029 786 2066 ex
802 2017 922 2132 tempore
939 2029 1025 2080 neque
1042 2013 1077 2066 ad
1128 2013 1275 2082 adquisitus
1292 2013 1437 2068 videbitur:
1462 2013 1509 2068 sed
1532 2015 1554 2068 si
1576 2013 1722 2068 iumentum
1746 2029 1777 2068 ea
1795 2015 1857 2068 duci
1875 2021 1936 2082 pot-

269 2089 372 2148 tempus
390 2097 475 2148 neque
493 2083 542 2134 sub
561 2081 716 2134 condrcrone
733 2095 819 2148 neque
837 2095 853 2132 a
895 2085 995 2134 certam
1013 2095 1076 2134 con·
1128 2081 1185 2146 erit,
1202 2097 1257 2134 non
1271 2083 1351 2134 etiarn
1364 2083 1522 2146 vehiculum,
1543 2087 1619 2134 actus
1633 2083 1763 2134 videbitur
1777 2083 1937 2150 adquisitus..

270 2149 399 2202 dicionem
428 2149 510 2216 (verbi
539 2149 624 2216 gratia
650 2149 790 2216 ‘quamdin
814 2147 924 2212 volam’]
952 2149 1077 2202 constitui
1164 2147 1201 2204 14
1219 2149 1420 2204 Pnonoslibro
1436 2147 1824 2218 quintodecimocdSobinom
1850 2149 1937 2204 Servi-

213 2239 214 2242 *
269 2223 394 2284 possunt:
420 2215 467 2270 sed
489 2221 577 2268 tamen
602 2215 626 2270 si
651 2215 718 2270 haec
745 2215 900 2280 adiciantur,
943 2215 1015 2268 aeti²
1036 2215 1077 2270 vel
1127 2221 1197 2270 tutes
1221 2217 1389 2284 praediorum
1412 2217 1572 2270 rusticorum
1596 2217 1700 2270 etiamsi
1718 2217 1872 2284 corporibus
1890 2233 1937 2272 ac-

269 2301 318 2354 per
341 2285 394 2338 doli
416 2285 598 2352 exceptionem
620 2289 777 2338 occurretur
794 2289 888 2338 contra
905 2233 1005 2352 pfacita
1022 2299 1076 2338 ser·
1129 2285 1235 2348 cedunt,
1252 2283 1434 2352 incorporales
1451 2289 1540 2338 tamen
1557 2291 1620 2338 sunt
1637 2289 1664 2338 et
1679 2283 1738 2338 ideo
1754 2299 1806 2338 usu
1821 2299 1875 2338 non
1891 2301 1937 2338 ca-

270 2355 378 2408 vitatem
410 2353 566 2406 vindicantis
598 2351 678 2422 idque
704 2359 731 2406 et
757 2353 884 2406 Sabinum
908 2353 1077 2420 respondisse
1128 2353 1250 2422 piuntur:
1268 2353 1310 2406 vel
1325 2353 1401 2416 ideo,
1421 2353 1482 2422 quia
1499 2351 1566 2406 tales
1585 2359 1647 2406 sunt
1660 2353 1817 2416 servitutes,
1835 2359 1865 2406 ut
1882 2369 1937 2406 non

271 2427 282 2474 1
320 2419 426 2474 Cassius
452 2421 555 2474 rettulit
580 2427 606 2474 et
631 2419 682 2474 sibi
707 2421 821 2488 placere.
865 2419 975 2474 Modum
1008 2419 1078 2474 adici
1128 2421 1245 2476 habeant
1268 2425 1368 2474 certam
1394 2421 1599 2488 continuamque
1625 2421 1833 2490 possessionem:
1859 2437 1938 2474 nemo

270 2489 437 2542 servitutibus
455 2503 534 2554 posse
546 2491 665 2542 constat:
684 2489 766 2542 veluti
783 2505 835 2556 qno
852 2503 948 2556 genere
965 2487 1078 2542 vehiculi
1129 2491 1197 2544 enim
1214 2493 1269 2542 tam
1286 2493 1431 2556 perpetuo,
1454 2493 1509 2542 tarn
1533 2489 1699 2542 continenter
1721 2489 1760 2542 ire
1782 2493 1884 2556 potest,
1907 2493 1941 2542 ιι

269 2563 364 2626 agatur
385 2557 427 2608 vel
449 2571 504 2608 non
521 2561 615 2622 agatur
634 2555 722 2620 (veluti
740 2561 771 2608 ut
788 2571 854 2624 equo
874 2555 1020 2618 dumtaxat)
1037 2557 1078 2608 vel
1129 2557 1201 2610 nullo
1227 2563 1359 2610 momento
1384 2557 1517 2624 possessio
1544 2557 1599 2608 eius
1623 2555 1786 2624 interpellari
1808 2557 1935 2608 videatur.

269 2631 300 2678 ut
317 2629 416 2676 certum
433 2623 537 2692 pondus
555 2623 667 2688 vehatur
681 2623 723 2676 vel
740 2639 804 2692 grex
821 2623 864 2674 flle
887 2623 1077 2676 transducatur
1128 2623 1199 2678 idem
1216 2629 1242 2676 et
1264 2623 1293 2676 in
1316 2623 1486 2678 servitutibus
1509 2623 1679 2692 praediorum
1703 2623 1866 2676 urbanorum
1889 2623 1938 2676 ob·

269 2695 285 2744 2
320 2697 366 2744 aut
380 2691 460 2744 carbo
475 2695 603 2758 portetur.
638 2689 780 2746 Intervalla
795 2691 939 2744 dierum'et
951 2691 1077 2744 horarum
1131 2695 1142 2746 1
1179 2695 1308 2746 servatur.
1345 2689 1464 2744 Servitus
1481 2689 1583 2744 itineris
1601 2689 1637 2742 ad
1655 2691 1824 2758 sepulchrum
1841 2691 1937 2758 privati

270 2775 324 2812 non
341 2759 375 2812 ad
391 2759 517 2826 temporis
541 2773 662 2824 causam,
687 2759 735 2812 sed
758 2759 792 2812 ad
815 2757 922 2812 modum
945 2759 1078 2826 pertinent
1128 2759 1193 2812 iuris
1216 2765 1306 2812 manet
1330 2765 1356 2812 et
1379 2759 1438 2812 ideo
1462 2759 1559 2812 remitti
1583 2757 1689 2812 domino
1707 2757 1783 2812 fundi
1801 2757 1939 2812 servientis

270 2827 327 2880 iure
345 2827 505 2880 constitutae
524 2825 664 2880 servitutis.
856 2829 858 2832 '
1128 2831 1230 2894 potest:
1258 2831 1284 2878 et
1310 2825 1415 2894 adquiri
1439 2827 1518 2880 etiam
1540 2831 1603 2894 post
1627 2825 1780 2894 religionem
1805 2827 1938 2894 sepulchri
1969 2871 1972 2876 .

305 2893 513 2950 5Gnrcslibro
529 2895 640 2962 septimo
655 2895 692 2948 ad
706 2893 820 2950 edictum
830 2893 1000 2964 provinciale
1027 2893 1079 2946 Via
1129 2899 1143 2948 2
1177 2895 1245 2948 haec
1262 2893 1374 2948 servitus
1399 2899 1496 2962 potest.
1531 2893 1643 2948 Publice
1667 2893 1725 2946 loco
1749 2893 1941 2948 interveniente

269 2963 320 3016 iter
337 2967 412 3016 actus
431 2963 526 3016 ductus
544 2977 628 3030 aquae
655 2961 739 3016 isdem
756 2963 813 3016 fere
830 2963 915 3016 modis
941 2961 1077 3016 constitni-
1128 2961 1170 3016 vel
1185 2961 1228 3016 via
1244 2961 1352 3030 publica
1368 2961 1482 3016 haustus
1499 2961 1611 3016 servitus
1625 2959 1726 3028 imponi
1739 2965 1835 3030 potest,
1854 2977 1941 3028 aquae

272 3035 284 3082 1
320 3035 371 3094 tur,
381 3031 477 3100 quibus
487 3035 513 3082 ιι
521 3045 598 3082 usum
605 3029 723 3084 fructum
732 3031 858 3084 constitui
868 3029 989 3082 diximus.
1008 3029 1078 3084 Usus
1129 3031 1224 3084 ductus
1242 3045 1297 3082 non
1314 3035 1417 3098 potest:
1442 3043 1460 3082 a
1481 3031 1602 3098 principe
1625 3035 1714 3082 autem
1731 3029 1788 3098 peti
1805 3029 1884 3094 solet,
1908 3035 1941 3082 ut

270 3099 432 3152 servitutium
449 3099 612 3166 temporibus
631 3099 732 3154 secerni
749 3103 852 3166 potest,
875 3097 945 3154 forte
966 3102 998 3151 ut
1021 3097 1079 3166 quis
1128 3101 1176 3168 per
1197 3097 1268 3152 viam
1291 3097 1427 3166 publicam
1451 3113 1548 3166 aquarn
1573 3099 1670 3152 ducere
1692 3097 1749 3150 sine
1771 3097 1941 3150 incommodo

270 3175 332 3234 post
348 3167 441 3220 horam
457 3167 563 3220 tertiam
580 3181 610 3220 us
630 3181 663 3220 ne
680 3167 709 3220 in
723 3167 818 3220 horam
833 3167 960 3220 decimam
976 3181 1007 3220 eo
1021 3165 1079 3220 iure
1129 3165 1333 3234 publicoliceat.
1351 3165 1465 3220 sarriet
1484 3165 1601 3234 religiosi
1614 3163 1668 3218 loci
1682 3165 1846 3220 interventus
1861 3163 1940 3218 etiam

270 3239 361 3286 utatur
377 3235 417 3288 vel
434 3239 465 3288 ut
481 3235 590 3288 alternis
636 3235 701 3290 ebus
719 3239 820 3288 utatur.
990 3283 991 3286 ,
1128 3233 1248 3286 itineris⁸
1265 3235 1417 3286 servitutem
1434 3233 1550 3302 impedit,
1570 3233 1755 3286 cumservitus
1770 3247 1819 3300 per
1835 3247 1866 3286 ea
1880 3233 1944 3286 loca

305 3297 323 3358 6
341 3301 460 3356 Pennus
482 3303 549 3356 libro
568 3303 709 3358 dicendine
722 3307 815 3372 primo
833 3301 871 3358 od
887 3301 1000 3356 edictum
1036 3301 1079 3354 Ad
1129 3301 1194 3354 nulli
1212 3301 1303 3356 deberi
1319 3307 1415 3370 potest.

271 3375 369 3422 certam
385 3375 489 3436 partem
505 3369 582 3422 fundi
599 3371 711 3424 servitus
728 3375 784 3424 tam
800 3369 898 3424 remitti
917 3385 996 3436 quarn
1014 3385 1077 3422 con·
1166 3367 1202 3424 15
1221 3367 1392 3424 Pomponius
1407 3369 1475 3424 libro
1493 3369 1647 3438 tripcnsimo
1667 3369 1744 3424 tertio
1763 3367 1800 3422 od
1811 3365 1940 3424 Sabinum

270 3435 345 3492 stitui
362 3441 459 3504 potest.
1130 3435 1257 3504 Quotiens
1271 3451 1320 3490 nec
1334 3437 1471 3490 homiuum
1484 3451 1534 3490 nec
1544 3437 1713 3506 praediorum
1722 3437 1860 3492 servitutes
1869 3441 1941 3502 sunt,

305 3499 322 3556 7
347 3503 491 3558 Uarianos
510 3505 578 3558 libro
602 3505 680 3558 tertio
704 3505 805 3558 decimo
824 3505 861 3556 act
877 3505 961 3574 dapem
979 3503 1078 3558 Iuliam
1146 3505 1191 3556 uia
1208 3505 1274 3556 nihil
1289 3503 1436 3558 vicinorum
1448 3505 1567 3568 interest,
1585 3521 1640 3558 non
1654 3505 1732 3570 valet,
1750 3505 1831 3558 veluti
1845 3521 1878 3558 ne
1892 3521 1943 3572 per

270 3577 297 3624 et
313 3571 430 3640 Papiam
464 3571 509 3624 Ins
528 3573 636 3626 cloacae
652 3571 797 3626 mittendae
814 3571 927 3626 servitus
945 3577 992 3626 est.
1159 3571 1241 3626 ndum
1257 3577 1332 3626 tuum
1351 3587 1396 3626 eas
1414 3577 1461 3626 aut
1477 3571 1515 3624 ibi
1534 3573 1680 3628 cerastaei
1705 3579 1731 3628 et
1753 3571 1813 3628 ideo
1838 3573 1860 3626 si
1878 3573 1940 3626 mihi

305 3635 459 3694 SPnrncs
480 3639 547 3694 libro
571 3639 664 3708 quinto
688 3639 791 3694 decim
815 3639 853 3692 cd
870 3639 1008 3694 Plautium
1042 3639 1079 3694 Ut
1130 3639 1262 3694 concedas
1280 3641 1320 3694 ius
1338 3639 1388 3694 tibi
1404 3655 1459 3694 non
1477 3655 1534 3694 esse
1551 3639 1635 3694 fundo
1652 3645 1700 3694 tuo
1723 3641 1764 3694 nti
1784 3639 1852 3706 frui,
1877 3641 1941 3694 nihil

270 3723 377 3774 pomum
401 3705 542 3776 decerpere
564 3709 644 3760 hceat
667 3711 694 3760 et
716 3711 747 3760 nt
764 3705 874 3776 spatiari
892 3711 918 3760 et
935 3713 966 3760 ut
983 3721 1079 3760 cenare
1130 3709 1233 3776 agitur:
1259 3709 1335 3760 aliter
1359 3713 1440 3776 atque
1463 3707 1486 3760 si
1510 3707 1641 3762 concedas
1664 3709 1728 3762 mihi
1749 3709 1791 3762 ius
1814 3709 1865 3760 tibi
1886 3725 1940 3762 non

272 3781 284 3826 1
320 3775 348 3826 in
357 3775 442 3826 alieno
452 3775 593 3842 possimus,
608 3775 721 3828 servitus
737 3775 837 3842 imponi
851 3791 905 3828 non
919 3781 1015 3842 potest.
1052 3775 1079 3826 Si
1130 3791 1188 3828 esse
1203 3775 1232 3826 in
1248 3773 1332 3830 fundo
1349 3781 1396 3828 tuo
1415 3789 1512 3844 aquam
1529 3791 1657 3844 quaerere
1674 3775 1832 3830 minuendae
1856 3793 1942 3844 aquae

265 3841 407 3910 praedium
423 3847 500 3894 tumn
517 3843 580 3896 mihi
597 3841 710 3906 serviat,
735 3841 789 3894 sive
812 3841 961 3910 ego'partis
978 3841 1079 3910 praedii
1132 3847 1143 3894 1
1180 3859 1255 3896 meae
1278 3843 1373 3910 gratia
1409 3841 1581 3898 Servitutium
1597 3859 1652 3898 non
1669 3859 1701 3898 ea
1718 3849 1815 3898 natura
1832 3849 1886 3908 est,
1910 3849 1943 3894 ut

270 3909 309 3962 tui
332 3909 453 3964 dominus
476 3925 535 3964 esse
559 3925 670 3978 coepero
695 3909 750 3962 sive
772 3913 803 3962 tu
825 3909 889 3974 mei,
915 3925 964 3978 per
989 3915 1078 3978 partes
1130 3909 1230 3978 aliquid
1245 3909 1329 3964 faciat
1346 3909 1421 3978 quia,
1445 3911 1530 3964 veluti'
1547 3911 1643 3964 viridia
1665 3913 1743 3966 tollat
1766 3911 1830 3964 auto
1852 3925 1940 3964 amoe-

270 3979 380 4030 servitus
400 3977 542 4044 retinetur,
560 3979 623 4034 licet
640 3977 673 4030 ab
692 3977 768 4030 initio
785 3991 833 4046 per
848 3979 960 4048 partes3
976 3979 1079 4046 adquiri
1130 3979 1231 4032 niorem
1246 3983 1418 4048 prospectum
1435 3983 1567 4060 praestet,
1592 3985 1640 4032 aut
1662 3979 1690 4032 in
1713 3979 1764 4032 hoc
1787 3985 1818 4032 ut
1840 3979 1869 4032 in
1891 3995 1941 4032 sno

270 4063 323 4098 non
340 4045 473 4114 poteratt
1129 4045 1230 4116 pingat,
1247 4045 1295 4102 sed
1312 4051 1342 4101 ut
1359 4047 1461 4114 aliquid
1478 4047 1596 4114 patiatur
1613 4051 1731 4102 autnon
1747 4045 1839 4102 faciat.

305 4111 451 4170 donnaus
466 4113 534 4168 libro
553 4115 647 4180 quaro
664 4113 828 4186 dipcstcrara
863 4115 892 4168 Si
914 4113 958 4168 cui
981 4113 1079 4182 simpli·
1166 4111 1368 4172 161ιιιιιιι
1389 4115 1458 4170 libro
1479 4115 1708 4234 fnodrcpcnsimo
1730 4131 1802 4168 nono
1826 4115 1943 4186 differto--

271 4181 345 4234 cius⁵
362 4181 404 4234 via
426 4195 474 4250 per
497 4179 609 4236 fundum
633 4181 780 4250 cuiuspiam
805 4181 915 4234 cedatur
937 4183 978 4236 vel
1001 4183 1079 4234 relin-
1130 4199 1191 4234 rum
1223 4183 1272 4248 Idi,
1297 4183 1342 4252 qni
1358 4183 1464 4252 pignori
1491 4183 1593 4236 undum
1610 4183 1727 4252 accepit,
1750 4199 1805 4236 non
1829 4189 1869 4236 est
1891 4183 1942 4234 ini-

270 4253 380 4316 quatur,
398 4249 426 4300 in
442 4247 559 4312 infinito,
577 4247 699 4302 videlicet
716 4265 765 4318 per
788 4249 933 4316 quamlibet
947 4249 1003 4304 eius
1037 4265 1079 4304 ar·
1147 4265 1212 4302 uum
1229 4249 1320 4302 utilem
1336 4249 1491 4318 petitionem
1508 4249 1643 4304 servitutis
1661 4249 1731 4314 dari,
1757 4249 1836 4304 sicuti
1856 4249 1941 4318 ipsius

269 4323 336 4394 tem,
354 4315 393 4368 ire
411 4331 489 4384 agere
498 4315 610 4394 licebit,
630 4315 741 4396 civiliter
757 4315 851 4368 modo:
869 4331 933 4370 nam
949 4267 1080 4384 quaedam
1129 4267 1207 4370 dundi
1223 4317 1297 4370 utilis
1313 4315 1407 4384 petitio
1426 4317 1540 4370 dabitur.
1571 4317 1643 4372 idem
1660 4317 1759 4372 servari
1776 4317 1899 4374 convenit
1916 4321 1942 4368 et

269 4399 296 4436 m
314 4397 435 4438 sermone
451 4387 534 4436 tacrte
551 4383 727 4450 excipmntur.
753 4399 808 4438 non
831 4383 900 4438 euim
922 4399 970 4450 per
992 4385 1080 4438 villam
1130 4385 1157 4438 in
1175 4399 1215 4448 eo,
1234 4383 1269 4438 ad
1286 4399 1363 4452 quem
1379 4385 1515 4452 vectigalis
1532 4383 1631 4438 fundus
1649 4385 1771 4452 pertinet.

269 4453 355 4520 ipsam
377 4467 426 4504 nec
443 4465 492 4518 per
509 4451 609 4504 medias
626 4451 716 4504 vineas
733 4449 773 4504 ire
790 4465 869 4518 agere
886 4451 1011 4506 sinendus
1029 4457 1078 4516 est,
1167 4447 1204 4506 17
1229 4451 1401 4504 Pcnronrrs
1427 4453 1495 4506 libro
1521 4453 1659 4522 sinpotori
1682 4469 1713 4506 re
1732 4453 1840 4506 ntorum
1873 4451 1942 4504 Viae

271 4537 331 4572 curn
353 4519 381 4572 id
404 4533 489 4586 aeque
514 4519 651 4572 commode
672 4533 722 4586 per
740 4519 851 4572 alteram
867 4525 972 4586 partem
988 4519 1079 4574 facere
1130 4519 1231 4572 itineris
1255 4523 1330 4572 actus
1349 4533 1435 4588 aquae
1452 4519 1548 4574 ductus
1565 4535 1629 4588 pars
1646 4519 1675 4572 in
1692 4471 1878 4588 effugationem
1895 4519 1941 4572 de·

269 4587 354 4656 possit
362 4587 463 4640 minore
477 4585 614 4640 servientis
628 4585 707 4640 fundi
721 4585 887 4640 detrimento.
911 4601 1004 4642 verum
1016 4603 1079 4642 con·
1131 4587 1193 4640 duci
1209 4603 1265 4640 ιιι
1281 4591 1383 4654 potest,
1408 4587 1471 4656 quia
1487 4603 1552 4642 usus
1570 4603 1662 4642 eorum
1683 4585 1811 4642 indivisus
1835 4593 1890 4642 ests
1916 4591 1943 4640 et

270 4657 345 4720 stitit,
364 4659 400 4718 ut,
419 4669 472 4722 qua
489 4653 604 4722 primum
620 4653 690 4708 dam
709 4653 855 4718 direxisset,
875 4669 907 4708 ea
924 4655 1029 4708 demum
1040 4655 1080 4708 ire
1130 4655 1189 4708 ideo
1214 4653 1237 4708 si
1259 4657 1402 4724 stipulator
1425 4655 1568 4708 decesserit
1589 4655 1712 4724 pluribus
1734 4655 1877 4708 heredibus
1899 4671 1941 4708 re-

271 4739 349 4792 agere
367 4723 474 4776 deberet
490 4737 540 4774 nec
558 4723 671 4790 amplius
689 4721 834 4774 mutandae
851 4719 908 4774 eins
922 4727 1080 4790 potestatem
1130 4721 1213 4786 lictis,
1232 4723 1328 4792 singuli
1350 4721 1463 4776 solidam
1480 4723 1549 4776 viam
1571 4727 1679 4790 petunt:
1704 4727 1731 4776 et
1754 4723 1776 4776 si
1795 4723 1944 4790 promissor

271 4793 393 4844 haberet:
419 4789 498 4842 sicuti
515 4789 614 4842 Sabino
633 4805 740 4858 quoque
756 4789 909 4852 videbatur,
951 4789 979 4842 ni
1001 4807 1079 4858 argu-
1132 4789 1274 4844 decesserit
1319 4791 1412 4844 oribus
1430 4789 1572 4844 heredibus
1589 4789 1703 4854 relictis,
1726 4805 1743 4842 a
1766 4789 1876 4858 singulis
1893 4789 1939 4844 he·

272 4865 358 4912 mento
376 4857 423 4912 rivi
441 4857 581 4922 utebatur,
600 4873 678 4924 quern
695 4857 780 4924 primo
799 4855 917 4926 qualibet
933 4805 1031 4912 ducere
1048 4859 1079 4910 li·
1131 4857 1239 4912 redibus
1256 4873 1286 4912 ιι
1299 4857 1342 4910 ‘da
1358 4857 1452 4926 petitio
1472 4863 1520 4912 est.

271 4927 380 4990 coisset,
399 4929 574 4994 posteaquam
592 4925 688 4978 ductus
707 4929 792 4990 esset,
815 4923 962 4978 mansferre
978 4941 1032 4978 uon
1049 4925 1080 4978 li·
1168 4921 1205 4980 18
1229 4923 1350 4978 Ριιιιι
1369 4925 1439 4978 libro
1463 4927 1618 4996 tripcasimo
1639 4925 1731 4992 primo
1757 4925 1942 4992 predestinatam

271 4999 354 5046 ceret:
374 4993 444 5062 qrrod
464 5001 489 5044 et
506 4995 533 5046 in
551 4993 594 5046 via
611 4993 772 5046 servandum
790 5007 848 5046 esse
865 5007 957 5044 verum
974 4999 1022 5046 est.
1131 4991 1293 5046 Pnrrrvrnrvr
1301 4993 1322 5024 ¹⁰
1334 4997 1412 5046 notat
1440 4993 1472 5044 In
1484 4991 1606 5048 omnibus
1615 4993 1796 5056 servitutibus,
1809 5005 1878 5058 quae
1886 4991 1941 5044 adi·

307 5059 343 5118 10
362 5061 444 5114 lnnvr
465 5061 532 5114 libro
551 5065 643 5116 octeno
661 5059 764 5114 decimo
782 5059 946 5130 clipeatorum
980 5059 1009 5114 Si
1031 5059 1082 5114 iter
1130 5059 1203 5114 tione
1221 5059 1349 5114 conitrsae
1366 5065 1437 5124 sunt,
1454 5075 1613 5126 responsum
1631 5065 1672 5112 est
1689 5059 1743 5112 doli
1760 5059 1942 5128 exceptionem

269 5129 383 5194 legatum
401 5129 442 5192 sit,
462 5143 515 5194 qna
527 5129 577 5180 nisi
592 5143 672 5194 opere
684 5125 759 5180 facto
773 5127 806 5180 iri
820 5143 875 5180 uon
890 5125 983 5194 possit,
1001 5125 1081 5182 licere
1130 5127 1281 5180 nocinmam
1293 5127 1431 5194 legatario,
1441 5125 1464 5180 si
1475 5143 1530 5178 non
1541 5127 1661 5194 patiatur
1672 5143 1717 5180 eas
1729 5125 1826 5178 iterum
1834 5125 1940 5194 imponi.

270 5195 393 5248 fodiendo
411 5195 590 5248 substruendo
607 5195 658 5248 iter
675 5191 767 5248 iacere
782 5193 914 5248 Proculus
933 5193 978 5246 ait.
1169 5191 1206 5248 19
1231 5193 1331 5248 Lnnno
1359 5193 1428 5248 libro
1451 5197 1550 5262 quarto
1568 5193 1751 5262 posteriorum
1774 5209 1791 5246 o
1814 5191 1941 5246 dacoleno

307 5259 341 5316 11
367 5261 557 5314 Mouasrrncs
580 5263 647 5314 libro
673 5267 753 5314 scorto
779 5261 993 5330 differentiarum
1027 5261 1079 5314 Pro
1131 5263 1337 5330 epitomatorem
1370 5259 1407 5324 Ei
1423 5259 1522 5324 fundo,
1546 5277 1623 5328 quem
1647 5259 1705 5328 quis
1726 5259 1839 5326 vendat,
1862 5257 1941 5314 servi-

270 5335 348 5398 parte
370 5329 495 5382 donriniifi
518 5329 669 5384 servitutem
693 5329 798 5398 adquiri
821 5343 876 5382 nou
898 5343 976 5396 posse
1003 5329 1079 5396 volgo
1130 5335 1215 5382 tutem
1232 5329 1345 5398 imponi,
1364 5333 1391 5380 et
1409 5327 1460 5380 ιίΗ
1479 5345 1532 5380 ιιι
1551 5329 1621 5382 utilis
1640 5329 1688 5392 sit,
1712 5343 1790 5396 posse
1808 5329 1940 5380 existimo:

306 5503 334 5560 (ll
353 5497 430 5548 Eur.
439 5507 459 5548 3.
468 5509 546 5558 5...13;
564 5499 624 5548 Sub
635 5509 795 5558 1.14...1t.20;
813 5499 951 5562 Pop.t.18;
968 5501 1074 5564 Appia.
1127 5497 1236 5560 attollat,
1245 5503 1274 5548 ut
1280 5499 1448 5548 amoeniorem
1460 5503 1621 5560 prospectum
1627 5503 1737 5560 praestet
1749 5503 1794 5546 ιιι
1807 5499 1833 5548 in
1847 5497 1893 5548 hoc
1907 5495 1944 5558 tid

272 5563 667 5630 -Bas.58‚1.-Cfllnst2‚s;
683 5565 807 5624 Censet
843 5567 876 5630 (2)
894 5565 1076 5632 porpactidctt.
1128 5575 1164 5616 est
1172 5577 1275 5632 propter
1280 5575 1434 5632 prospectum
1442 5567 1608 5628 amoeniorem)
1616 5567 1677 5614 utin
1685 5581 1730 5614 suo
1737 5567 1880 5632 pingatser.

273 5637 304 5696 (a)
323 5631 433 5696 partisF
497 5635 528 5692 tl)
546 5631 684 5696 poteritF¹
761 5635 792 5696 [5)
811 5631 1079 5698 simpliciusnS,sim·
1130 5635 1176 5696 (tu)
1193 5633 1509 5700 sicffl,papiniannsF²S
1547 5635 1548 5638 ’
1583 5635 1623 5696 itt)
1642 5635 1742 5698 ipsiius.
1751 5635 1944 5700 cntlsr'cserc

272 5699 532 5764 pliciterHcl.cnva
601 5701 633 5764 (a)
652 5701 783 5748 dominiF
840 5701 873 5764 (ι)
892 5699 1084 5764 quammagisF
1133 5701 1269 5752 Gondsmr'tl

273 5771 306 5818 tal
324 5767 398 5814 etism
410 5767 519 5826 itineris]
533 5767 738 5818 etiamillamscr.
851 5769 886 5830 (a)
904 5767 982 5818 veluti
989 5767 1080 5818 viridia
