4366 6258
269 369 312 418 99
333 369 367 414 m
389 367 473 414 9199
494 367 702 416 9999999999
1061 349 1123 418 235
1720 359 1826 424 XVIII
1854 365 1910 424 11

268 541 282 590 1
317 533 467 586 1191991999
475 533 569 598 liceat,
584 533 668 602 deque
682 547 714 584 ea
728 547 758 586 re
772 547 805 586 ex
820 537 906 602 empto
917 535 966 604 agi.
994 533 1064 586 Silva
1115 547 1174 586 eum
1188 533 1299 588 fundum
1313 535 1414 602 pignori
1428 539 1554 592 dedisset:
1574 555 1606 592 er
1619 551 1670 604 qno
1686 535 1822 600 colligitur,
1840 537 1911 602 quod

268 603 365 658 caedua
381 601 409 654 in
426 601 630 670 quinquennium
647 599 777 652 venierat:
795 601 986 668 quaerebatur,
1005 615 1064 654 cnm
1115 607 1216 670 emptor
1239 601 1324 654 medio
1346 607 1462 670 tempore
1485 607 1604 658 dominus
1629 603 1699 656 esti:
1723 601 1839 668 alioquin
1862 617 1911 654 999

283 673 338 724 1999
362 667 513 730 1991119991,
537 669 621 722 utrius
644 673 721 720 esset.
749 667 802 720 scic
821 667 938 722 Servium
954 685 1061 736 respon·
1114 673 1130 720 4
1164 667 1258 736 pignus
1267 673 1375 720 teneret.
1409 667 1911 734 119911911999911119999999991991ο

266 691 342 800 disse,
360 737 471 802 primum
488 733 650 802 sequendum
667 749 725 786 esse
739 733 810 802 quod
823 741 962 802 appareret
975 741 1063 788 actum
1114 739 1208 788 octavo
1226 733 1385 802 digestorum
1402 737 1507 802 scripsit
1524 753 1596 802 eum,
1619 739 1663 804 qui
1680 735 1740 790 emit
1756 733 1867 786 fundum
1884 735 1911 786 in

266 821 334 862 esse:
353 803 423 870 quod
440 803 462 856 si
478 801 505 856 in
524 803 635 856 obscuro
654 805 732 866 99991,
749 817 930 870 quaecumque
943 803 1017 870 glans
1031 817 1064 856 ex
1115 799 1196 866 diem,
1220 799 1360 856 interdicto
1383 801 1454 868 quod
1475 803 1501 854 91
1523 811 1570 856 991
1594 805 1661 858 clem
1676 805 1716 858 uti
1732 817 1824 870 posse:
1850 815 1911 854 nam

265 875 304 928 bis
322 871 459 924 arboribus
476 885 543 938 quae
561 883 655 922 caesae
667 885 721 924 non
735 875 825 924 essent
839 869 983 934 cecidisset,
1001 883 1062 922 ven·
1113 869 1165 924 hoc
1182 869 1350 924 interdictum
1367 869 1391 922 ei
1408 869 1540 936 competit,
1559 871 1634 924 99199
1650 869 1760 926 19199991
1776 883 1843 938 opus
1858 883 1911 922 non

266 941 459 1002 diterisesse²,
483 943 660 1002 sementem,
702 937 796 990 99919
813 937 951 990 arboribus
969 937 1064 990 fuisset
1114 935 1642 1004 9999199199,1991999199199911,
1664 939 1692 992 iu
1714 939 1782 992 diem
1805 937 1910 992 addicto

266 1015 279 1064 3
314 955 960 1074 eotemporeoumhaec²oaedereutuaemptoris.
979 1003 1062 1056 Nemo
1114 1011 1140 1058 et
1164 1005 1328 1058 commodum
1350 1009 1377 1056 et
1398 1003 1592 1056 incommodum
1613 1021 1689 1060 crure
1712 1007 1747 1060 ad
1770 1021 1809 1060 em
1829 1011 1912 1058 torem

265 1077 349 1146 991991
366 1073 447 1126 videri
464 1087 522 1126 eam
538 1087 594 1126 rem
610 1071 770 1136 vendidisse,
795 1069 827 1124 de
850 1071 924 1124 cuius
949 1069 1062 1124 dominio
1113 1071 1239 1140 pertinet,
1257 1077 1398 1138 antequam
1414 1069 1528 1124 venditio
1545 1069 1731 1138 transferatur,
1757 1079 1783 1128 et
1799 1023 1872 1138 ideo,
1890 1071 1912 1124 si

264 1143 290 1198 id
306 1141 400 1210 egitur,
419 1141 504 1194 need
521 1147 664 1208 emptorem
681 1141 808 1200 transeat,
827 1136 873 1192 sed
890 1139 941 1192 hoc
959 1143 1006 1190 aut
1022 1139 1061 1192 lo·
1113 1139 1176 1208 quid
1193 1145 1256 1192 1999
1273 1141 1299 1192 91
1321 1145 1368 1192 991
1390 1139 1455 1192 olam
1478 1137 1580 1192 factum
1603 1141 1656 1202 est,
1682 1141 1798 1206 quamvis
1821 1141 1913 1194 melior

265 1209 330 1264 catio
350 1213 390 1260 est
407 1213 454 1260 991
470 1207 559 1260 absidi
575 1221 658 1276 genus
677 1213 838 1260 contractus.

297 1273 332 1332 81
354 1273 504 1330 39999919
518 1275 585 1330 libro
599 1275 710 1344 septimo
719 1273 882 1346 diprstorom
907 1273 993 1328 Titius
1004 1291 1062 1328 cum

263 1351 365 1400 mutuos
383 1345 515 1412 acciperet
527 1347 568 1396 191
582 1357 676 1398 aureos
692 1343 741 1396 sub
757 1341 852 1408 999919,
872 1341 943 1396 dedit
959 1341 1062 1410 pignori

263 1415 315 1468 sive
330 1411 494 1480 hypothecae
510 1411 618 1478 praedia
637 1417 663 1464 et
680 1411 858 1464 fideiussorem
875 1411 1000 1474 Lucium,
1019 1411 1062 1462 cui

263 1477 381 1550 promisit
402 1479 472 1530 intra
488 1477 630 1532 triennium
646 1477 795 1546 proximum
813 1493 841 1530 se
860 1479 1060 1532 9991199919-

263 1561 331 1600 rum:
350 1545 421 1614 quod
438 1543 504 1600 9111
521 1559 574 1598 non
591 1545 684 1600 fecerit
701 1543 744 1598 die
761 1561 841 1614 snpra
855 1545 954 1614 scripte
968 1549 995 1600 91
1009 1545 1060 1600 991-

262 1613 324 1666 99911
333 1613 448 1666 debitum
462 1613 601 1666 fideiussor
615 1613 747 1678 creditori,
763 1615 840 1666 iussit
852 1613 961 1682 praedia
974 1619 1062 1682 empta

264 1681 351 1744 assei,
374 1697 442 1748 qnae
466 1681 639 1734 creditoribus
663 1679 831 1748 obligaverat.
865 1699 978 1750 quaero,
1001 1699 1062 1736 cum

262 1749 331 1802 non⁵
348 1747 383 1800 sit
398 1747 527 1804 liberatus
544 1747 642 1802 Lucius
665 1749 840 1804 fideiussore
858 1751 943 1816 Titio,
967 1765 1015 1814 an,
1038 1749 1062 1804 si

262 1815 363 1870 solverit
380 1815 515 1880 creditori,
539 1823 627 1884 empta
644 1819 754 1870 haberet
771 1833 851 1886 supra
869 1819 968 1888 scripta
984 1831 1061 1886 prae·

261 1883 309 1936 dia.
336 1883 477 1950 respondit,
497 1883 519 1936 si
536 1901 589 1938 non
606 1885 680 1938 utin
698 1899 805 1938 causam
823 1885 997 1954 obligationis,
1016 1883 1062 1938 sed

260 1955 289 2004 ut
306 1955 393 2020 empta
410 1951 514 2014 habeat,
533 1951 580 2004 sub
599 1951 754 2006 condicione
773 1953 868 2020 emptio
886 1953 960 2006 facta
977 1957 1018 2006 est
1034 1957 1062 2008 et

263 2023 272 2070 1
308 2023 473 2072 contractam
486 2035 543 2074 esse
557 2019 751 2088 obligationem.
785 2019 885 2074 Lucius
899 2021 984 2074 Titius
999 2035 1060 2088 pro·

260 2085 327 2138 misit
344 2085 376 2138 da
392 2083 476 2140 fundo
495 2101 542 2140 suc
560 2093 666 2140 centum
683 2087 755 2140 milia
772 2087 919 2140 modiorum
936 2087 1062 2140 frumenti

259 2167 345 2230 annua
369 2161 505 2220 praestare
529 2155 644 2224 praediis
668 2153 728 2206 Gaii
752 2155 817 2208 Seii:
843 2163 938 2278 9199199
961 2155 1060 2210 Lucius

260 2221 342 2274 Titius
359 2221 475 2274 vendidit
491 2221 603 2276 fundum
620 2221 717 2278 additis
740 2223 826 2276 verbis
868 2223 905 2278 is:
925 2229 931 2252 ‘
950 2239 984 2278 uo
1004 2225 1061 2278 iure

260 2295 369 2356 ‘quaque
387 2289 542 2344 condicione
559 2305 591 2344 99
605 2291 715 2358 praedia
729 2291 805 2344 Lucii
820 2291 883 2344 Titii
897 2293 932 2344 ho
953 2291 975 2346 'e
990 2299 1060 2356 9991,

259 2357 302 2408 ‘ita
318 2363 432 2410 veneunt
447 2359 537 2424 itaque
552 2359 744 2410 habebuntur'r
764 2373 876 2426 quaero,
899 2375 935 2412 an
959 2365 1061 2426 emptor

259 2421 321 2476 Gaio
346 2423 405 2476 Seio
429 2425 463 2476 ad
485 2425 691 2492 praestationem
714 2423 840 2478 frumenti
863 2425 899 2478 sit
921 2427 1059 2480 obnoxius.

257 2491 390 2556 respondit
413 2497 556 2560 emptorem
581 2491 649 2546 Gaio
676 2491 736 2546 Seio
764 2491 909 2546 secundum
936 2509 967 2548 ea
993 2509 1062 2562 quae

256 2565 465 2626 proponerentur
482 2559 625 2628 obligatum
643 2575 698 2614 non
716 2575 781 2614 esse.

620 2701 650 2760 11
660 2697 679 2758 ⁰.

434 2799 479 2848 DE
497 2799 534 2848 IN
553 2799 641 2848 DIEM
659 2797 875 2848 coerceretis.

289 2895 301 2950 1
323 2895 441 2950 Pectus
461 2897 529 2950 libro
545 2899 640 3016 991919
659 2899 696 2952 od
712 2897 842 2952 Sabinum
876 2897 995 2950 Indiam
1013 2897 1059 2950 ad-

255 2965 330 3016 dictio
353 2965 391 3016 ita
414 2965 457 3018 iit:
477 2965 529 3016 ‘ille
557 2965 645 3018 99199
665 2971 772 3018 centum
794 2971 851 3018 esto
875 2965 924 3018 tibi
947 2971 1059 3032 emptus,

254 3031 311 3084 ‘nisi
333 3031 356 3084 si
379 3031 436 3098 quis
458 3031 530 3084 intra
554 3031 682 3086 kalendas
700 3033 837 3086 lanuarias
854 3033 988 3100 proximas
1005 3047 1059 3086 me-

254 3099 351 3152 ‘liorem
365 3101 546 3154 condicionem
556 3097 657 3164 fecerit,
675 3115 727 3168 quo
746 3115 789 3154 res
807 3099 943 3154 adomino
962 3099 1059 3154 abeat’

286 3163 303 3220 2
333 3165 477 3220 Uarianos
498 3167 564 3220 libro
588 3169 730 3222 vicensimo
754 3173 847 3222 991999
870 3167 908 3220 ud
930 3165 1059 3220 Salicum

254 3235 377 3300 Quotiens
385 3233 484 3286 fundus
494 3235 521 3286 in
537 3235 606 3286 diem
620 3235 760 3298 addicitur,
776 3241 864 3288 utrum
878 3249 948 3302 pura
962 3235 1058 3304 emptio

254 3309 298 3366 est,
317 3301 430 3356 991991)
449 3301 604 3356 condicione
620 3301 774 3368 resolvitur,
793 3317 827 3354 an
844 3317 906 3354 vero
926 3301 1059 3354 condicio·

252 3371 316 3424 nalis
335 3369 369 3424 sit
385 3369 468 3438 magis
486 3369 592 3438 emptio,
611 3369 773 3438 quaestionis
791 3375 839 3422 991.
868 3376 894 3422 91
909 3369 972 3420 milri
986 3367 1057 3422 vide·

253 3443 293 3490 trrr
310 3439 395 3492 verius
413 3439 554 3502 interesse,
572 3437 635 3504 qnid
653 3441 743 3490 actum
760 3437 808 3490 sit:
833 3451 895 3490 uam
914 3437 936 3490 si
954 3437 1059 3504 quidem

251 3507 300 3560 hoc
319 3511 480 3568 99199991,
504 3509 535 3558 91
555 3505 664 3558 meliore
681 3505 763 3558 allata
781 3505 954 3558 9991191999τ
973 3505 1056 3558 disce·

254 3575 342 3640 datur,
368 3573 417 3628 erit
434 3589 501 3642 pura
519 3573 628 3640 emptio,
648 3589 717 3640 quae
734 3573 783 3626 sub
803 3571 958 3626 condicione
976 3571 1057 3626 resol-

251 3643 330 3694 vitur:
350 3643 390 3694 sin
404 3649 494 3694 autern
508 3643 558 3694 boc
573 3647 664 3694 actum
674 3647 721 3704 est,
737 3647 767 3692 91
782 3639 937 3708 perficiatur
952 3639 1057 3706 emptio,

253 3709 300 3762 nisi
316 3709 408 3762 melior
425 3709 546 3760 condicio
564 3707 706 3770 offeratur,
731 3709 781 3760 erit
803 3709 900 3774 emptio
925 3709 1056 3760 condicio-

254 3783 263 3830 1
298 3777 374 3830 nelis.
410 3775 461 3830 Ubi
475 3775 554 3844 igitur
568 3775 713 3830 secundnm
728 3775 800 3844 qnod
815 3775 980 3828 distinximus
989 3789 1058 3896 9999

251 3843 362 3898 venditio
380 3851 434 3910 est,
451 3843 569 3898 Iulianus
587 3843 680 3898 scribit
697 3843 783 3908 bunc,
808 3843 851 3898 cui
872 3857 915 3896 res
938 3843 966 3896 in
1007 3841 1058 3896 iem

252 3913 355 3966 addicta
373 3919 426 3976 est,
450 3917 477 3966 et
494 3927 642 3978 usucapere
659 3927 738 3980 posse
756 3917 783 3964 91
798 3911 904 3964 fructus
923 3917 948 3964 et
966 3927 1057 3964 acces·

251 3981 334 4034 siones
352 3979 450 4034 lucrari
468 3985 495 4032 et
512 3979 658 4048 pericnlum
675 3979 710 4032 ad
728 3995 788 4032 eum
804 3979 950 4048 pertinere,
975 3979 999 4032 si
1016 3995 1058 4032 res

251 4047 376 4102 interierit

282 4111 300 4172 3
318 4087 436 4170 Pedius
451 4115 519 4168 titre
536 4117 629 4184 quinto
644 4115 681 4168 od
694 4113 822 4168 Sabinam
858 4115 983 4182 quoniam
996 4119 1059 4194 9991

249 4183 381 4238 interitum
403 4183 441 4236 rei
458 4183 511 4236 iarn
529 4199 578 4236 nec
596 4183 695 4236 adferri
712 4183 798 4252 possit
815 4183 907 4236 melior
926 4183 1056 4238 condrei0.

281 4251 300 4306 4
329 4251 474 4306 1199999999
493 4251 561 4306 libro
584 4253 726 4306 vicensimo
750 4255 844 4306 991999
867 4251 906 4306 od
927 4249 1057 4306 Sabinum

250 4317 300 4372 Ubi
317 4325 406 4372 autem
425 4317 614 4372 condicionebs
632 4319 747 4372 venditio
767 4323 821 4382 991,
844 4319 1056 4386 99991Ρ99199η

250 4387 307 4442 9199
330 4401 415 4440 99999
435 4401 479 4440 ere
503 4401 659 4454 99999999
677 4385 847 4440 9991999199
866 4387 900 4440 91
919 4401 979 4440 enm
995 4399 1056 4454 per-

251 4459 261 4506 1
296 4455 386 4508 dcere.
416 4403 630 4508 1191919119999
649 4455 716 4508 libro
734 4455 826 4522 991919
849 4453 951 4510 decimo
975 4469 1056 4522 quae-

248 4525 288 4588 rit,
307 4523 329 4576 si
346 4537 387 4576 res
405 4523 432 4576 19
451 4523 519 4576 diem
536 4521 643 4576 addicta
660 4523 824 4576 interciderit
840 4522 882 4577 vel
899 4525 997 4576 ancilla
1012 4521 1056 4576 de·

250 4591 369 4654 cesserit,
392 4605 428 4642 arr
450 4595 543 4658 partus
561 4591 602 4642 vel
620 4589 723 4644 fructus
743 4591 799 4644 eius
818 4591 924 4644 nomine
942 4591 1054 4644 adiectio

250 4657 350 4710 admitti
376 4657 468 4726 possit.
505 4663 531 4710 91
556 4665 635 4726 negat
659 4657 849 4710 admittendam
872 4657 1056 4722 adiectionem,

249 4725 307 4792 9919
331 4725 439 4778 alterins
461 4725 500 4778 rei
524 4741 603 4792 quam
626 4727 681 4778 9199
707 4741 775 4794 quae
798 4727 928 4780 dIstracta
946 4733 985 4780 est
1004 4743 1056 4780 999

249 4795 261 4844 2
296 4793 363 4846 solet
380 4793 493 4846 adiectio
512 4793 624 4846 admitti.
660 4793 733 4846 Idem
746 4795 865 4848 Iulianus
882 4795 975 4848 eodem
989 4795 1056 4848 libro

248 4859 344 4924 scribit,
363 4861 384 4914 si
402 4875 435 4912 ex
453 4861 556 4914 duobus
575 4861 657 4914 servis
671 4861 762 4930 viginti
776 4861 888 4914 venditis
903 4861 971 4914 9119
988 4861 1056 4916 diem

248 4927 357 4980 addictis
384 4927 450 4982 alter
474 4927 631 4994 decesserit,
659 4929 753 4984 deinde
776 4929 855 4982 unius
882 4929 988 4982 nomine
1011 4929 1056 4998 qui

248 5001 366 5062 superest
384 5001 487 5062 emptor
505 4997 637 5060 extIterit,
662 4999 708 5066 qui
731 5013 814 5066 supra
836 4995 928 5064 viginti
945 4999 1055 5066 promit-

248 5065 327 5126 teret,
351 5079 386 5116 an
404 5063 557 5118 discedatur
574 5079 591 5118 a
608 5065 698 5134 priore
717 5065 876 5120 contractu?
903 5071 930 5116 et
947 5065 984 5116 ait
1002 5065 1055 5118 dis-

248 5129 354 5206 similem
374 5147 432 5186 9999
449 5131 520 5184 hanc
538 5133 654 5200 speciem
672 5139 766 5200 partus
785 5133 874 5200 specie
892 5137 919 5186 91
935 5131 994 5186 1199
1012 5133 1056 5186 lric

248 5193 342 5250 discedi
361 5215 377 5252 a
392 5199 482 5266 priore
500 5201 633 5268 emptione
647 5207 675 5254 et
689 5201 723 5254 91
738 5201 881 5256 secundam
898 5201 1055 5268 9999991911.

248 5265 261 5314 3
295 5263 347 5320 sed,
365 5271 391 5320 et
408 5267 553 5320 Marcellus
570 5269 638 5320 libro
680 5269 755 5322 91919
779 5269 805 5320 11
824 5275 941 5322 99199991
965 5269 1057 5320 scribit

246 5343 308 5450 91919
325 5335 429 5388 vendito
448 5343 474 5388 et
491 5335 518 5386 in
537 5335 606 5388 diem
623 5335 658 5388 ad
687 5341 730 5390 919
748 5285 832 5390 fundo
848 5335 870 5390 si
886 5335 978 5388 melior
993 5351 1056 5388 con·

273 5399 312 5452 cio
329 5401 412 5456 adata
429 5403 472 5466 sit,
490 5417 546 5454 reru
562 5403 668 5470 pignori
685 5419 743 5458 9999
761 5403 895 5468 desinere,
914 5401 936 5454 si
954 5403 1057 5470 emptor

247 5569 274 5632 (1(
293 5571 390 5620 9999111
464 5573 624 5634 (9111991911
704 5575 736 5636 (1)
756 5571 857 5622 aliusF

245 5635 306 5688 Best
374 5643 405 5702 (tl
425 5641 565 5692 ncnScum
574 5639 609 5698 Β,
620 5639 701 5688 om.F

277 5707 309 5764 191
329 5707 387 5758 Sat.
399 5705 823 5770 r...rs;Ecl.re;Pep.oo.-Bcs.
836 5709 866 5758 19
886 5717 899 5758 2
975 5705 1057 5764 (991

246 5773 369 5836 emptione
379 5775 456 5826 1998
507 5779 540 5836 (sl
558 5773 843 5836 secundapervenireF
891 5777 925 5834 (9)
944 5779 993 5822 991
1002 5773 1057 5830 Fet,

926 5569 959 5638 (1)
978 5571 1002 5620 91
1011 5575 1057 5624 199.

1114 1207 1231 1260 condicio
1250 1207 1330 1260 allata
1346 1205 1435 1270 fuerit,
1451 1205 1509 1274 ipse
1527 1201 1591 1258 utile
1607 1203 1773 1260 Interdictum
1790 1207 1911 1262 habebit:

1113 1273 1160 1328 sed
1175 1291 1233 1328 eam
1247 1275 1377 1328 actionem
1391 1275 1459 1330 91991
1474 1273 1585 1336 1999199,
1603 1271 1695 1340 199911,
1712 1291 1777 1342 9999
1794 1275 1913 1346 percepit

1113 1347 1127 1396 5
1162 1343 1260 1396 venditi
1284 1341 1380 1396 iudicio
1406 1347 1608 1410 praestaturum.
1644 1339 1709 1394 Corn
1738 1343 1818 1412 igitur
1848 1351 1913 1398 tuno

1112 1411 1251 1464 recedatur
1265 1411 1299 1464 ab
1315 1411 1445 1480 emptione
1460 1410 1515 1472 (9111
1528 1423 1593 1478 9999
1608 1409 1779 1474 contrabitur)
1796 1411 1914 1466 9911999

1112 1495 1166 1532 999
1190 1477 1330 1546 impleatur
1353 1477 1480 1542 (91119919
1503 1477 1656 1532 condicione
1679 1477 1717 1540 fit,
1742 1493 1801 1530 cum
1823 1481 1914 1534 melior

1113 1545 1233 1600 condicio
1258 1545 1293 1600 sit
1319 1547 1413 1600 allata:
1439 1547 1462 1600 si
1483 1545 1566 1600 falsus
1590 1543 1847 1612 999199991199199
1871 1549 1913 1612 911,

1113 1615 1248 1682 eleganter
1270 1615 1362 1670 scribit
1383 1615 1496 1668 Sabinus
1522 1611 1603 1682 priori
1627 1627 1682 1666 rem
1708 1627 1766 1666 9999
1791 1621 1914 1682 emptam,

1112 1681 1175 1750 9919
1200 1699 1254 1736 999
1278 1681 1380 1738 videtur
1404 1681 1496 1736 melior
1529 1681 1647 1736 99911919
1673 1681 1753 1734 allata
1778 1695 1836 1734 esse
1860 1699 1914 1736 999

1112 1749 1241 1804 existente
1262 1767 1323 1804 vero
1347 1757 1471 1818 emptore.
1499 1749 1546 1804 sed
1563 1749 1629 1804 9191
1646 1749 1740 1804 existat
1758 1747 1825 1802 91199
1843 1765 1914 1816 emp-

1111 1821 1163 1882 tor,
1180 1819 1313 1872 meliorem
1329 1821 1417 1870 tamen
1434 1819 1614 1872 condicionem
1631 1835 1684 1872 non
1701 1813 1812 1880 adferat,
1831 1831 1914 1884 aeque

1115 1885 1254 1938 dicendum
1271 1885 1320 1938 erit
1343 1885 1449 1952 perinde
1473 1885 1579 1948 haberi,
1605 1901 1638 1938 ac
1661 1885 1683 1938 si
1706 1901 1759 1938 non
1782 1885 1914 1938 existeret.

1112 1957 1128 2006 6
1161 1953 1257 2008 Melior
1274 1959 1363 2006 autem
1381 1951 1500 2006 condicio
1525 1951 1622 2006 adferri
1645 1953 1760 2016 videtur,
1784 1951 1807 2008 91
1830 1951 1914 2020 pretio

1112 2021 1146 2076 911
1163 2019 1290 2074 additum.
1318 2019 1407 2086 sedet
1429 2021 1451 2074 91
1474 2021 1539 2074 nibil
1562 2021 1647 2088 pretio
1669 2021 1795 2086 addatur,
1820 2021 1914 2074 solutio

1111 2093 1200 2140 tamen
1224 2089 1350 2142 offeratur
1371 2087 1474 2142 facilior
1496 2089 1574 2156 pretii
1595 2087 1637 2142 991
1658 2089 1799 2152 maturior,
1823 2089 1914 2140 melior

1112 2155 1232 2210 condicio
1251 2155 1349 2208 adferri
1364 2155 1475 2210 videtur.
1502 2161 1639 2224 praeterea
1657 2155 1680 2210 si
1696 2157 1770 2210 19999
1788 2161 1914 2224 9999919-

1112 2223 1172 2278 nior
1190 2223 1314 2278 solvendo
1331 2225 1415 2292 pretio
1433 2223 1551 2288 dicatur,
1576 2239 1658 2292 aeque
1679 2225 1771 2278 melior
1793 2223 1914 2278 condicio

1112 2291 1195 2346 allata
1212 2293 1328 2344 videtur:
1352 2297 1379 2346 et
1400 2291 1438 2344 ita
1454 2293 1616 2358 Pomponius
1639 2291 1706 2346 libro
1729 2293 1914 2344 99999919-

1112 2359 1174 2412 bino
1193 2359 1292 2412 scribit.
1318 2359 1387 2412 idem
1405 2359 1449 2422 ait,
1469 2359 1917 2428 9191999999911999999999191

1112 2425 1147 2478 ad
1171 2425 1342 2494 emptionem,
1366 2441 1449 2496 aeque
1471 2425 1553 2480 videri
1575 2425 1708 2480 meliorem
1735 2425 1915 2480 condicionem

1112 2493 1259 2546 allatam¹¹.
1294 2493 1404 2560 proinde
1429 2495 1452 2548 si
1478 2493 1536 2560 quis
1562 2493 1672 2548 accedat
1696 2493 1814 2546 eiusdem
1839 2493 1917 2562 pretii

1112 2565 1230 2628 emptor,
1254 2561 1301 2614 sed
1324 2561 1370 2628 qui
1391 2561 1531 2614 levioribus
1558 2565 1627 2614 emat
1655 2561 1852 2614 condicionibus
1875 2561 1917 2614 991

1112 2629 1158 2698 qui
1166 2629 1365 2682 satisdationem
1374 2629 1473 2682 nullam
1487 2629 1581 2696 exigat,
1595 2629 1686 2682 melior
1699 2627 1818 2684 condicio
1835 2629 1916 2682 allata

1111 2695 1251 2750 videbitur.
1278 2711 1338 2764 ergo
1356 2695 1425 2750 idern
1442 2695 1493 2750 erit
1508 2695 1674 2764 probandum
1697 2701 1724 2750 91
1746 2695 1770 2750 91
1790 2695 1883 2750 viliore
1892 2695 1913 2728 ²²

1112 2763 1196 2832 999119
1215 2779 1300 2818 emere
1323 2763 1358 2816 911
1380 2769 1505 2832 paratus,
1529 2779 1560 2816 ea
1582 2769 1671 2818 tamen
1692 2765 1823 2830 99911191,
1847 2779 1916 2832 9999

1110 2831 1241 2884 venditori
1256 2831 1347 2898 gravia
1364 2837 1440 2884 erant
1455 2833 1484 2884 19
1499 2833 1587 2898 priore
1604 2833 1743 2900 emptione.

1146 2895 1164 2954 5
1188 2897 1358 2950 Postremus
1377 2899 1445 2952 libro
1466 2913 1539 2952 9999
1562 2899 1599 2952 od
1620 2897 1748 2952 Salicum
1784 2897 1915 2964 Quidquid

1112 2965 1181 3018 enirn
1204 2965 1238 3018 ad
1260 2965 1398 3016 utilitatem
1421 2965 1563 3018 venditoris
1584 2965 1711 3034 pertinet,
1737 2979 1785 3034 pre
1809 2965 1917 3018 meliore

1112 3031 1267 3086 condicione
1283 3031 1374 3086 baberi
1391 3033 1476 3086 debet.

1145 3095 1164 3154 6
1194 3097 1338 3154 orsianus
1358 3099 1424 3154 libro
1447 3101 1590 3154 vicensimo
1613 3105 1705 3154 octove
1729 3099 1767 3154 cd
1788 3099 1917 3154 Sabinum

1109 3167 1177 3220 Item
1199 3165 1271 3234 quod
1289 3167 1388 3220 dictum
1405 3173 1445 3220 991
1461 3165 1566 3220 fructus
1583 3167 1684 3220 interea
1702 3173 1794 3234 captos
1814 3175 1914 3234 empto-

1109 3249 1166 3286 rem
1182 3235 1298 3300 priorem
1316 3235 1404 3300 sequi,
1422 3235 1519 3286 totiens
1537 3249 1626 3286 rerum
1644 3239 1697 3298 est,
1716 3235 1839 3300 quotiens
1856 3235 1915 3288 991-

1109 3301 1150 3354 199
1169 3307 1272 3368 emptor
1288 3301 1384 3364 existit,
1403 3301 1448 3370 qui
1461 3301 1595 3354 meliorem
1610 3301 1790 3354 condicionem
1805 3301 1917 3366 adierat,

1110 3369 1151 3422 991
1166 3367 1252 3424 falsus
1271 3367 1386 3422 exsistit:
1411 3369 1483 3422 91913
1500 3385 1562 3422 vero
1581 3367 1680 3422 exstitit
1703 3373 1806 3436 emptor
1827 3375 1917 3436 poste·

1109 3437 1178 3500 rior,
1200 3435 1305 3490 fructus
1322 3435 1462 3490 refundere
1479 3437 1592 3502 priorem
1610 3435 1706 3490 debere
1730 3443 1848 3502 constat,
1871 3437 1919 3490 sed

1109 3503 1247 3558 venditori.
1274 3511 1301 3556 et
1323 3503 1362 3556 ita
1377 3505 1496 3556 19119999
1520 3505 1586 3556 libro
1605 3503 1823 3572 quadragensimo
1835 3505 1854 3538 ¹⁴
1872 3521 1917 3558 oc·

1112 3577 1122 3624 1
1159 3577 1221 3624 tave
1245 3571 1404 3640 digestorum
1429 3571 1481 3624 scri
1502 3571 1543 3624 sit.
1579 3571 1607 3626 si
1634 3571 1690 3650 9919
1717 3571 1845 3638 extiterit,
1874 3573 1917 3640 qni

1109 3637 1244 3694 meliorem
1262 3639 1477 3692 condicionema
1508 3645 1578 3704 erat,
1603 3639 1696 3692 demde
1718 3639 1791 3706 prior
1816 3645 1917 3708 emptor

1109 3707 1233 3760 adversus
1256 3715 1317 3754 cum
1339 3703 1458 3758 licitatus
1481 3705 1516 3756 sit
1543 3711 1569 3758 et
1595 3721 1678 3772 penes
1701 3721 1761 3760 eum
1786 3709 1885 3776 emptio
1898 3709 1918 3740 ¹⁵

1109 3775 1273 3838 remanserit,
1292 3771 1408 3830 dubitari
1445 3775 1538 3838 eterit,
1560 3777 1650 3826 utrum
1672 3773 1776 3826 fructus
1794 3775 1851 3844 ipse
1868 3775 1916 3826 ba-

1109 3843 1185 3904 beat,
1205 3843 1280 3910 99991
1296 3841 1370 3894 nulla
1386 3791 1494 3896 99911999
1512 3841 1668 3896 condicione
1685 3841 1780 3906 allata,
1804 3859 1839 3896 an
1856 3857 1917 3896 vero

1109 3909 1253 3964 venditoris
1271 3911 1336 3974 sint,
1354 3909 1416 3962 licet
1434 3909 1526 3962 eadem
1544 3909 1724 3978 9119999999,
1742 3911 1917 3978 9999199119-

1108 3993 1164 4030 rem
1183 3977 1479 4030 99991191999199119111.
1507 3977 1577 4044 quod
1594 3977 1662 4030 ratio
1685 3975 1776 4030 facere
1799 3979 1914 4032 videtur:

1108 4045 1228 4100 intererit
1241 4051 1331 4100 tamen
1346 4045 1408 4114 qnid
1424 4045 1477 4098 acti
1490 4045 1536 4098 sit:
1553 4051 1579 4098 91
1592 4045 1631 4098 ita
1639 4045 1801 4114 Pomponius
1817 4045 1910 4100 scribit

1145 4109 1162 4168 7
1182 4111 1302 4168 Parrus
1322 4113 1390 4168 11199
1409 4111 1702 4180 99191999189119919
1736 4113 1813 4168 Licet
1830 4119 1916 4168 autem

1109 4181 1240 4236 venditori
1263 4183 1371 4236 meliore
1393 4183 1475 4234 allata
1499 4183 1654 4236 condicione
1680 4181 1803 4236 addicere
1829 4187 1918 4252 poste-

1109 4249 1181 4312 riori,
1199 4249 1250 4304 nisi
1266 4251 1339 4318 prior
1355 4257 1465 4318 paratus
1484 4249 1518 4304 sit
1535 4249 1596 4318 plus
1613 4249 1719 4304 adicere
1730 4251 1757 4302 ¹⁰.

1144 4313 1161 4372 8
1187 4315 1268 4372 1999
1287 4319 1355 4372 libro
1380 4321 1535 4390 1919999199
1559 4321 1636 4372 tertio
1660 4317 1697 4372 orl
1717 4319 1832 4372 edictum
1865 4315 1919 4372 Ne·

1109 4399 1184 4438 cesse
1199 4393 1287 4438 antem
1301 4387 1410 4440 babebit
1424 4387 1545 4440 venditor
1559 4387 1667 4440 meliore
1676 4387 1830 4440 condicione
1840 4383 1920 4438 allata

1108 4453 1224 4522 priorem
1241 4461 1385 4524 emptorem
1403 4455 1542 4510 certiorem
1559 4453 1656 4520 facere,
1673 4461 1713 4518 ut,
1731 4453 1754 4508 91
1771 4453 1835 4522 9911
1853 4453 1920 4504 alius

1109 4521 1191 4574 adicit
1200 4525 1228 4586 ¹⁷,
1247 4523 1305 4590 ipse
1322 4539 1428 4592 quoque
1445 4525 1550 4578 adicere
1566 4523 1659 4592 possit.

1144 4585 1162 4646 9
1193 4589 1338 4646 Urrrrrvcs
1359 4591 1427 4646 11199
1449 4593 1590 4646 uicensimo
1615 4595 1708 4644 octavo
1730 4587 1767 4642 ud
1791 4585 1920 4642 Sabinum

1108 4657 1224 4712 Sabinus
1242 4657 1335 4712 scribit
1349 4657 1431 4714 licere
1445 4659 1575 4714 venditori
1589 4657 1724 4710 meliorem
1738 4653 1921 4708 condicionem

1108 4725 1226 4780 oblatam
1244 4727 1348 4782 abicere
1366 4729 1494 4798 sequique
1511 4729 1623 4794 primam
1640 4723 1717 4792 quasi
1731 4723 1875 4788 meliorem,
1895 4735 1920 4778 et

1106 4793 1269 4856 1199119199.
1298 4795 1361 4862 quid
1379 4801 1481 4858 tamen,
1505 4795 1528 4846 si
1551 4795 1603 4846 boc
1627 4797 1684 4846 erat
1701 4791 1859 4846 nominatim
1875 4807 1920 4846 ac-

1106 4867 1178 4924 tum,
1203 4867 1233 4914 ut
1257 4861 1350 4916 liceret
1372 4865 1472 4916 resilire
1497 4861 1609 4928 emptori
1631 4859 1739 4912 medere
1766 4861 1922 4916 condicione

1108 4931 1209 4984 allata?
1233 4929 1374 4982 9119991999
1389 4933 1438 4984 erit
1452 4929 1609 4984 dissolutam
1622 4927 1737 4996 priorem
1753 4929 1921 4998 emptionem,

1109 4997 1212 5050 etiamsi
1229 4997 1350 5052 venditor
1368 5003 1522 5068 sequentem
1540 5011 1593 5050 non
1611 4993 1741 5050 admittat.

1145 5065 1182 5122 10
1202 5065 1347 5122 ferientis
1367 5067 1435 5122 libro
1454 5065 1532 5118 terlio
1550 5063 1651 5116 91991199
1669 5063 1834 5134 [1199999999
1870 5065 1921 5120 Sed

1109 5133 1131 5186 si
1149 5139 1316 5202 proponatur
1334 5149 1350 5188 a
1369 5133 1499 5188 creditore
1515 5131 1611 5200 pignus
1631 5131 1660 5186 in
1684 5131 1752 5188 diem
1775 5135 1921 5198 addictum,

1109 5217 1164 5254 non
1182 5207 1272 5272 potest
1287 5203 1372 5256 videri
1388 5203 1460 5254 bona
1482 5197 1536 5252 1119
1559 5201 1693 5268 negotium
1718 5203 1776 5270 agi,
1799 5203 1851 5256 nisi
1874 5203 1922 5254 ad-

1109 5269 1188 5322 iectio
1207 5269 1358 5338 recipiatur.
1386 5267 1529 5336 99119999
1555 5275 1608 5332 est,
1634 5269 1751 5340 9119999
1776 5277 1880 5338 emptor
1898 5275 1923 5324 et

1109 5337 1292 5406 impediendae
1301 5335 1484 5388 tantummodo
1495 5335 1652 5392 venditionis
1667 5353 1749 5392 causa
1763 5337 1923 5392 intervenit?

1109 5411 1199 5472 potest
1217 5401 1332 5458 creditor
1349 5403 1407 5456 sine
1424 5403 1542 5470 periculo
1560 5407 1643 5474 priori
1661 5405 1773 5476 emptori
1790 5407 1922 5460 addicere.

1110 5571 1237 5622 essetf?em
1314 5573 1358 5632 (191
1378 5571 1587 5638 quadragensimo
1595 5575 1636 5626 F2
1705 5579 1746 5638 (11)
1764 5573 1923 5624 99991991Ἰ

1110 5641 1155 5700 (12)
1173 5635 1293 5686 vilioriF
1393 5641 1435 5700 (11)
1453 5641 1536 5692 simF
1634 5645 1678 5704 (14)
1697 5641 1918 5706 octagensinroscr.

1110 5709 1154 5768 (191
1172 5703 1290 5766 emptoF
1355 5711 1400 5770 (19)
1418 5707 1533 5758 addicere
1544 5713 1569 5760 F
1632 5707 1826 5774 (9991119111Ἶ

1667 5857 1716 5908 aa*
