4366 6258
857 595 1016 688 INDEX
1042 589 1336 686 1110108071

476 887 975 1004 Institutionum
1020 877 1418 1000 arausicana
1461 877 1704 994 00171078.

642 1535 681 1602 Α.

261 1663 291 1716 717
309 1669 409 1732 abigeis
442 1667 474 1716 D.
493 1669 534 1730 47,
554 1669 584 1718 14
620 1669 645 1718 G
665 1671 689 1730 9,
707 1669 748 1718 37.

262 1733 291 1784 77
308 1735 419 1798 generali
401 1735 519 1786 77777677
498 1739 579 1786 itione
614 1733 639 1786 0.
658 1739 682 1800 9,
700 1735 732 1786 43

262 1803 291 1852 de
309 1801 495 1852 abolitionibus
515 1801 540 1852 0.
558 1803 582 1864 9,
599 1803 632 1852 42

262 1867 294 1918 77
311 1873 380 1918 senat
380 1885 409 1918 us
369 1869 525 1918 teonsalt
514 1873 567 1918 tarn
584 1867 769 1934 Turpillianum
791 1867 816 1918 77
833 1867 864 1918 77
881 1849 1068 1918 abolitionibus

312 1935 445 1986 eriminum
478 1937 512 1986 D.
530 1939 600 2002 48,1
590 1939 620 1988 16

263 2005 292 2056 77
310 2005 510 2088 acceptilatione
542 1975 575 2056 D'.
593 2005 635 2068 46,
653 2009 668 2056 4

263 2071 292 2122 de
310 2077 408 2134 accepte
390 2071 597 2124 77777777777770
617 2073 639 2136 8,
657 2077 690 2126 43

263 2141 291 2188 77
309 2141 520 2190 accusationibus
538 2143 563 2190 et
578 2113 783 2206 inscriptionibus
816 2137 849 2188 D
869 2139 910 2200 48,
923 2139 939 2188 2
969 2133 995 2186 0
1013 2137 1038 2200 9,
1055 2137 1070 2188 2

263 2223 318 2272 aeq.
335 2223 360 2256 n.
377 2207 436 2272 adq.

262 2275 291 2324 de
309 2277 412 2324 actione
429 2275 576 2324 exercitoria
609 2273 643 2326 D.
663 2279 702 2338 14,
722 2279 734 2326 1

262 2343 291 2392 de
309 2343 413 2392 77777777
429 2357 513 2392 rernm
530 2343 668 2392 amotarum
701 2343 736 2392 D.
754 2343 795 2404 25,
812 2341 828 2392 2

263 2411 292 2458 77
311 2411 456 2458 actiones
431 2409 595 2472 pignoraticia
631 2409 656 2460 0.
674 2413 699 2472 4,
716 2411 750 2460 24

262 2477 291 2524 77
308 2479 411 2526 actione
427 2477 562 2526 tributaria
596 2475 631 2526 D.
651 2479 690 2540 14,
708 2479 725 2528 4

262 2545 291 2594 de
309 2545 420 2592 heredita
421 2543 503 2594 level
520 2545 623 2594 77777777
640 2545 741 2594 vendita
773 2543 807 2592 D.
830 2545 867 2606 18,
884 2545 902 2594 4
937 2539 963 2594 0.
982 2545 1005 2606 4,
1024 2543 1056 2594 39

263 2611 292 2660 77
310 2613 457 2662 actionibus
493 2611 516 2662 J.
535 2615 559 2674 4,
577 2613 592 2662 6

263 2679 293 2728 de
310 2681 458 2728 actionibus
475 2679 552 2744 empti
531 2679 594 2728 777
610 2677 707 2728 venditi
740 2677 773 2728 Β.
794 2679 833 2740 19,
853 2681 865 2728 1
904 2677 930 2728 0.
947 2681 972 2742 4,
991 2679 1023 2728 49

262 2747 291 2796 de
309 2749 457 2796 actionibus
473 2747 632 2796 hereditariis
668 2745 693 2796 0.
711 2749 736 2810 4,
758 2747 786 2798 16

263 2815 293 2864 de
311 2819 399 2862 actore
416 2829 477 2862 aa
448 2815 477 2862 tn
477 2817 531 2864 tore
548 2829 591 2864 seu
608 2817 723 2866 curatore
741 2811 823 2864 dendo
859 2809 884 2862 0
903 2813 927 2876 5,
945 2813 977 2862 61

262 2881 292 2932 77
308 2881 399 2932 itinere
417 2887 530 2946 actaque
545 2881 643 2944 privato
677 2881 769 2942 D.43‚
792 2881 819 2932 19

263 2949 298 2998 ad
315 2947 480 2998 exhibendum
514 2949 547 2998 D.
567 2951 606 3012 10,
623 2953 640 3002 4
677 2947 702 2998 0.
721 2953 745 3014 3,
762 2917 795 2998 42

263 3017 298 3066 ad
314 3013 394 3080 legem
411 3015 539 3080 Aquiliam
573 3015 606 3066 D.
623 3019 648 3078 9,
667 3019 682 3068 2

263 3085 298 3134 ad
313 3083 393 3148 legem
410 3083 552 3134 Corneliam
569 3083 599 3134 de
615 3055 685 3134 falsis
719 3079 746 3134 0.
764 3083 796 3146 9,
806 3083 839 3134 22

263 3151 298 3202 ad
314 3151 394 3214 legem
411 3151 552 3202 Corneliam
570 3151 600 3202 de
617 3151 713 3202 77777777
749 3147 774 3202 0
793 3151 868 3214 9,16

263 3219 393 3284 adlegans
413 3219 555 3270 Corneliam
572 3219 715 3270 desideriis
732 3189 888 3270 etvariefieis
922 3217 955 3268 D.
974 3219 1047 3282 48,8

263 3289 298 3338 ad
313 3287 393 3352 legem
409 3289 512 3340 Fabiam
550 3287 576 3340 0.
594 3291 619 3352 9,
637 3291 669 3340 20

263 3357 298 3406 ad
314 3355 393 3420 legem
410 3355 549 3406 Falcidiam
581 3357 615 3406 D.
634 3357 708 3420 35,2
745 3353 770 3406 0.
789 3355 813 3418 6,
832 3357 865 3406 59

265 3425 301 3474 ad
317 3423 397 3488 legem
413 3423 506 3474 Iuliam
523 3425 553 3476 de
570 3423 702 3476 adulteriis
718 3421 861 3472 coercendis
894 3421 927 3472 D.
946 3427 987 3486 48,
1005 3427 1020 3476 5

263 3493 299 3540 ad
314 3491 393 3556 legem
410 3491 503 3542 Iuliam
521 3493 552 3544 de
569 3493 639 3544 adult
641 3493 742 3544 eriiset
731 3491 789 3542 177
806 3493 892 3556 stupra
928 3491 954 3544 0.
972 3493 1029 3554 9,9

263 3559 393 3622 adlegare
412 3559 504 3610 Iuliam
521 3559 552 3610 de
568 3561 664 3610 ambitu
700 3559 726 3612 0.
744 3559 768 3622 9,
786 3559 819 3610 26

263 3627 299 3676 ad
314 3627 393 3690 legem
410 3627 501 3676 Iuliam
521 3629 550 3678 de
566 3629 593 3678 77
609 3627 708 3694 privata
740 3625 773 3676 D.
794 3629 836 3688 48,
855 3627 870 3676 7

263 3695 394 3758 adlegans
411 3697 501 3744 Iuliam
520 3697 549 3746 77
566 3697 591 3746 vi
607 3695 709 3762 publiea
742 3693 775 3744 D
794 3697 835 3758 48,
854 3697 870 3746 6

263 3763 298 3814 ad
314 3763 393 3826 legem
410 3763 501 3814 lutiam
519 3763 549 3814 de
566 3765 591 3814 vi
608 3763 710 3828 publica
727 3777 770 3814 seu
786 3761 885 3826 privata
921 3759 946 3812 0.
966 3765 990 3824 9,
1010 3763 1039 3814 12

263 3831 298 3880 od
312 3829 393 3894 legem
410 3831 501 3880 Iuliam
520 3831 656 3882 maiestatis
689 3831 720 3882 D.
741 3831 782 3892 48,
799 3833 815 3880 4
851 3829 876 3880 0.
895 3831 919 3892 9,
938 3831 953 3880 8

262 3899 298 3948 od
312 3897 392 3962 legem
409 3899 501 3948 Iuliam
518 3899 647 3964 peorrlatus
673 3901 699 3950 et
719 3899 750 3952 de
766 3865 894 3962 sbcrilegis
916 3901 941 3946 et
965 3897 995 3948 77
1011 3901 1071 3950 resi-

311 3967 368 4014 duis
401 3967 433 4016 D.
452 3969 492 4030 48,
515 3969 543 4018 13

263 4033 298 4082 ad
314 4033 394 4096 legem
410 4005 503 4084 Iuliarir
519 4033 712 4100 repetundarum
748 4033 773 4084 0.
792 4037 816 4096 9,
833 4033 865 4084 27

262 4101 298 4150 ad
314 4099 393 4164 legem
410 4099 539 4150 Viselliam
574 4101 599 4154 0.
618 4105 642 4166 9,
660 4105 690 4152 27

262 4169 297 4218 ad
314 4165 531 4232 municipalemet
520 4167 579 4218 tde
594 4141 685 4220 inablis
717 4169 751 4218 D.
770 4171 810 4234 59,
832 4171 842 4218 l

262 4237 297 4286 ad
312 4239 381 4286 senat
383 4251 411 4284 ns
371 4233 524 4284 1177777777
514 4239 567 4284 tum
587 4237 796 4288 Macedonianum
831 4231 867 4286 0.
868 4237 900 4298 4,
917 4237 949 4288 28

263 4305 299 4354 ad
314 4321 372 4354 sena
373 4307 413 4352 us
373 4301 528 4352 consul
528 4319 571 4350 um
589 4303 739 4354 Orfitianum
773 4303 800 4356 0.
818 4307 843 4368 6,
860 4305 892 4356 57

262 4373 297 4422 ad
312 4375 411 4422 senatus
371 4367 570 4420 teonsultum
588 4369 773 4422 Tertullianum
809 4371 834 4422 0.
854 4375 879 4434 6,
896 4373 929 4424 56

262 4441 297 4488 ad
308 4443 379 4490 senat
380 4455 409 4488 us
369 4437 516 4490 ttconsul
518 4437 624 4488 umTert
624 4437 783 4488 ulliaunmet
772 4439 860 4490 ttOrfi'
853 4453 939 4488 renum
950 4439 984 4492 D.
991 4441 1032 4504 38,
1041 4441 1069 4494 17

263 4505 772 4558 7777771771777771177717771771177777777
806 4507 898 4570 1736,
919 4509 931 4558 1
968 4507 1028 4570 0.,6
1038 4513 1071 4560 49

263 4575 299 4624 ad
316 4579 414 4624 senatus
431 4573 530 4624 consul
519 4577 573 4624 um
589 4571 777 4636 Turpillianum
813 4571 839 4624 0.
861 4577 885 4636 9,
904 4579 936 4626 45

263 4643 298 4692 ad
314 4645 383 4692 senat
384 4659 412 4692 us
372 4641 528 4692 ttoonsul
517 4647 570 4692 tum
586 4639 773 4706 Turpillianum
795 4643 820 4690 et
842 4641 873 4692 de
892 4641 1071 4728 abolitionibus

312 4711 446 4760 eriminum
478 4711 511 4762 D.
530 4711 571 4774 48,
590 4711 621 4762 16

263 4777 297 4828 ad
314 4781 413 4828 senatus
437 4777 578 4828 consultum
597 4775 755 4828 Velleianum
789 4771 823 4822 D.
843 4777 915 4834 16,1
952 4775 978 4828 G.
996 4781 1070 4844 4,29

262 4845 336 4894 dein
355 4845 419 4896 diem
437 4847 588 4896 adductans
621 4847 654 4898 D.
675 4847 714 4908 18,
731 4845 746 4894 2

261 4915 291 4962 de
310 4913 476 4978 ademptione
492 4915 632 4978 legeorum
667 4915 691 4966 J.
707 4883 732 4978 2,
750 4911 782 4962 21

261 4981 291 5032 77
308 4981 472 5046 ademptione
488 4983 590 5032 libertat
553 4981 612 5032 tatis
643 4983 682 5032 D.
695 4985 737 5046 40,
755 4981 771 5030 6

260 5049 291 5098 77
308 5047 420 5112 legitima
437 5051 616 5114 adgnatorum
632 5051 785 5100 successione
818 5045 842 5096 J.
860 5047 883 5110 3,
901 5047 938 5116 2

261 5117 291 5164 77
308 5115 420 5180 legitima
438 5119 527 5180 adgna
529 5121 616 5166 torum
632 5121 673 5168 tut
662 5117 711 5168 tela
745 5113 769 5168 J.
790 5115 861 5176 1,15

260 5183 291 5232 de
308 5185 453 5234 adimendis
470 5185 510 5236 vel
526 5185 704 5236 transferendis
719 5149 812 5248 legetis'
826 5117 866 5230 7751
877 5179 1068 5232 fideicommissis

294 5251 420 5314 D.,344

1118 1527 1149 1578 de
1166 1527 1351 1578 adluoionibus
1372 1525 1398 1578 at
1419 1525 1553 1594 paludibus
1575 1527 1600 1578 et
1622 1527 1651 1580 de
1673 1527 1769 1594 pascuis
1793 1529 1824 1580 ad
1848 1527 1924 1580 alium

1169 1599 1260 1648 statum
1276 1595 1403 1646 translatis
1438 1597 1462 1648 0.
1482 1599 1506 1660 7,
1523 1599 1554 1648 41

1119 1665 1149 1716 77
1166 1611 1395 1714 iameaesbeaane
1418 1665 1443 1714 71
1462 1633 1624 1728 peiiculotu
1607 1665 1707 1714 7717777777
1732 1669 1757 1714 77
1782 1641 1926 1714 curatorum

1140 1733 1215 1796 qui
1237 1733 1365 1796 gesserint
1382 1730 1433 1790 771
1448 1747 1499 1790 non
1523 1735 1548 1782 71
1570 1731 1600 1780 77
1622 1729 1753 1794 agentibus
1775 1729 1815 1780 7771
1839 1747 1926 1780 eonve-

1086 1811 1088 1816 ·
1170 1801 1268 1850 niendis
1285 1815 1336 1850 uua
1353 1799 1393 1852 vel
1409 1783 1525 1864 pluribus
1559 1799 1592 1850 D.
1612 1801 1652 1864 26,
1670 1803 1683 1848 7

1118 1865 1151 1918 de
1169 1865 1398 1918 administratione
1410 1883 1498 1918 rerum
1515 1867 1547 1918 77
1565 1837 1652 1952 7177171
1652 1881 1677 1918 as
1687 1865 1821 1932 pertinent
1814 1883 1866 1918 rum
1894 1867 1927 1916 D.

1121 2003 1152 2052 de
1169 1973 1398 2062 administratione
1415 2017 1499 2052 rerum
1516 2001 1673 2068 publicarum
1709 2001 1734 2054 0.
1755 2007 1794 2068 11,
1811 2005 1838 2056 31

1121 2071 1152 2120 77
1170 2071 1398 2122 administratione
1415 2073 1443 2118 tn
1445 2073 1527 2120 torum
1542 2075 1567 2122 et
1578 2073 1648 2120 curat
1649 2085 1719 2120 orum
1737 2073 1761 2122 et
1777 2041 1807 2122 de
1822 2071 1927 2136 pecunia

1172 2137 1292 2204 pupillari
1309 2137 1447 2188 1777777777
1460 2137 1510 2188 vel
1517 2137 1661 2204 deponenda
1697 2137 1722 2188 0.
1740 2143 1763 2204 5,
1781 2143 1812 2192 37

1123 2207 1153 2258 77
1171 2209 1375 2272 adoptionibus
1389 2207 1413 2258 J.
1433 2209 1455 2268 1,
1475 2209 1504 2258 11
1541 2207 1566 2258 G.
1587 2209 1611 2270 8,
1629 2209 1659 2258 47

1123 2275 1153 2326 77
1171 2275 1356 2340 adoptionibus
1372 2277 1397 2324 et
1410 2275 1536 2338 emancipe
1537 2245 1685 2326 tionibuset
1700 2275 1755 2326 aliis
1776 2275 1855 2324 medis
1873 2275 1926 2338 qui-

1172 2341 1218 2392 bus
1234 2345 1342 2406 potestas
1358 2341 1464 2392 solvitur
1496 2343 1530 2392 D.
1550 2345 1572 2404 1,
1590 2345 1604 2392 7

1123 2409 1152 2460 77
1170 2411 1338 2474 adquirendo
1355 2413 1380 2460 et
1396 2411 1525 2460 retinenda
1541 2411 1692 2472 possessione
1727 2409 1752 2460 0.
1770 2413 1794 2472 7,
1812 2411 1843 2460 32

1123 2479 1153 2528 77
1170 2477 1225 2528 iura
1243 2475 1396 2528 deliberandi
1419 2479 1444 2528 77
1460 2477 1490 2528 77
1507 2477 1620 2528 adeunda
1643 2477 1682 2528 vel
1700 2479 1864 2542 adquirenda
1885 2479 1926 2526 he·

1174 2545 1278 2596 realitate
1314 2545 1340 2596 0.
1358 2547 1382 2610 6,
1400 2547 1432 2596 30

1124 2613 1153 2664 77
1172 2611 1336 2676 adquirenda
1352 2611 1393 2662 rel
1409 2611 1545 2662 amittenda
1561 2615 1710 2678 possessione
1744 2613 1776 2664 D.
1794 2617 1836 2678 41,
1854 2615 1869 2664 2

1124 2679 1154 2730 77
1172 2679 1336 2744 adquirenda
1354 2679 1393 2730 rel
1410 2681 1547 2730 omittenda
1563 2681 1700 2732 hereditate
1733 2683 1765 2730 D.
1784 2683 1824 2746 29,
1842 2683 1857 2732 2

1124 2749 1154 2798 de
1172 2749 1335 2812 adquirendo
1354 2763 1437 2798 rernm
1454 2747 1565 2798 dominio
1598 2749 1630 2798 D.
1648 2751 1689 2812 47,
1709 2751 1719 2798 1

1124 2815 1154 2866 77
1172 2815 1350 2878 adquisitione
1365 2831 1410 2880 per
1426 2815 1612 2880 abrogationem
1646 2817 1669 2866 J.
1689 2821 1712 2880 3,
1732 2819 1761 2868 10

1124 2883 1154 2932 de
1172 2883 1322 2932 adsertione
1338 2883 1449 2934 tollenda
1484 2883 1509 2936 0.
1527 2887 1551 2946 7,
1571 2887 1599 2936 17

1124 2951 1155 3002 77
1172 2951 1350 3070 adsessoribus
1373 2953 1398 3002 et
1421 2951 1560 3002 domesticis
1586 2953 1611 3002 et
1634 2949 1788 3002 cancellariis
1816 2949 1927 3000 indicam

1197 3021 1245 3082 .1,
1264 3021 1294 3072 51

1124 3085 1155 3136 de
1171 3085 1254 3136 officio
1271 3087 1434 3136 adsessorum
1466 3085 1500 3136 D.
1520 3089 1542 3150 1,
1559 3089 1591 3138 22

1124 3155 1155 3204 de
1172 3153 1346 3218 adsignandis
1361 3153 1458 3204 libertis
1493 3153 1519 3204 0.
1538 3157 1579 3214 38,
1596 3157 1613 3206 4

1124 3223 1155 3272 77
1172 3223 1358 3286 adsignatione
1373 3221 1520 3274 libertorum
1535 3283 1536 3286 Ἴ
1553 3223 1578 3274 J.
1595 3225 1619 3288 3,
1637 3225 1652 3274 8

1124 3289 1155 3340 ad
1171 3289 1251 3354 legem
1268 3289 1359 3340 Iuliam
1377 3291 1407 3342 de
1425 3291 1563 3340 adulteriis
1580 3291 1719 3342 coereendis
1753 3289 1785 3342 D.
1803 3295 1844 3356 48,
1862 3295 1877 3344 5

1123 3359 1155 3408 77
1172 3359 1251 3422 legem
1268 3357 1359 3408 Iuliam
1377 3359 1407 3410 de
1424 3359 1563 3410 adulteriis
1580 3361 1605 3410 et
1622 3361 1651 3410 de
1668 3365 1753 3424 stupro
1789 3361 1815 3412 0.
1832 3363 1857 3424 9,
1874 3361 1889 3412 9

1124 3427 1249 3478 aduersus
1265 3427 1412 3478 creditorem
1448 3427 1473 3478 0.
1492 3431 1516 3486 7,
1534 3429 1566 3480 36

1124 3493 1154 3544 77
1172 3495 1306 3544 aduocatis
1322 3495 1474 3546 diversorum
1490 3493 1641 3544 iudiciorum
1676 3493 1701 3544 0.
1720 3495 1743 3556 2,
1761 3497 1775 3544 7

1125 3561 1165 3626 [77
1183 3561 1318 3612 aduocatis
1334 3563 1487 3614 7777777777
1504 3563 1616 3614 iudicum
1651 3561 1677 3614 0.
1695 3565 1718 3628 2,
1736 3565 1760 3626 7,
1778 3561 1821 3628 20]

1124 3629 1153 3680 77
1171 3631 1305 3682 aduocatis
1321 3631 1374 3680 lisei
1409 3631 1436 3682 C.
1454 3631 1510 3692 2,8

1124 3696 1154 3748 77
1172 3697 1300 3760 aedificiis
1316 3699 1420 3762 privatis
1455 3697 1480 3748 0.
1499 3699 1522 3762 8,
1542 3701 1572 3748 10

1124 3765 1154 3814 de
1172 3765 1301 3816 aediliciis
1317 3767 1458 3816 actionibus
1492 3765 1518 3818 0.
1536 3771 1560 3830 4,
1578 3767 1610 3816 58

1124 3833 1154 3882 de
1171 3833 1293 3950 appdilieio
1320 3835 1401 3884 edicto
1422 3835 1447 3886 et
1471 3833 1639 3884 redhibitione
1662 3833 1687 3880 et
1712 3831 1800 3892 quanti
1825 3831 1927 3882 minaris

1202 3903 1298 3964 .21,1

1123 3969 1168 4032 qui
1185 3971 1211 4018 et
1227 3983 1242 4018 a
1259 3967 1350 4032 quibus
1366 3967 1509 4018 manumissi
1526 3967 1600 4018 libari
1616 3981 1667 4016 non
1684 3965 1749 4016 fiunt
1764 3969 1788 4018 et
1805 3967 1836 4018 77
1847 3967 1926 4032 legem

1173 4035 1277 4086 Aeliam
1293 4037 1404 4086 Sentium
1437 4037 1470 4084 D.
1490 4037 1530 4098 40,
1547 4037 1563 4084 9

1124 4103 1154 4154 77
1172 4107 1352 4156 aesdnzatwria
1385 4103 1417 4154 D.
1438 4105 1476 4164 19,
1494 4105 1509 4154 3

1124 4171 1154 4222 de
1171 4173 1332 4236 agmantus
1325 4187 1353 4222 77
1370 4171 1443 4220 rebus
1478 4167 1503 4218 0.
1523 4171 1562 4232 12,
1580 4171 1611 4220 20

1122 4239 1152 4290 77
1169 4241 1383 4304 agnoscendist
1359 4255 1371 4288 e
1373 4235 1494 4286 talendis
1511 4207 1596 4288 ubine
1613 4235 1651 4288 val
1667 4235 1811 4300 parentibus
1827 4237 1867 4290 vel
1883 4255 1926 4302 pa·

1173 4307 1253 4356 tronis
1269 4306 1308 4355 vel
1325 4305 1422 4356 libertis
1454 4303 1487 4352 D.
1506 4305 1547 4366 25,
1565 4309 1580 4356 3

1123 4375 1152 4424 77
1170 4373 1298 4438 agricola
1314 4371 1413 4422 censitis
1430 4369 1470 4420 vel
1487 4343 1581 4420 oololris
1616 4371 1642 4422 0.
1663 4376 1702 4426 7.7
1663 4375 1752 4424 748

1122 4441 1205 4492 aer
1169 4441 1307 4554 agricolis
1319 4443 1344 4490 et
1364 4439 1495 4504 mancipiis
1517 4441 1647 4492 dominicis
1670 4439 1710 4492 771
1731 4439 1854 4490 tsedibus
1875 4441 1926 4490 sire

1172 4509 1210 4558 rei
1226 4509 1336 4572 privatae
1372 4505 1398 4558 0.
1419 4509 1456 4570 11,
1475 4511 1506 4558 68

1122 4575 1229 4626 dealba
1247 4573 1376 4624 scribendo
1409 4573 1442 4624 D
1460 4579 1501 4640 50,
1519 4579 1534 4628 3

1122 4645 1152 4694 77
1170 4643 1330 4692 aleatoribus
1363 4639 1397 4692 D.
1418 4645 1455 4704 11,
1434 4647 1489 4696 15

1122 4711 1152 4760 de
1169 4711 1242 4758 aleae
1257 4709 1315 4758 lusu
1333 4711 1358 4758 71
1373 4707 1524 4762 aleatoribus
1559 4711 1584 4762 0.
1602 4713 1626 4776 3,
1643 4713 1676 4764 43

1122 4777 1152 4826 77
1169 4777 1271 4828 7777777777
1287 4775 1371 4828 liberis
1389 4793 1417 4828 77
1434 4779 1579 4844 parentibus
1614 4751 1639 4828 0.
1658 4783 1681 4840 5,
1700 4781 1731 4830 25

1122 4843 1152 4894 77
1168 4843 1329 4910 agnoscendis
1346 4847 1371 4896 et
1388 4847 1488 4896 alendis
1505 4845 1590 4896 liberis
1613 4847 1652 4898 rel
1668 4847 1812 4912 parentibus
1829 4847 1926 4910 reip

1172 4911 1251 4962 tronis
1267 4911 1419 4966 vallabaris
1453 4915 1486 4964 D
1504 4917 1544 4978 25,
1563 4917 1578 4966 3

1122 4979 1152 5030 77
1168 4981 1193 5032 Α
1195 4981 1350 5032 tessandriae
1365 4983 1514 5048 primatibus
1549 4981 1575 5034 0.
1595 4987 1635 5046 11,
1651 4983 1683 5034 29

1122 5047 1152 5096 de
1174 5047 1332 5178 plionatione
1357 5051 1447 5100 indicii
1474 5065 1516 5098 mn
1517 5049 1587 5100 tendi
1614 5065 1687 5100 eausa
1713 5049 1778 5114 17717
1811 5049 1843 5098 D.
1863 5049 1893 5110 4,
1910 5047 1925 5098 7

1121 5183 1152 5232 77
1169 5181 1300 5234 altercatis
1316 5185 1414 5266 pupillo
1432 5183 1584 5248 praestandis
1620 5183 1646 5234 0
1665 5189 1689 5248 5,
1706 5189 1738 5236 50

1121 5249 1151 5300 77
1169 5249 1300 5302 alimentis
1317 5253 1357 5302 vel
1374 5253 1474 5302 cibariis
1490 5253 1581 5320 legatis
1613 5251 1646 5306 D
1664 5255 1737 5312 341

1693 5333 1726 5392 A.
