4366 6258
240 381 358 430 mern
703 367 707 370 ·
924 297 925 300 Ὺ
1026 349 1089 418 aar
1429 365 1430 368 Ν
1699 355 1893 418 xrrnne

270 549 287 610 8
304 551 470 606 Porrorrns
485 549 554 604 birro
571 553 650 604 sexto
667 549 705 602 od
716 547 846 604 Sabinam
873 549 936 604 lion
953 549 1038 604 solum
1090 543 1219 622 quasdem
1236 561 1352 600 summas
1371 555 1398 602 et
1415 563 1517 604 serrum
1535 541 1742 622 adhnclErotem
1759 543 1786 592 et
1802 547 1898 610 postca

244 631 350 682 nostram
367 619 519 680 debitorem,
539 615 587 670 sed
604 621 631 670 et
646 615 752 670 heredis
770 623 797 670 et
815 618 955 672 cuiuslibet
972 617 1038 670 alte
1089 609 1203 688 liberum
1220 613 1355 680 accepisse
1373 631 1458 684 neque
1475 617 1503 668 in
1520 631 1566 668 eas
1582 617 1707 674 rationes,
1725 621 1793 676 qnae
1811 623 1827 660 a
1841 607 1897 660 Lu·

246 699 255 748 l
285 691 336 744 rins
353 691 383 740 nt
399 685 552 750 liberetur¹,
570 685 660 750 legare
677 699 827 750 possumus.
855 685 947 740 Potest
961 687 1038 740 heres
1091 693 1131 732 010
1156 677 1226 732 Tit-io
1250 679 1417 748 subscriptae
1441 689 1517 748 sunl,
1542 679 1693 736 1111ῑὶ1185θῆ
1721 691 1833 744 (tutem,
1862 691 1898 754 {tn

245 755 357 820 damnari,
374 757 405 806 ut
422 751 457 806 ad
474 757 577 806 certum
593 757 698 820 tempus
716 769 771 806 non
784 759 860 820 petat
874 769 891 804 a
905 753 1037 808 debitore:
1090 745 1200 800 heredes
1219 745 1253 800 ab
1270 745 1354 800 Erote
1371 749 1436 800 nibil
1453 751 1557 818 exigere
1574 749 1671 802 debent
1688 745 1743 800 eius
1761 749 1896 812 temporis,

243 827 282 884 sed
301 823 355 878 sine
378 819 458 874 dubio
482 835 532 872 nec
554 819 687 872 liberare²
710 835 771 872 eum
791 821 862 874 intra
884 819 912 872 id
933 825 1038 886 tempus
1090 829 1143 880 quo
1160 813 1262 868 Lucius
1280 813 1367 868 Titius
1388 817 1553 884 subscripsit.
1589 813 1715 886 respondi
1731 813 1840 868 Erotem
1865 827 1897 864 ex

244 889 343 956 debebit,
362 893 394 954 et,
413 887 435 940 si
453 885 558 940 debitor
572 885 726 952 decesserit,
743 887 777 940 ab
790 885 888 940 herede
901 887 957 940 eius
968 887 1039 940 intra
1090 895 1122 934 ea
1140 895 1224 934 causa
1241 895 1309 948 quae
1326 889 1521 948 proponeretur
1536 885 1719 940 liberationem
1735 887 1825 952 petere
1842 895 1897 934 non

245 967 256 1018 l
285 957 309 1014 id
331 963 434 1024 tempus
456 953 512 1032 peti
531 969 587 1006 non
601 953 710 1024 poterit.
745 953 815 1008 Illud
832 953 972 1006 videndum
989 959 1037 1020 est,
1089 963 1178 1018 posse,
1195 947 1247 1002 nisi
1263 953 1291 1002 et
1307 949 1358 1002 hoc
1376 949 1524 1016 specialiter
1542 953 1566 1006 ei
1583 953 1721 1006 remissum
1738 957 1785 1006 est.

245 1045 272 1084 an
287 1027 338 1080 eins
355 1029 489 1090 lampone,
506 1021 579 1074 intra
596 1021 668 1090 quod
685 1027 775 1090 petere
792 1021 869 1074 heres
884 1021 979 1074 vetitus
995 1021 1037 1084 sit,
1127 1009 1164 1072 13
1187 1015 1268 1070 lnam
1285 1017 1354 1072 libro
1376 1017 1537 1084 octogesimo
1554 1021 1646 1088 primo
1667 1021 1830 1090 digestorum
1869 1015 1898 1072 si

245 1097 277 1152 vel
293 1105 383 1148 usuras
401 1089 442 1144 vel
458 1103 560 1156 poenas
577 1095 669 1156 petere
686 1089 780 1158 possit.
817 1093 843 1142 ει
860 1087 966 1142 Priscus
983 1087 1038 1144 Ne-
1090 1083 1205 1140 creditor
1229 1083 1355 1150 debitori,
1379 1083 1424 1150 qui
1447 1099 1476 1162 se
1496 1087 1654 1162 exceptione
1676 1093 1806 1156 perpetua
1829 1087 1898 1140 tueri

244 1165 315 1220 ratius
340 1159 507 1212 existimabat
535 1159 699 1210 committere
723 1171 783 1210 eum
806 1155 933 1210 adversus
956 1161 1039 1210 testa·
1109 1157 1203 1216 otenel,
1221 1153 1347 1234 legaverit
1364 1151 1435 1234 qnod
1452 1151 1504 1204 srln
1521 1151 1639 1220 deberet,
1657 1155 1755 1210 nullius
1773 1155 1898 1210 momenti

245 1239 257 1288 3
286 1233 402 1290 mentum,
421 1225 444 1278 si
461 1225 585 1294 petisset:
604 1225 675 1292 quod
691 1239 783 1278 verum
800 1227 849 1276 est.
885 1223 951 1276 Tale
968 1225 1038 1292 lega
1089 1171 1205 1290 iegetnm
1221 1227 1279 1276 emt.
1315 1225 1344 1274 at
1361 1237 1384 1276 ει
1400 1219 1471 1272 idem
1491 1219 1594 1272 debitor
1617 1223 1741 1276 creditori
1764 1223 1897 1294 legaverit,

245 1309 303 1354 tom:
326 1295 408 1348 ‘heres
431 1309 505 1348 meus
530 1309 546 1346 a
569 1291 626 1346 solo
644 1291 729 1344 Lucio
747 1291 819 1344 Titio
840 1307 873 1346 ne
890 1291 982 1370 petito’
1005 1291 1040 1344 ad
1089 1289 1293 1360 intellegendum
1310 1289 1360 1342 erit
1377 1289 1559 1356 exceptionem
1582 1303 1641 1340 eum
1658 1291 1756 1346 remitti
1773 1291 1898 1346 creditori

245 1363 353 1422 heredem
368 1361 444 1414 Lucii
462 1359 526 1414 Titii
543 1375 597 1414 non
614 1359 724 1424 transit,
749 1359 772 1414 si
792 1357 859 1414 nihil
878 1375 936 1414 vivo
953 1359 1038 1414 Lucio
1089 1357 1212 1414 voluisse.

245 1433 303 1490 'litio
320 1429 441 1484 adversus
459 1433 646 1482 testamentum
664 1429 698 1480 ab
716 1425 831 1492 herede,
855 1443 886 1482 eo
909 1427 981 1498 quod
1004 1429 1038 1482 ab
1126 1425 1165 1484 14
1188 1425 1332 1482 Uarianos
1346 1425 1415 1480 libro
1427 1427 1520 1494 primo
1535 1423 1800 1492 fideicommissariam
1826 1429 1898 1484 Idem

245 1517 270 1558 co
282 1499 376 1566 erigere
388 1495 507 1552 debitum
517 1497 663 1566 temptavit,
674 1497 709 1550 sit
720 1495 900 1552 commissum:
918 1495 1038 1564 quotiens
1091 1501 1133 1550 est
1150 1501 1176 1550 et
1193 1495 1215 1550 si
1231 1495 1260 1548 in
1277 1495 1347 1548 diem
1364 1493 1469 1548 debitor
1485 1491 1536 1546 fuit
1553 1491 1594 1546 rel
1610 1491 1660 1546 snb
1679 1495 1842 1552 condicione.

247 1567 304 1624 enin
320 1567 443 1620 cohaeret
460 1579 591 1634 personae
607 1565 635 1618 id
653 1563 725 1634 qnod
740 1565 858 1632 legatur,
880 1565 961 1618 veluti
977 1581 1038 1634 per·
1127 1563 1164 1620 15
1182 1565 1261 1618 lona
1276 1563 1343 1618 libro
1361 1563 1530 1630 seropesimo
1549 1567 1646 1630 quarto
1668 1561 1705 1614 od
1722 1563 1836 1618 edictam
1870 1565 1897 1618 Si

246 1633 329 1692 sonnis
346 1633 465 1696 servitus,
484 1631 519 1686 ad
536 1633 660 1686 heredem
678 1633 735 1686 eins
752 1647 806 1686 non
823 1633 926 1702 manat,
944 1633 968 1688 si
984 1649 1039 1686 non
1091 1633 1150 1698 quis
1167 1633 1195 1686 in
1211 1635 1371 1684 testamento
1389 1629 1529 1684 demamus
1548 1633 1596 1694 est,
1613 1645 1648 1684 ne
1662 1645 1680 1682 a
1693 1627 1763 1682 Titio
1778 1631 1898 1688 debitore

248 1709 259 1756 l
288 1701 417 1766 cohaeret,
445 1699 550 1754 transit.
590 1699 618 1754 si
641 1701 723 1754 verba
745 1699 910 1756 liberationis
932 1701 961 1756 in
983 1717 1039 1756 rem
1091 1699 1186 1768 erigat,
1204 1713 1290 1768 neque
1306 1699 1396 1768 ipsum
1412 1715 1445 1752 ne
1464 1711 1497 1750 ue
1514 1697 1638 1750 heredem
1656 1697 1713 1750 eius
1729 1701 1818 1766 potest
1834 1717 1898 1754 con-

247 1771 289 1826 sini
303 1769 411 1830 collata,
434 1783 484 1838 pro
502 1783 534 1822 eo
551 1773 606 1834 est,
629 1768 707 1838 qnasi
724 1769 801 1824 heres
819 1769 853 1822 eh
872 1785 903 1822 eo
922 1769 1040 1824 debitore
1089 1769 1191 1822 reniret
1209 1783 1270 1822 nam
1288 1783 1374 1836 neque
1391 1717 1494 1822 heriiia
1512 1767 1589 1820 heres
1607 1779 1685 1834 agere
1702 1779 1788 1834 neque
1802 1767 1835 1820 ab
1850 1769 1897 1822 he-

246 1835 377 1906 heredeque
395 1837 450 1890 eius
488 1843 559 1890 etere
576 1837 671 1890 vetitus
689 1837 736 1902 sit,
755 1843 786 1890 ut
802 1837 915 1892 adiectio
933 1837 1038 1892 heredis
1090 1837 1161 1888 redis
1178 1837 1275 1888 herede
1287 1841 1376 1904 potest
1390 1835 1471 1956 getii
1497 1833 1602 1888 heredis
1617 1839 1705 1888 antem
1719 1833 1796 1888 heres
1808 1841 1899 1902 potest

246 1903 339 1974 pende
356 1903 453 1958 nihils
480 1909 538 1970 eat,
563 1909 644 1972 atque
665 1921 719 1960 non
737 1909 808 1960 esset
824 1905 938 1960 valitura
953 1905 1038 1974 ipsius
1091 1903 1268 1968 demetriae
1285 1903 1374 1972 exigat
1409 1903 1544 1956 ehitorem.

247 1977 258 2026 5
287 1971 405 2026 debitoris
423 1987 539 2040 persona
554 1987 609 2026 non
627 1973 828 2040 comprehensa.
862 1971 897 2038 Is,
918 1973 963 2042 qni
979 1971 1038 2026 red·
1127 1967 1165 2028 16
1183 1971 1301 2026 Preces
1316 1969 1383 2026 libro
1402 1987 1472 2026 nono
1490 1969 1527 2024 od
1542 1969 1680 2024 Plautiam
1719 1969 1754 2022 Ei
1775 1969 1820 2022 eui
1837 1969 1897 2020 inn-

247 2039 297 2092 dere
317 2039 430 2094 rationes
453 2041 542 2094 iussus
560 2041 608 2104 sit,
631 2055 687 2094 non
703 2041 807 2094 videtur
824 2039 993 2104 satisfecere,
1016 2039 1040 2094 si
1091 2037 1199 2092 damin
1217 2037 1424 2108 quinquennium
1437 2041 1584 2092 locaveram
1597 2037 1682 2106 legari
1697 2035 1824 2108 quidquid
1839 2053 1899 2090 enm

247 2113 259 2160 t
287 2107 411 2176 reliquum
432 2107 529 2162 reddat
551 2123 606 2160 non
626 2107 704 2164 editis
725 2109 881 2162 rationibus.
917 2107 945 2162 si
961 2109 1038 2162 heres
1092 2107 1156 2160 mihi
1174 2107 1237 2164 dare
1253 2105 1342 2160 facere
1361 2113 1466 2178 oportet
1481 2107 1646 2188 oportebitre
1661 2113 1692 2160 ut
1706 2107 1805 2160 sineret
1820 2105 1898 2158 heres

248 2173 329 2228 vetitus
341 2175 375 2228 sit
386 2191 465 2242 agere
479 2191 539 2230 cum
551 2191 592 2240 eo,
611 2177 657 2244 qui
669 2175 777 2244 negotia
790 2173 908 2230 defuncti
920 2175 1039 2242 gesserit,
1091 2173 1143 2230 sihi
1164 2175 1272 2228 habere.
1310 2173 1399 2228 Narra
1420 2175 1578 2240 Atilicinus,
1601 2175 1625 2230 si
1645 2175 1722 2230 heres
1745 2173 1899 2242 prohiberet

247 2257 291 2296 non
308 2241 409 2296 videtur
431 2243 555 2310 obligatio
578 2243 602 2296 ei
623 2243 803 2312 praelegata³,
826 2257 894 2312 quae
916 2243 977 2298 dolo
997 2245 1040 2296 rel
1092 2257 1153 2296 eum
1169 2241 1236 2304 frui,
1259 2257 1293 2296 ex
1312 2243 1458 2306 conducto,
1482 2243 1506 2296 si
1522 2243 1580 2296 iure
1596 2243 1737 2296 locationis
1755 2240 1818 2310 quid
1835 2241 1899 2294 reti-

247 2323 273 2362 er
287 2305 373 2364 frande
390 2309 447 2362 eius
465 2311 510 2380 qui
527 2311 633 2378 negotia
649 2311 760 2380 gesserit
781 2309 921 2364 commissa
941 2311 990 2374 sit,
1013 2317 1040 2364 et
1091 2313 1174 2376 neret,
1192 2325 1224 2362 ex
1241 2313 1400 2362 testamento
1418 2309 1476 2364 iore
1493 2310 1637 2378 obhgatnm
1653 2311 1735 2376 munt
1754 2309 1817 2378 quia
1833 2309 1899 2362 nihil

247 2381 344 2430 tesntor
356 2377 384 2430 id
398 2377 501 2432 videtur
513 2377 635 2432 sensisse.
661 2377 722 2434 ideo
739 2377 763 2432 si
779 2377 857 2432 heres
874 2379 1039 2446 negotiorum
1090 2377 1242 2442 interesset,
1264 2381 1400 2446 peteretur
1416 2393 1451 2432 an
1467 2377 1607 2432 retineretr
1630 2383 1714 2432 totam
1735 2377 1805 2430 enim
1826 2377 1899 2432 loca-

247 2449 364 2512 gertorum
382 2459 396 2496 e
414 2443 484 2510 sset,
503 2459 585 2512 agens
602 2449 762 2514 procurator
778 2461 812 2500 ex
826 2449 983 2500 testamento
998 2447 1038 2500 in·
1090 2447 1190 2500 donem
1205 2447 1320 2512 legatam
1337 2443 1428 2510 videri,

248 2515 261 2590 ⁷.
289 2511 349 2590 certi
371 2461 425 2566 dcii
446 2513 510 2566 mali
532 2513 687 2580 exceptione
708 2513 815 2568 excludi
830 2517 926 2582 potest.
960 2515 998 2566 Ει
1014 2515 1040 2568 ei
1128 2509 1165 2568 17
1182 2513 1351 2566 irrorares
1366 2513 1433 2566 libro
1447 2513 1563 2568 secundo
1573 2513 1706 2570 Labeonis
1716 2513 1898 2584 posteriorem

248 2577 351 2632 hberatro
368 2585 441 2634 recte
457 2579 567 2650 legatur,
587 2581 659 2648 apud
677 2597 755 2650 quern
773 2581 919 2660 deposuero
936 2581 978 2636 vel
996 2581 1040 2636 cui
1089 2581 1139 2636 reli
1156 2595 1192 2634 na
1210 2595 1328 2648 quoque:
1348 2581 1392 2634 ⁹in
1409 2581 1507 2636 iudicio
1525 2581 1665 2636 locationis
1682 2581 1779 2634 venire.

248 2647 432 2726 commodarem
455 2647 591 2766 pignorive
612 2647 710 2702 dedero
731 2647 774 2702 rel
794 2663 819 2702 er
836 2663 914 2716 quem
932 2665 965 2702 ex
980 2647 1038 2702 fur·
1126 2595 1165 2706 li
1194 2647 1314 2704 Parnm
1337 2647 1405 2704 libro
1433 2665 1504 2702 norro
1531 2649 1569 2704 od
1592 2647 1730 2704 Plautiam
1775 2647 1898 2702 Cassrns.

248 2719 291 2768 trva
305 2729 383 2768 caasa
400 2713 464 2766 nnbr
499 2731 545 2770 are
563 2719 675 2782 oportet.
1089 2715 1180 2770 Etiam
1201 2715 1225 2770 si
1244 2713 1375 2770 habitatio
1397 2731 1428 2770 eo
1449 2715 1528 2770 modo
1545 2717 1633 2784 legata
1650 2721 1731 2782 esset,
1754 2715 1898 2784 gratuitam

274 2777 290 2838 tl
310 2779 450 2836 Uarrrrns
465 2781 533 2836 libro
550 2783 674 2836 oteramo
692 2787 790 2852 quarto
808 2781 846 2838 od
855 2781 985 2838 Sabinam
1011 2783 1040 2836 Si
1089 2783 1281 2836 habitationem
1300 2783 1378 2838 heres
1399 2787 1537 2852 praestare
1560 2783 1676 2838 deberet.
1711 2789 1737 2838 et
1760 2789 1899 2852 praeterea

248 2849 295 2916 quis
313 2849 426 2902 rationes
449 2847 553 2916 exigere
574 2853 690 2914 vetetur,
713 2855 744 2902 ut
765 2855 807 2904 est
827 2851 980 2918 saepissime
996 2865 1038 2902 re·
1089 2851 1192 2918 placuit
1212 2863 1292 2918 agere
1312 2865 1393 2920 posse
1415 2851 1538 2904 colonum
1562 2867 1623 2904 cum
1643 2851 1740 2906 herede
1762 2865 1795 2904 ex
1815 2855 1899 2904 testa-

248 2915 371 2984 scriptum,
393 2931 448 2970 non
464 2917 606 2996 impeditur
623 2917 672 2970 reli
690 2933 738 2970 aas
757 2917 873 2998 exigere,
895 2917 1039 2986 quosquis
1090 2923 1191 2984 mento,
1221 2921 1252 2970 nt
1280 2917 1410 2972 liberetur
1433 2916 1621 2972 conductione:
1655 2917 1726 2986 quod
1751 2917 1898 2972 rectissime

248 2997 270 3036 se
284 2983 422 3050 reliquerit,
441 2989 468 3036 et
484 2999 508 3036 ει
525 2983 588 3052 quid
606 2935 746 3038 doloiecit
759 2983 805 3052 qui
818 2991 934 3038 rationes
948 2983 1039 3052 gessit.
1090 2983 1196 3040 dicitur.

248 3049 1041 3184 ethitt.ittitth'tthtnttlhtitts
1089 3049 1899 3174 resiniii’iiiiiffhiieiiiiiiiiffiriaiuihii

248 3185 291 3238 ‘illa
309 3185 348 3238 vel
363 3185 409 3238 illa
425 3183 543 3252 actione,
567 3185 595 3238 id
617 3135 814 3240 eiiestiiuers'
837 3183 879 3238 rel
899 3185 1040 3240 ‘achonem
1091 3185 1171 3252 ‘qnod
1191 3187 1215 3240 is
1235 3185 1342 3254 negotia
1364 3199 1423 3240 mea
1479 3187 1539 3252 seit,
1568 3189 1595 3238 et
1619 3185 1643 3240 si
1669 3187 1814 3254 quiderm
1834 3161 1899 3240 mihi

248 3253 273 3306 ‘ei
287 3253 429 3306 remittere'.
1091 3253 1164 3306 ‘dare
1185 3251 1274 3306 facere
1295 3267 1311 3306 o
1332 3257 1413 3318 ortet,
1436 3201 1477 3306 εἴ
1493 3269 1524 3306 εο
1541 3267 1596 3306 non
1612 3253 1732 3320 exigere,
1757 3253 1899 3308 damnatur

276 3317 307 3376 10
324 3319 465 3372 Innmnas
480 3319 549 3374 libro
567 3319 703 3388 trigesimo
722 3319 799 3372 tertio
817 3317 980 3388 digestorum
1012 3319 1041 3372 Si
1089 3320 1169 3374 heres
1190 3335 1239 3374 nec
1261 3335 1305 3372 cre
1324 3319 1376 3374 'tes
1398 3319 1432 3372 ab
1455 3335 1486 3372 eo
1505 3333 1610 3386 quoqne
1626 3319 1754 3440 {aanor
1771 3321 1896 3388 eriget¹⁰.

248 3387 370 3442 manaem
395 3387 472 3442 heres
494 3385 576 3442 inerit
593 3401 609 3438 a
626 3385 782 3440 fideiussore
800 3385 904 3454 quidem
921 3401 975 3440 non
1012 3403 1039 3442 e·
1090 3385 1119 3440 in
1136 3385 1215 3440 simili
1231 3391 1320 3440 autem
1336 3387 1423 3454 legato
1441 3385 1485 3440 rix
1502 3391 1554 3452 εει,
1577 3389 1608 3438 ει
1647 3401 1716 3442 eeo
1738 3403 1842 3454 qnoque
1859 3389 1897 3442 le-

247 3461 299 3520 tere,
319 3453 387 3522 quod
404 3457 493 3508 autem
509 3469 572 3508 reus
590 3453 675 3518 dehet,
694 3451 766 3506 Titio
784 3451 856 3520 dere,
876 3403 1039 3520 omnnia
1090 3453 1177 3522 gando
1199 3457 1277 3522 pater
1297 3451 1412 3508 familias
1434 3453 1558 3520 senserit,
1581 3451 1652 3520 quod
1672 3455 1755 3508 servis
1777 3455 1834 3508 eius
1850 3471 1897 3524 pe-

247 3523 291 3588 bet,
305 3539 337 3576 ne
354 3537 369 3574 a
383 3519 539 3584 fideiussore
552 3525 635 3592 petat,
653 3525 681 3574 et
693 3519 819 3574 adversus
834 3535 907 3574 reum
920 3519 1039 3574 actiones
1091 3521 1155 3574 culii
1171 3519 1277 3574 nornine
1293 3519 1414 3574 debetur.

248 3607 299 3646 snas
321 3595 456 3660 praestare
482 3589 624 3658 legatario:
671 3587 874 3642 uemadmodnm
899 3587 1040 3644 damnatus
1125 3585 1164 3646 20
1182 3587 1262 3642 lona
1276 3589 1344 3642 libro
1362 3589 1464 3642 decimo
1480 3603 1669 3658 responsorum
1697 3589 1815 3642 ‘Aurelio
1824 3589 1897 3644 Sem-

248 3661 324 3722 heres,
347 3673 379 3712 ne
397 3673 413 3710 a
430 3673 476 3712 reo
494 3661 580 3724 petat,
603 3661 630 3710 et
682 3661 788 3708 mustus
807 3653 871 3708 dare
888 3655 960 3724 quod
975 3655 1039 3710 fide·
1091 3655 1192 3710 ‘ronio
1206 3655 1284 3708 fratri
1297 3671 1365 3710 meo.
1394 3653 1530 3708 Neminem
1542 3655 1707 3710 molestari¹¹
1720 3657 1779 3710 volo
1792 3657 1898 3712 nomine

248 3727 321 3780 lassor
336 3727 421 3790 debet,
440 3729 468 3778 ει
484 3739 531 3778 reo
546 3727 685 3792 acceptum
700 3721 789 3778 iacere
803 3729 831 3778 et
845 3724 971 3792 legatario
986 3723 1039 3778 litis
1091 3673 1182 3778 ‘ionici
1197 3739 1283 3790 neque
1301 3723 1406 3792 exigam
1423 3723 1524 3790 aliquid
1539 3725 1574 3778 ab
1591 3739 1631 3790 eo,
1649 3725 1776 3792 quamdiu
1792 3725 1897 3792 viveret,

248 3793 441 3850 ashnanonem
458 3791 568 3846 sufferre
585 3797 705 3860 cogatur.
1091 3793 1185 3858 ‘neque
1202 3789 1324 3846 deserte
1341 3795 1389 3844 aut
1406 3805 1505 3844 usurae
1517 3791 1623 3844 nomine
1635 3790 1730 3845 debiti:
1748 3797 1776 3846 et
1787 3793 1897 3848 absolvo

278 3859 306 3918 11
325 3861 404 3916 lona
416 3859 484 3916 libro
503 3859 639 3930 trigesimo
656 3865 735 3916 sexto
752 3859 916 3930 digestorum
948 3859 976 3912 Si
994 3859 1039 3912 de·
1091 3859 1124 3914 ‘ei
1141 3865 1168 3912 et
1184 3859 1268 3912 libero
1286 3873 1320 3912 ex
1336 3859 1491 3928 pignoribus
1508 3859 1566 3912 eins
1583 3857 1689 3914 domum
1706 3865 1733 3916 et
1744 3861 1897 3940 possessio-

248 3931 307 3984 bitor
325 3929 505 3984 fideiussorem
526 3943 604 3982 sunm
625 3927 659 3980 ab
682 3927 779 3982 herede
796 3943 845 3982 suo
860 3925 968 3980 liberari
984 3927 1038 3982 ius·
1091 3925 1362 3994 ‘rememorarent
1397 3925 1564 3982 Modestinus
1585 3925 1722 3996 respondit
1742 3943 1830 3994 rpsum
1852 3929 1897 3982 de-

248 3997 312 4062 serit,
335 4013 369 4050 an
390 3995 531 4052 fideiussor
553 3995 661 4048 liberari
685 3995 800 4048 debeat?
833 3995 976 4064 respondii
994 3993 1039 4048 de·
1091 3993 1210 4060 bitorem,
1229 3995 1252 4048 si
1262 3993 1442 4060 conveniatur,
1460 3993 1614 4062 exceptione
1623 4001 1712 4048 tutum
1721 4009 1793 4048 eser
1812 3995 1897 4048 diver-

248 4063 306 4120 here
338 4065 400 4118 item
417 4063 567 4132 quaesitum
584 4069 636 4126 est,
654 4077 701 4128 an,
719 4063 783 4132 quia
799 4063 918 4116 mandati
935 4063 1040 4116 acdona
1094 4067 1105 4114 1
1141 4077 1200 4114 sum
1220 4061 1249 4114 in
1268 4077 1385 4132 persona
1406 4061 1510 4116 heredis
1532 4061 1598 4116 eins.
1633 4061 1716 4116 Gaius
1738 4061 1814 4116 Seius
1836 4079 1897 4118 curn

248 4129 343 4186 heredes
365 4137 531 4196 tenerentur,
554 4129 646 4186 inutile
668 4129 785 4198 legatum
809 4135 889 4194 esset,
914 4129 1039 4198 quemad·
1090 4129 1260 4196 adolevisset,
1286 4129 1391 4210 accepit
1413 4135 1551 4184 curatores
1571 4129 1696 4185 Publium
1716 4129 1849 4184 Maevium
1871 4135 1897 4184 ει

248 4199 339 4254 modum
360 4199 454 4252 inutile
473 4201 606 4270 legetum⁵
629 4203 670 4252 est
692 4199 765 4266 quod
787 4197 891 4252 debitor
914 4197 1040 4252 creditori
1090 4195 1204 4250 Lucium
1221 4195 1413 4266 Sempromnm.
1448 4197 1496 4252 sed
1512 4197 1611 4252 enim¹²
1631 4197 1702 4252 idem
1719 4197 1803 4252 Gaius
1820 4197 1896 4252 Seius
1929 4243 1930 4246 ,

248 4279 286 4322 seo
300 4267 375 4336 legat.
409 4267 546 4336 respondi,
573 4265 695 4334 quotiens
718 4265 823 4320 debitor
844 4265 969 4320 creditori
991 4281 1039 4320 sno
1089 4263 1161 4318 intra
1181 4265 1324 4332 legitimam
1347 4269 1462 4320 aetatem
1489 4265 1649 4320 conshtutus
1676 4281 1737 4318 cnm
1761 4265 1897 4318 inlatum

248 4333 346 4402 legaret,
366 4335 405 4390 ita
425 4335 520 4388 inutile
542 4349 600 4388 esse
620 4333 750 4402 legatum,
774 4333 798 4388 si
819 4333 885 4388 nihil
900 4333 1041 4388 interesset
1091 4333 1260 4400 concederet,
1283 4337 1443 4388 testamento
1465 4349 1514 4388 suo
1537 4333 1570 4388 dc
1591 4333 1758 4388 curatoribus
1781 4333 1837 4388 suis
1858 4333 1896 4384 ita

248 4401 369 4456 aodimus
391 4419 423 4456 ex
445 4405 603 4456 testamento
620 4399 711 4470 potius
728 4417 808 4470 agore
824 4417 903 4470 quam
922 4417 954 4456 ex
972 4399 1040 4470 pris·
1091 4398 1173 4454 cavit:
1204 4401 1393 4468 ‘quaestionem
1418 4401 1587 4456 curatoribus
1613 4401 1678 4456 meis
1703 4417 1780 4456 nemo
1802 4399 1896 4454 faciat:

248 4467 294 4524 tina
307 4469 471 4538 obligatione.
507 4485 569 4524 nem
590 4479 617 4524 et
638 4467 766 4524 siTitius
783 4469 948 4524 mandaverit
964 4469 1039 4524 Mae·
1091 4471 1155 4524 ‘rem
1172 4469 1242 4522 enim
1257 4469 1315 4538 ipse
1331 4471 1463 4524 tractari.
1491 4485 1599 4536 quaero,
1616 4485 1652 4522 an
1668 4469 1798 4524 rationem
1816 4481 1896 4520 curae

248 4537 292 4612 yio,
319 4543 347 4592 ut
366 4537 507 4606 pecuniam
529 4537 708 4606 promitteret,
734 4537 830 4594 deinde
849 4537 958 4592 liberari
980 4553 1040 4592 eum
1089 4535 1201 4592 heredes
1227 4537 1312 4592 adulti
1338 4553 1355 4590 a
1380 4537 1549 4594 curatoribus
1574 4543 1665 4606 petere
1690 4535 1806 4606 possint,
1835 4549 1896 4588 cum

248 4605 339 4660 torserit
352 4621 368 4660 a
382 4607 547 4676 stipulatore,
565 4603 735 4660 mamiestum
749 4611 798 4674 est,
816 4611 944 4674 quantum
956 4605 1040 4660 inter-
1091 4603 1240 4672 defunctus,
1257 4611 1289 4660 nt
1304 4621 1338 4660 ex
1355 4607 1442 4660 verbis
1454 4605 1605 4662 testamenti
1621 4609 1739 4674 apparet,
1758 4601 1896 4656 confessus

248 4671 276 4724 sit
288 4673 450 4742 promissoris
467 4675 576 4730 liberari
591 4675 680 4744 potius
695 4689 774 4744 quam
791 4681 927 4744 praestare
944 4691 978 4730 ex
991 4673 1040 4730 sti·
1089 4671 1125 4726 sit
1146 4687 1175 4728 se
1197 4689 1301 4728 omnem
1321 4689 1378 4728 rem
1395 4691 1471 4728 suam
1487 4675 1693 4728 administrasse.
1728 4669 1896 4726 Modestinus

248 4741 336 4806 palata,
353 4741 447 4796 deinde
464 4741 582 4796 mandati
599 4755 687 4810 agere.
1089 4741 1239 4810 respondit,
1266 4741 1380 4810 siquid
1405 4743 1467 4798 dolo
1495 4747 1632 4798 curatores
1655 4741 1778 4794 lecerunt
1802 4745 1851 4792 ant
1872 4739 1896 4794 si

248 4809 251 4818 ’
276 4805 309 4864 12
326 4807 485 4866 rainnero
504 4811 640 4882 trigemino
656 4825 728 4864 nono
746 4809 909 4882 digestorum
938 4811 1040 4866 Lucius
1091 4825 1160 4878 quae
1175 4825 1218 4866 res
1235 4811 1371 4868 testatoris
1383 4827 1470 4880 ,penes
1488 4825 1534 4866 eos
1555 4813 1629 4876 sunt,
1651 4823 1683 4864 eo
1704 4807 1809 4862 nomine
1832 4825 1895 4864 oon·

248 4869 321 4930 iitius
343 4893 402 4932 cnm
424 4879 534 4934 Erotem
557 4883 675 4932 actorem
696 4876 823 4942 haberet,
850 4877 978 4932 codicillis
1001 4879 1040 4934 ita
1089 4877 1173 4934 veniri
1190 4893 1236 4934 eos
1252 4893 1341 4948 posse.

248 4943 317 4998 cant:
345 4945 462 5000 ‘Erotem
489 4945 603 5000 liberum
631 4959 690 5000 esse
717 4945 790 5000 volo:
818 4961 896 5014 quem
922 4945 1039 5002 raderes
1124 4943 1162 5002 21
1183 4945 1351 5002 Tnannrrns
1364 4947 1497 5014 Oanmnrs
1511 4945 1579 5000 libro
1592 4941 1748 4998 duodecimo
1761 4943 1800 4998 od
1811 4945 1895 5018 legem

248 5009 352 5086 reddere
368 5015 426 5068 volo
445 5015 501 5070 ειεε
518 5013 659 5096 temporis,
683 5011 761 5082 quod
779 5011 830 5066 erit
849 5018 912 5082 post
927 5015 1038 5070 novissi-
1089 5013 1188 5070 Iuliam
1205 5019 1233 5070 ci
1248 5015 1365 5088 Papiam
1400 5015 1430 5070 Si
1445 5013 1474 5068 id
1492 5011 1563 5080 quod
1580 5011 1644 5066 mihi
1660 5011 1770 5068 deberes
1787 5013 1830 5070 rel
1846 5015 1896 5070 tibi

248 5087 315 5132 ‘mam
333 5095 417 5134 meam
438 5081 677 5154 subscriptronem'.
734 5085 810 5136 ostes
831 5083 908 5136 eiras
929 5081 1039 5138 Eiram
1090 5085 1132 5140 rel
1154 5083 1200 5140 alii
1220 5085 1341 5154 legavero
1359 5083 1446 5152 idque
1466 5081 1559 5136 mihi²³
1583 5081 1692 5138 solveris
1714 5083 1756 5138 vel
1776 5083 1896 5152 qualibet

248 5149 401 5228 menumhit⁶
422 5149 451 5204 in
474 5151 567 5206 eodem
589 5155 653 5230 actu
673 5097 768 5230 hqiuit
788 5149 958 5230 rationesque
974 5151 1038 5230 sub·
1089 5153 1143 5206 alia
1160 5153 1263 5206 ratione
1280 5153 1407 5208 liberatus
1424 5167 1443 5204 a
1458 5165 1500 5206 me
1517 5149 1611 5230 fueris,
1631 5151 1717 5206 enslin
1753 5153 1807 5208 itur
1822 5153 1895 5224 lega·

248 5221 342 5290 tqnpsrt
356 5233 440 5286 usqne
455 5219 485 5272 in
498 5233 559 5272 eum
572 5217 648 5284 diem,
667 5233 714 5288 qur
725 5215 851 5272 frutante
884 5231 1039 5274 auommnros
1093 5227 1104 5274 1
1140 5227 1205 5274 tum.
1244 5219 1320 5276 Unde
1340 5219 1443 5272 Iuliano
1464 5219 1566 5286 placmt
1590 5223 1617 5274 et
1641 5221 1665 5276 si
1685 5221 1717 5276 de
1736 5221 1798 5278 itori
1817 5223 1895 5278 heres

247 5275 294 5334 tltes
318 5299 396 5352 quarn
422 5291 579 5344 moreretur.
617 5285 730 5342 heredes
756 5285 837 5340 Lucii
884 5283 924 5338 tii
948 5285 1040 5340 dicuat
1090 5289 1222 5344 exstiterit
1238 5287 1355 5342 creditor
1370 5293 1516 5356 posteaque
1537 5287 1595 5358 ipse
1612 5289 1727 5346 creditor
1743 5291 1894 5358 decesserit,

248 5453 273 5516 tt)
286 5451 640 5524 libereturlliberetheresrcr.
710 5465 742 5526 (a)
758 5457 873 5524 liberare]
881 5455 1041 5524 interpellare
1091 5459 1327 5524 delerirplossirscr.
1411 5461 1443 5522 (e)
1462 5467 1716 5530 nameoqnoqueiar.
1800 5467 1845 5530 (hol
1863 5481 1895 5518 ne

247 5533 309 5642 th
324 5523 356 5588 ‘³'
374 5527 921 5658 tt“iih⁶il‘“tii⁰lttttt²til⁴'
939 5539 1040 5656 ‘itti
1088 5523 1674 5656 fflsffiffltffimmr...
1740 5533 1894 5652 iiim

247 5653 284 5708 im.
368 5661 402 5724 (r)
417 5611 541 5712 insiliisse
550 5611 719 5728 agathalicae
727 5635 802 5714 Fi)
857 5665 890 5728 rs)
905 5659 1040 5728 siqnisin
1063 5725 1065 5738 .
1089 5659 1393 5738 {caracterizantem
1483 5617 1894 5732 (rrreeiffreiiitii.a1.ioiis

247 5723 387 5806 lmbmemo
395 5727 525 5780 manaem
537 5731 581 5792 est,
594 5731 727 5782 neaTitio
735 5729 846 5782 debitore
855 5729 945 5794 exigat,
959 5743 1039 5790 neque
1089 5727 1281 5794 mmmm-F
1497 5773 1518 5790 2
1894 5773 1895 5776 =

247 5789 351 5848 herema
365 5811 419 5850 eran
434 5799 516 5864 potest
530 5799 663 5850 convenire
680 5815 760 5866 neque
772 5797 870 5852 haedis
882 5799 954 5850 heres
966 5809 1040 5862 egero
1061 5739 1067 5860 i
