4366 6258
629 767 675 856 IN
702 769 873 860 NCNINR
897 767 1059 860 DOMINI
1083 763 1244 856 resim
1269 761 1367 856 IRCU
1396 761 1574 854 CHRISTI

428 975 643 1034 INIPERATOR
674 977 816 1032 CAESAR
839 977 994 1032 FLAVIUS
1026 973 1255 1032 IUSTINIANUS
1285 973 1543 1032 ALAMANNICUS
1574 971 1751 1028 CCTHICUS

430 1077 630 1136 restoldus
656 1077 891 1136 annuerimus
916 1079 1069 1136 ANTICUS
1091 1075 1269 1132 ALANICUS
1292 1075 1523 1134 VANDALICUS
1547 1073 1750 1130 AFRICANUS

473 1181 556 1238 Plus
565 1179 678 1234 FELIX
691 1179 857 1236 INCLITUS
880 1179 1014 1236 VICTOR
1025 1179 1071 1234 AG
1085 1177 1348 1234 reremaneret
1360 1179 1507 1236 SEMPER
1520 1177 1707 1238 AUGUSTUS

830 1281 991 1338 CUPIDAIR
1008 1279 1137 1336 LEGUM
1152 1279 1353 1334 intuuntur

299 1451 495 1522 Imperatoriarn
520 1451 682 1506 maiestatem
706 1467 759 1506 non
783 1451 869 1506 solum
892 1451 971 1506 armis
990 1451 1067 1506 deco·
1122 1465 1201 1520 quam
1219 1451 1322 1504 animae
1339 1455 1442 1506 vestrae
1461 1451 1524 1504 nihil
1542 1449 1634 1504 inutile
1651 1451 1768 1520 nihilque
1785 1463 1924 1520 perperam

266 1529 365 1588 ratam,
388 1523 435 1578 sed
453 1523 532 1574 etiam
554 1519 656 1588 legibus
673 1523 780 1588 oportet
797 1535 855 1574 esse
873 1523 1015 1586 armatam,
1038 1525 1069 1574 ut
1121 1519 1245 1588 positum,
1263 1517 1311 1574 sed
1328 1519 1398 1588 quod
1415 1517 1443 1572 in
1460 1519 1524 1588 ipsis
1541 1535 1630 1574 rerum
1646 1519 1747 1586 optinet
1767 1517 1927 1586 argumentis

266 1595 405 1660 utrumque
427 1595 531 1658 tempus
554 1593 581 1640 et
602 1587 731 1642 bellorum
755 1591 781 1640 et
805 1587 880 1660 pacis
897 1591 969 1642 recte
986 1587 1070 1658 possit
1121 1587 1266 1656 accipiant:
1291 1591 1317 1640 et
1340 1587 1410 1656 quod
1432 1587 1461 1640 in
1478 1589 1566 1656 priore
1583 1595 1701 1656 ternpore
1716 1585 1760 1640 rix
1783 1593 1846 1654 post
1863 1601 1927 1656 qua·

265 1657 406 1728 gubernari
431 1661 456 1712 et
479 1659 603 1724 princeps
628 1655 764 1712 Romanus
787 1657 872 1712 vlotor
896 1655 993 1712 existat
1015 1673 1070 1712 nou
1121 1653 1286 1710 drieunium6
1308 1655 1439 1724 prioribus
1464 1655 1646 1724 contingebat,
1670 1657 1701 1708 ut
1716 1659 1781 1708 tunc
1799 1655 1927 1708 constitu·
1959 1673 1962 1682 ‘

266 1727 350 1782 solum
367 1727 395 1780 in
411 1725 552 1780 hostilibus
570 1725 690 1794 proeliis,
708 1725 755 1780 sed
772 1725 852 1778 etiam
869 1739 918 1794 per
940 1725 1069 1794 legitimos
1121 1725 1206 1778 tiones
1232 1725 1415 1792 imperatorias
1441 1723 1572 1790 legerent,
1599 1725 1651 1778 hoe
1673 1733 1719 1778 ros
1745 1737 1761 1776 a
1783 1721 1929 1790 primordio

264 1793 381 1850 tramites
400 1793 616 1848 calumniantium
633 1793 799 1862 iniquitates¹
818 1793 960 1862 expellens,
980 1799 1005 1848 et
1022 1793 1070 1846 fiat
1121 1793 1302 1860 ingrediamini
1326 1791 1397 1860 digni
1429 1795 1506 1846 tanto
1532 1793 1635 1846 honore
1659 1795 1787 1858 tantaque
1811 1791 1929 1860 reperti⁷

264 1869 318 1918 tam
336 1863 400 1916 iuris
418 1861 628 1932 religiosissimus
647 1877 726 1931 quam
742 1861 819 1916 vietis
836 1861 958 1916 hostibus
976 1863 1068 1916 trium-
1121 1859 1263 1926 felicitate,
1286 1865 1317 1914 ut
1342 1865 1368 1914 et
1390 1859 1494 1912 initium
1517 1859 1592 1914 robis
1616 1865 1644 1914 et
1660 1857 1719 1912 finis
1737 1859 1824 1926 legum
1841 1859 1929 1912 erudi-

264 1933 369 2000 pbator.
815 1961 816 1964 =
1106 1935 1137 1982 ³4
1171 1927 1251 1982 tionis
1277 1943 1294 1982 a
1318 1943 1383 1984 voce
1415 1927 1555 1996 principali
1580 1925 1716 1996 procedat.
1760 1925 1843 1994 Igitur
1868 1931 1931 1996 post

266 2005 277 2054 1
348 1999 464 2068 Quorum
481 2005 621 2068 utramque
643 1997 711 2054 viam
730 2015 790 2054 oum
807 1997 916 2054 summis
933 1997 1026 2068 uigiliis
1045 2003 1071 2054 ct
1121 1997 1203 2052 libros
1222 1997 1412 2066 qninquaginta
1429 1995 1591 2066 digestorum
1608 2009 1656 2050 seu
1673 1993 1880 2064 pandectarum,
1904 1995 1930 2048 in

265 2067 560 2138 summaproridentia²
578 2069 711 2122 adnuente
723 2067 771 2122 deo
785 2069 952 2190 perfecimus.
972 2073 999 2122 et
1014 2067 1069 2122 bel·
1123 2081 1188 2136 quos
1198 2081 1275 2120 omne
1283 2065 1326 2120 ius
1336 2065 1473 2132 antiquum
1484 2063 1610 2120 collatum
1619 2067 1660 2118 est
1676 2067 1752 2132 (quos
1760 2079 1809 2132 per
1818 2063 1933 2132 eundem¹

263 2139 327 2192 boos
351 2137 456 2206 quidem
480 2137 591 2192 sudores
614 2141 718 2190 nostros
736 2137 786 2190 bar
806 2137 895 2192 aneae
929 2141 1002 2192 entes
1020 2135 1069 2192 snb
1121 2137 1206 2190 vinnm
1230 2135 1363 2190 excelsum
1381 2135 1572 2190 Tritonianum
1596 2147 1647 2186 nec
1670 2147 1723 2186 non
1742 2135 1843 2186 ceteros
1862 2131 1932 2186 rinos

263 2207 324 2274 iuga
341 2209 432 2260 nostra
449 2205 579 2258 deductae
593 2209 758 2270 cognoscunt
773 2207 800 2256 et
813 2209 869 2258 tam
919 2205 974 2258 rica
992 2219 1071 2272 qnam
1121 2203 1236 2258 illustres
1247 2207 1273 2256 et
1286 2201 1491 2258 facundissimos
1508 2201 1689 2266 confecimus),
1703 2201 1731 2252 in
1746 2199 1795 2254 hos
1805 2205 1932 2270 quattuor

265 2273 332 2328 aliae
348 2273 552 2328 innumerosae³
576 2271 728 2340 provinciae
751 2275 814 2340 post
830 2277 906 2326 tanta
923 2277 1071 2342 temporum
1121 2271 1203 2324 libros
1229 2271 1333 2324 easdem
1355 2273 1536 2324 institutiones
1559 2269 1653 2340 partiri
1675 2267 1814 2334 iussimus,
1831 2273 1863 2322 ut
1879 2267 1932 2322 sint

263 2341 349 2408 spatia
366 2341 463 2396 nostris
487 2339 603 2396 victoriis
621 2355 637 2394 a
655 2339 763 2394 caelesti
786 2339 894 2394 numine
917 2339 1070 2408 praestitisl
1123 2343 1137 2392 5
1173 2339 1254 2392 totius
1272 2339 1401 2406 legitimae
1420 2338 1546 2392 scientiae
1564 2339 1650 2408 prrima
1665 2337 1801 2390 elementa.
1830 2335 1932 2404 Quibus

263 2411 357 2462 iterum
382 2409 482 2480 didoni
495 2409 635 2462 Romanae
659 2413 806 2478 nostroque
831 2407 938 2462 additae
960 2407 1069 2478 imperio
1122 2405 1237 2462 breviter
1260 2407 1409 2474 expositum
1433 2413 1474 2460 est
1503 2411 1530 2460 et
1552 2405 1623 2474 quod
1646 2409 1726 2460 autea
1750 2405 1888 2526 optinebat
1908 2409 1934 2458 et

262 2483 452 2546 protestantur.
478 2491 569 2532 omnes
583 2493 645 2532 vero
663 2477 755 2546 populi
773 2477 872 2546 legibus
890 2477 978 2544 iama
994 2477 1071 2530 nobis
1123 2475 1194 2544 qnod
1218 2481 1313 2544 postea
1339 2475 1512 2528 desuetudine
1538 2475 1717 2528 inumbratum
1744 2489 1760 2526 a
1804 2471 1932 2540 imperiali

263 2551 277 2600 2
311 2547 352 2600 rel
370 2545 543 2614 promulgatis
561 2545 603 2600 rel
621 2543 775 2614 compositis
793 2549 928 2612 reguntur.
956 2543 1071 2600 Etcum
1123 2549 1138 2598 b
1172 2541 1287 2598 remedio
1305 2543 1482 2596 illuminatum
1501 2549 1548 2596 est.
1582 2543 1655 2610 Quas
1673 2555 1706 2596 ex
1723 2541 1846 2596 omnibus
1865 2541 1932 2594 anti·

262 2615 455 2668 sacratissimas
474 2613 677 2670 constitutiones
701 2617 780 2666 antea
805 2613 931 2666 confusas
949 2613 978 2666 in
995 2613 1070 2666 lucu·
1141 2627 1236 2666 uorum
1252 2611 1464 2666 institutionibus
1483 2615 1510 2666 ot
1526 2609 1670 2680 praecipue
1688 2625 1721 2666 ex
1739 2609 1934 2666 commentariis

261 2683 360 2738 lentam
378 2683 507 2738 ereximus
526 2681 735 2746 consonantiam,
760 2687 826 2736 tunc
843 2687 963 2736 nostram
981 2687 1071 2736 exten·
1123 2629 1184 2734 Caii
1202 2681 1286 2734 nostri
1302 2683 1358 2734 tam
1375 2681 1573 2734 institutionum
1596 2693 1676 2750 quam
1698 2693 1788 2732 rerum
1811 2677 1934 2732 cottidia-

263 2751 346 2806 dimus
366 2767 457 2806 curam
480 2755 507 2804 et
530 2749 565 2804 ad
586 2749 715 2804 immensa
732 2747 891 2818 prudentiae
906 2749 1008 2804 'veteris
1025 2765 1070 2804 vo·
1123 2765 1218 2804 narum
1236 2747 1347 2816 aliisque
1364 2749 1455 2804 multis
1479 2747 1675 2804 commentariis
1694 2747 1855 2816 compositas
1874 2763 1932 2804 cum

261 2819 369 2882 lumina,
388 2825 499 2888 etopus
518 2819 687 2886 desperatum
711 2817 787 2886 quasi
811 2833 858 2886 per
876 2817 992 2870 medinm
1009 2833 1071 2888 pro·
1123 2823 1177 2872 tres
1201 2817 1333 2886 praedicti
1356 2819 1406 2872 riri
1428 2819 1575 2888 prudentes
1598 2815 1676 2870 nobis
1700 2817 1882 2886 optulerunt,
1910 2821 1936 2870 et

260 2887 372 2942 fundum
403 2893 495 2942 euntes
522 2885 629 2942 caelesti
660 2885 753 2940 farore
785 2885 839 2938 iam
864 2885 1070 2954 adimplevimus.
1122 2885 1233 2954 legimus
1253 2891 1278 2938 et
1292 2885 1461 2954 cognorimus
1479 2891 1506 2942 et
1520 2885 1935 2954 plenissimumnostrarumcon-

262 2961 276 3008 3
314 2955 432 3026 Cumque
440 2957 492 3010 hoc
507 2955 556 3008 deo
566 2953 680 3022 propitio
689 2957 828 3022 peractum
845 2959 892 3020 est,
908 2955 1071 3008 Tritoniano
1124 2955 1292 3008 stitutionem
1308 2957 1391 3008 robur
1410 2955 1446 3008 eis
1466 2951 1732 3008 accommodanmus.

261 3023 315 3078 viro
339 3023 478 3092 magnifico
503 3023 629 3092 magistro
653 3027 681 3076 et
698 3027 874 3092 exquaestore
892 3023 962 3076 sacri
978 3023 1071 3092 palatii
1124 3025 1157 3074 ‘l¹
1209 3021 1317 3076 Summa
1339 3023 1431 3092 itaque
1455 3037 1506 3092 ope
1530 3027 1557 3078 et
1580 3021 1663 3076 alacri
1688 3021 1775 3076 studio
1798 3023 1848 3076 has
1866 3021 1936 3092 leges

261 3091 345 3148 nostri
359 3107 408 3146 nec
424 3107 477 3146 ison
492 3089 640 3158 Theophila
656 3095 683 3144 et
696 3089 833 3146 Dorotheo
848 3089 911 3144 viris
926 3089 1071 3144 illustribus
1124 3095 1230 3146 nostras
1244 3091 1359 3160 accipite
1373 3097 1399 3146 et
1412 3095 1515 3146 vosmet
1528 3091 1600 3160 ipsos
1616 3089 1654 3144 sic
1670 3089 1787 3146 eruditos
1797 3091 1935 3156 ostendite,

260 3161 482 3224 antecessoribus,
501 3173 615 3230 quorum
630 3157 760 3214 omnium⁵
778 3159 924 3212 sollertiam
942 3165 968 3212 et
985 3159 1072 3228 legum
1124 3163 1155 3212 ut
1177 3173 1238 3230 spes
1261 3173 1308 3214 vos
1336 3161 1515 3230 pulcherrima
1536 3159 1628 3214 foveat
1649 3161 1705 3212 toto
1723 3157 1839 3228 legitimo
1858 3173 1935 3242 opere

261 3229 398 3284 sciendam
424 3233 451 3282 et
474 3227 546 3284 eirca
569 3231 677 3282 nostras
699 3227 830 3282 iussiones
856 3227 935 3282 fidem
960 3227 1014 3282 iam
1040 3243 1073 3282 ex
1124 3227 1548 3296 perfectoposseetiamncstram
1562 3227 1762 3296 rempublicam
1775 3227 1803 3284 in
1817 3229 1938 3300 parabus

261 3297 350 3352 multis
368 3313 456 3352 rernm
475 3297 636 3366 argumentis
655 3297 821 3366 accepimus,
841 3297 994 3352 ccrivocatis
1012 3311 1071 3366 spe·
1125 3297 1181 3352 eius
1199 3295 1273 3352 vobis
1293 3299 1454 3354 credendis⁹
1470 3297 1630 3368 gnbernare.

262 3367 363 3420 cialiter
380 3365 571 3430 mandavimus,
588 3371 621 3420 ut
637 3365 905 3420 nostraauctoritate
922 3365 1020 3420 nostris
1040 3381 1072 3418 ue
1158 3365 1232 3420 Data
1253 3365 1395 3422 undecimo
1406 3367 1578 3422 ¹⁰.kalendas
1596 3364 1758 3422 Decembres
1786 3365 1938 3420 Constanti·

261 3431 429 3488 suasionibus
448 3437 611 3502 componant
627 3431 822 3486 institutiones:
847 3437 879 3487 ut
900 3433 981 3488 bceat
998 3381 1071 3488 uNris
1122 3431 1215 3504 napoli
1238 3433 1344 3490 domino
1368 3443 1461 3494 nostro
1484 3439 1633 3494 Iustiniano
1665 3447 1795 3510 perpetuo
1822 3443 1941 3510 angusto

260 3503 345 3572 prima
359 3503 446 3572 legum
460 3501 594 3556 cunabula
609 3517 664 3556 non
674 3501 707 3554 ab
717 3499 834 3570 antiquis
848 3499 948 3554 fabulis
962 3501 1071 3566 discere,
1124 3503 1232 3558 tertium
1250 3503 1368 3560 consule.

261 3573 307 3626 sed
332 3571 366 3626 ab
389 3569 519 3640 imperiali
542 3569 684 3638 splendore
709 3573 835 3638 appetere
862 3573 889 3626 et
914 3575 970 3624 tam
995 3585 1072 3624 aures

1424 3703 1937 3710 n—-ss-..Mnffl-u—n—-n

270 3749 300 3816 (t)
318 3751 353 3802 sic
369 3749 432 3802 PW
443 3769 494 3802 com
511 3751 542 3816 Θ,
560 3749 720 3816 iniquitatem
735 3751 794 3802 BU
841 3779 844 3786 ,
892 3751 925 3818 (a)
942 3753 978 3804 sic
992 3751 1080 3804 PEW
1126 3767 1224 3804 omnem
1242 3749 1321 3804 BW⁶
1421 3749 1455 3818 (t)
1472 3745 1540 3816 μετὰ
1558 3749 1649 3818 τριετῆ
1668 3749 1692 3800 Θ
1790 3749 1825 3812 (t)
1843 3747 1935 3814 reperti

271 3839 321 3870 crim
338 3819 368 3882 U,
386 3817 518 3884 diligentia
533 3819 592 3872 BU
681 3821 714 3886 (a)
731 3821 768 3880 εἰσ
782 3821 831 3872 Pa
845 3839 896 3872 cnm
912 3821 944 3884 Θ,
960 3833 1076 3872 numero·
1127 3839 1170 3874 om.
1187 3821 1228 3872 B⁰
1244 3829 1328 3872 canno
1345 3821 1368 3870 Θ
1441 3817 1476 3882 (8)
1494 3821 1530 3870 εἰσ
1547 3819 1574 3870 Β
1580 3817 1605 3868 U
1618 3835 1668 3868 cum
1685 3815 1716 3882 Θ,
1734 3815 1896 3866 contulerunt
1915 3815 1937 3866 V

271 3905 309 3938 sne
326 3887 384 3938 BU
456 3889 490 3956 (4)
507 3887 640 3956 praestitae
656 3887 683 3940 B
761 3887 794 3956 (a)
812 3891 848 3940 sic
868 3887 962 3940 UPW⁰
978 3905 1029 3940 cum
1046 3887 1081 3956 U,
1127 3889 1162 3956 (9)
1179 3893 1215 3942 sic
1235 3887 1314 3952 VUP,
1333 3885 1481 3938 credendam
1496 3887 1531 3938 B
1604 3885 1650 3948 (lo)
1667 3885 1703 3934 sic
1721 3883 1800 3946 VPE,
1817 3899 1833 3932 x
1848 3881 1909 3934 ΒΗ
