4366 6258
256 369 507 418 onnnnnnrrar.
523 347 1235 460 summasunmna—mdiu*
1432 439 1435 444 ¹
1693 349 1801 414 TNST·
1822 351 1880 430 ΠΙ,
1907 353 1920 412 1

254 559 316 598 suus
333 541 408 594 heres
428 541 541 596 existere
557 547 659 610 potest:
685 555 716 592 eo
739 545 858 606 tempore
882 539 1062 608 quaerendum
1114 543 1145 592 13
1181 541 1305 600 desinunt
1320 537 1509 596 inliberarim
1526 537 1635 592 numero
1654 551 1719 592 esse.
1751 537 1922 594 Admonon'di

254 615 306 672 est,
331 623 381 676 quo
407 615 507 662 certum
532 617 571 664 est
588 611 700 676 aliquem
719 607 776 658 sine
794 611 951 660 testamento
971 607 1060 660 deces-
1113 613 1201 660 tamen
1220 625 1311 662 snmus
1328 625 1383 674 eos,
1402 609 1446 678 qui
1464 609 1491 662 iu
1509 603 1633 674 adoptiva
1649 603 1749 658 familia
1764 611 1827 658 srrnt
1843 607 1927 676 quive¹

255 679 332 732 sisse:
359 675 429 742 quod
459 677 558 730 accidit
587 679 631 730 et¹
655 673 781 728 destituto
808 679 977 730 testamento.
1009 673 1062 728 hac
1113 681 1174 742 post
1202 681 1313 744 mortem
1336 677 1466 730 naturalis
1490 673 1608 744 parentis
1633 672 1667 725 ab
1694 673 1819 742 adoptivo
1844 679 1922 742 patre

254 745 354 798 ratione
371 745 394 796 si
411 743 481 800 iilius
499 743 674 798 exheredatus
691 741 772 796 fuerit
788 747 813 796 ct
829 749 970 796 extraneus
984 741 1061 796 heres
1100 743 1272 810 emancipati
1289 743 1394 810 fuerint,
1412 745 1538 798 intestato
1556 745 1665 810 parente
1682 739 1799 796 namneti
1815 747 1920 796 mortuo

254 811 387 868 institutus
407 817 454 876 est,
473 811 528 866 filio
545 815 649 864 mortuo
665 813 758 878 postea
775 815 876 862 centvm
890 809 972 862 fuerit
986 809 1061 862 here·
1112 811 1174 864 lieet
1192 825 1224 864 ea
1241 815 1317 880 parte
1335 811 1428 876 edicti,
1453 829 1506 882 qua
1522 811 1599 866 liberi
1616 807 1650 862 ad
1667 809 1797 862 bonorum
1814 825 1921 878 posses-

254 881 311 934 dem
328 879 479 932 institutum
497 895 530 932 ex
546 881 705 930 testamento
723 895 777 930 non
791 877 849 930 fieri
862 877 996 942 heredem,
1015 883 1062 930 aut
1112 877 1213 932 sionem
1231 883 1374 942 vocantur,
1392 895 1446 934 non
1464 881 1651 942 admittantur,
1670 877 1722 930 alia
1739 881 1827 930 tamen
1844 883 1921 946 parte

255 949 315 1014 orric
331 946 415 1000 noluit
438 961 497 1000 esse
519 945 597 998 heres
620 949 667 998 aut
689 945 752 1012 quia
776 961 829 1000 non
851 945 951 1012 potuit:
977 961 1061 1014 nepos
1112 945 1209 1008 vocari,
1229 945 1256 998 id
1274 949 1314 998 est
1330 961 1383 1012 qua
1400 947 1506 1012 cognati
1524 945 1641 1000 defuncti
1655 949 1792 998 vocantur.
1820 959 1853 998 ex
1868 961 1921 1012 qua

254 1029 301 1068 avo
320 1027 383 1066 suus
401 1013 477 1066 heres
495 1011 597 1076 existet,
617 1011 679 1078 quia
697 1029 747 1080 quo
767 1017 885 1082 ternpore
903 1015 1003 1066 certum
1022 1017 1062 1066 est
1112 1017 1188 1080 parte
1205 1013 1244 1064 ita
1262 1011 1444 1076 admittuntur,
1462 1015 1485 1066 si
1502 1031 1586 1084 neque
1603 1013 1644 1068 sui
1659 1010 1768 1066 heredes
1783 1011 1859 1064 liberi
1874 1027 1920 1064 ne·

254 1083 406 1136 intestatum
424 1079 569 1134 decessisse
587 1085 689 1146 patrem
711 1079 839 1142 familias,
863 1079 936 1132 solus
960 1081 1060 1132 inveni·
1113 1095 1164 1148 que
1182 1079 1341 1146 emancipati
1358 1079 1465 1132 obstent
1481 1097 1568 1150 neque
1585 1081 1714 1150 adguatus
1730 1079 1835 1148 quidem
1850 1079 1921 1132 ullus

255 1153 269 1204 8
304 1153 348 1200 tur
364 1163 456 1216 nepos.
484 1151 510 1200 et
523 1147 575 1200 hoc
590 1153 690 1200 certum
704 1151 751 1200 est.
787 1147 824 1200 Et
838 1145 900 1200 licet
914 1151 977 1216 post
990 1165 1060 1202 mor·
1112 1147 1281 1200 interveniat:
1301 1151 1362 1200 ante
1380 1147 1449 1198 enim
1463 1153 1570 1216 praetor
1584 1151 1680 1204 liberos
1694 1153 1773 1202 vocat
1787 1153 1842 1200 tam
1857 1161 1920 1200 snos

254 1221 306 1270 tent
323 1215 365 1268 avi
382 1219 461 1268 natus
479 1213 522 1278 sit,
540 1219 628 1268 tamen
647 1231 694 1268 avo
710 1215 767 1268 vivo
785 1219 938 1282 conceptus,
957 1219 1060 1270 mortuo
1111 1215 1223 1268 heredes
1259 1229 1320 1266 uam
1338 1213 1527 1282 emancipatos,
1546 1217 1639 1272 deinde
1655 1217 1784 1286 legitimos
1801 1215 1920 1276 heredes,

255 1289 328 1404 patre
359 1283 416 1338 eius
442 1287 588 1350 posteaque
614 1281 717 1336 deserto
743 1283 786 1336 avi
810 1287 969 1336 testamento
996 1297 1060 1336 suus
1114 1285 1144 1334 14
1180 1231 1275 1336 deinde
1292 1281 1428 1348 proximos
1446 1287 1581 1348 cognatos.
1617 1285 1669 1338 Sed
1692 1299 1723 1338 ea
1746 1283 1835 1336 omnia
1852 1281 1920 1336 anti·

274 1365 328 1404 eres
346 1349 468 1404 efficitur.
495 1351 575 1418 plane
593 1349 616 1402 si
633 1355 659 1402 et
677 1355 822 1418 conceptus
841 1355 867 1402 et
884 1355 963 1402 natus
981 1349 1061 1402 fuerit
1112 1349 1209 1418 quitati
1226 1349 1331 1418 quidem
1349 1349 1521 1416 placuerunt:
1547 1349 1661 1418 aliquam
1684 1357 1772 1406 autem
1796 1347 1920 1404 emenda·

255 1421 440 1486 postmortem
458 1417 508 1482 avi,
527 1417 1061 1486 mortnopatresuodesertoquepostea
1112 1417 1212 1472 tionem
1236 1433 1252 1470 a
1277 1421 1370 1470 nostra
1395 1415 1602 1470 constructum
1634 1423 1808 1488 acceperunt,
1842 1433 1921 1486 quam

255 1485 296 1540 avi
313 1489 468 1540 testamento
487 1501 551 1538 suus
568 1485 645 1538 heres
664 1501 712 1540 aro
728 1501 782 1540 non
797 1485 892 1548 existit,
911 1485 974 1552 quia
987 1486 1060 1540 nullo
1112 1501 1193 1552 super
1209 1483 1251 1540 his
1274 1483 1394 1552 personis
1417 1483 1567 1552 posuimus,
1592 1499 1659 1552 quae
1682 1503 1698 1540 a
1721 1489 1842 1556 patribus
1865 1485 1920 1540 suis

254 1555 310 1606 iure
335 1551 498 1622 cognationis
524 1557 626 1622 patrem
649 1553 690 1606 sni
713 1553 798 1622 patris
821 1553 914 1622 tetigit.
950 1553 988 1606 sic
1011 1567 1061 1606 neo
1112 1553 1278 1608 naturalibus
1303 1553 1330 1606 in
1356 1551 1524 1620 adoptionem
1550 1551 1608 1606 aliis
1634 1553 1738 1608 dantur.
1773 1555 1920 1612 invenimus

254 1621 297 1676 iile
321 1625 360 1674 est
383 1621 453 1672 inter
474 1620 572 1675 liberos
595 1635 659 1684 avo,
684 1637 762 1690 quern
785 1621 854 1676 iilius
879 1621 1060 1690 emancipatus
1113 1621 1209 1676 etenim
1227 1621 1367 1674 nonnrdlos
1385 1633 1479 1684 casus,
1496 1619 1524 1672 in
1542 1619 1638 1686 quibus
1655 1621 1701 1672 filii
1718 1627 1743 1674 et
1760 1623 1921 1678 naturalium

255 1689 433 1756 adoptaverat.
465 1687 494 1740 bi
517 1693 606 1742 autem
629 1705 689 1740 curn
712 1703 765 1744 non
789 1695 852 1742 sunt
875 1693 1003 1756 qnantum
1026 1687 1061 1740 ad
1131 1693 1252 1742 arentum
1269 1687 1465 1742 successionem
1487 1693 1598 1756 propter
1622 1687 1791 1756 adoptionem
1815 1691 1920 1744 amitte·

255 1753 426 1810 hereditatem
442 1755 533 1820 liberi,
551 1771 636 1824 neque
653 1755 783 1810 bonorum
800 1755 996 1822 possessionem
1013 1771 1060 1824 pe·
1112 1705 1179 1808 Rani
1201 1761 1228 1808 et
1250 1753 1392 1822 adoptione
1414 1753 1494 1808 facile
1517 1769 1566 1822 per
1583 1755 1816 1822 emancipationem
1834 1757 1922 1810 soluta

254 1829 309 1876 tere
333 1827 447 1888 possunt
473 1823 549 1892 qnasi
574 1821 688 1892 proximi
714 1823 827 1892 cognati.
859 1823 926 1876 baec
950 1823 982 1876 de
1005 1821 1060 1876 suis
1112 1823 1147 1876 ad
1163 1821 1283 1876 neutrius
1300 1821 1385 1890 patris
1403 1821 1597 1876 succmsionem
1614 1821 1788 1876 vocabantur.
1810 1823 1863 1876 hoo
1877 1841 1921 1878 so-

253 1889 401 1944 heredibus
1112 1891 1158 1944 lito
1176 1903 1250 1944 more
1267 1889 1428 1958 corrigentes
1445 1889 1662 1968 constitutionem
1679 1889 1845 1958 scripsimus,
1868 1907 1919 1968 per

254 1963 269 2010 a
335 1957 504 2026 Emancipati
527 1963 615 2012 etitem
638 1957 714 2012 liberi
736 1957 794 2012 iure
817 1957 885 2012 civili
908 1957 974 2012 nibil
995 1957 1060 2012 iuris
1112 1975 1191 2026 quarn
1218 1957 1382 2012 definivimus
1390 1987 1403 2024 ,·
1429 1957 1534 2036 quando
1562 1973 1657 2026 parens
1683 1955 1811 2010 naturalis
1838 1957 1919 2014 iihum

254 2025 365 2080 habenti
389 2041 474 2092 neque
493 2025 561 2080 eninr
578 2025 620 2080 sni
636 2024 747 2080 heredes
765 2029 841 2090 sunt,
860 2027 922 2094 quia
939 2027 966 2080 in
983 2031 1059 2094 pote·
1112 2041 1190 2080 suum
1208 2025 1389 2094 adoptandum
1405 2025 1450 2078 alu
1465 2023 1575 2090 dederit,
1592 2023 1620 2078 in
1633 2039 1694 2092 egra
1709 2025 1797 2078 omnia
1809 2023 1869 2080 iura
1882 2027 1921 2080 ita

254 2097 322 2146 state
339 2107 396 2146 esse
414 2093 549 2146 desierunt
583 2095 689 2158 arentis,
707 2107 793 2162 neque
807 2093 858 2146 aiio
872 2095 927 2148 ullo
941 2095 999 2148 iure
1012 2109 1062 2162 per
1112 2095 1225 2158 servari,
1250 2097 1329 2162 atque
1352 2093 1376 2148 si
1397 2093 1427 2146 in
1448 2093 1533 2162 patris
1557 2093 1686 2146 naturalis
1709 2095 1842 2162 potestate
1859 2109 1921 2160 per-

254 2161 335 2230 legem
350 2159 489 2216 duodecim
503 2161 549 2216 tab
578 2167 803 2216 arnmvocantur.
831 2161 879 2216 sed
893 2167 999 2230 praetor
1012 2177 1060 2216 na·
1112 2161 1253 2216 mansisset
1269 2175 1317 2216 nec
1334 2161 1440 2230 penitus
1455 2159 1563 2230 adoptio
1578 2159 1677 2214 fuerit6
1694 2159 1851 2214 subsecuta:
1869 2161 1921 2214 nisi

254 2227 333 2282 turali
349 2227 482 2296 aequitate
499 2233 586 2284 motus
605 2229 651 2284 dat
668 2229 705 2284 eis
722 2229 852 2284 bonorum
866 2229 1062 2298 possessionem
1111 2229 1140 2284 in
1156 2231 1208 2284 hoc
1225 2227 1407 2284 tantummodo
1427 2245 1506 2294 casu,
1529 2233 1560 2284 ut
1583 2229 1668 2298 possit
1690 2227 1724 2282 ab
1742 2229 1866 2282 intestato
1886 2227 1920 2282 ad

254 2295 324 2350 unde
338 2295 423 2360 liberi,
461 2297 551 2350 erinde
569 2311 600 2350 ac
618 2297 684 2350 siin
702 2301 836 2364 potestate
852 2297 971 2366 parentis
989 2313 1060 2352 mor·
1111 2297 1195 2366 patris
1219 2297 1335 2364 adoptivi
1357 2295 1445 2350 venire
1468 2297 1669 2352 successionem.
1697 2299 1854 2350 testamento
1872 2311 1920 2350 au·

254 2365 287 2416 tis
305 2313 566 2434 respondissent,
584 2365 847 2418 sivesolisintsive
865 2365 1059 2418 cumsuishe·
1112 2369 1164 2418 tem
1189 2365 1223 2416 ab
1247 2381 1279 2418 eo
1301 2363 1375 2418 facto
1397 2379 1485 2434 neque
1506 2365 1564 2418 iure
1588 2363 1655 2418 civili
1677 2379 1762 2432 neque
1787 2363 1919 2432 praetorio

254 2431 359 2486 reditus
377 2437 546 2486 concurrant.
573 2431 662 2500 itaque
676 2431 780 2486 duobus
795 2431 885 2486 liberis
899 2431 1059 2498 extantibus,
1112 2431 1212 2500 aliquid
1229 2447 1263 2486 err
1278 2429 1425 2486 hereditate
1442 2431 1498 2488 eius
1515 2431 1638 2500 persequi
1652 2437 1740 2500 potest
1754 2445 1840 2500 neque
1856 2449 1920 2486 con-

255 2497 416 2566 emaneipato
436 2503 462 2554 et
479 2501 525 2568 qui
541 2501 633 2554 mortis
650 2505 768 2568 tempore
782 2499 810 2554 in
824 2505 957 2568 potestate
971 2501 1059 2566 fuerit,
1111 2505 1154 2554 tra
1176 2501 1282 2554 tabulas
1305 2499 1436 2554 bonorum
1459 2499 1627 2570 possessione
1652 2499 1743 2568 agnita
1768 2515 1854 2566 neque
1878 2499 1918 2552 in-

254 2581 318 2620 sane
335 2567 438 2634 quidem
455 2567 479 2620 is
514 2567 542 2622 ui
557 2569 585 2620 in
602 2571 735 2636 potestate
751 2567 832 2620 fuerit
850 2569 922 2622 solus
940 2569 998 2622 iure
1022 2569 1059 2620 oi·
1112 2569 1226 2622 officiosi
1244 2569 1358 2636 querella
1375 2569 1509 2632 instituta,
1535 2585 1595 2622 curn
1617 2581 1667 2622 nec
1688 2567 1833 2622 necessitas
1850 2567 1920 2636 patri

254 2635 298 2688 vib
314 2633 390 2712 heres
408 2639 462 2698 est,
479 2583 514 2688 idq
525 2641 570 2714 est
583 2636 655 2689 solus
673 2649 738 2712 suus
755 2633 832 2712 beres
851 2641 903 2688 est:
929 2635 975 2690 sed
1000 2651 1059 2690 cunr
1112 2635 1236 2704 adoptivo
1260 2635 1404 2704 imponitur
1426 2635 1467 2690 rel
1488 2635 1611 2690 heredem
1637 2651 1695 2688 eum
1718 2635 1855 2690 instituere
1879 2635 1920 2688 vel

255 2707 434 2770 emancrpatus
458 2701 587 2758 beneficio
610 2707 741 2770 praetoris
764 2719 792 2754 ιιι
817 2707 921 2770 partem
944 2703 1059 2758 admitti·
1112 2703 1301 2758 exheredatum
1325 2703 1415 2758 facere
1441 2707 1534 2774 utpote
1565 2703 1636 2758 ntrllo
1668 2703 1785 2758 manuali
1814 2703 1918 2758 vincrdo

256 2775 285 2824 10
319 2769 388 2834 tur²,
404 2769 541 2834 eremitat
557 2769 760 2836 suusherespro
790 2769 996 2824 ancheresfiat.
1025 2773 1061 2824 At
1112 2773 1275 2840 copulatum.
1301 2785 1387 2840 neque
1409 2771 1434 2824 si
1456 2787 1488 2824 ex
1505 2771 1647 2826 Afiniano⁷
1664 2775 1772 2824 senatus
1796 2771 1918 2824 consulto

254 2837 288 2902 bi,
306 2835 351 2908 qui
368 2837 528 2916 emancipati
545 2853 561 2892 a
577 2843 687 2906 parente
704 2837 732 2890 in
749 2785 921 2904 adoptionem
937 2853 967 2892 se
982 2837 1059 2890 dede·
1112 2839 1246 2892 extribus
1264 2837 1380 2894 naribus
1398 2837 1479 2892 fuerit
1496 2839 1652 2908 adoptatus:
1671 2853 1731 2892 nam
1746 2839 1813 2892 etin
1828 2839 1919 2892 buius·

254 2911 322 2970 runt,
340 2921 393 2984 non
411 2905 587 2958 admittuntur
605 2905 639 2958 ad
655 2905 726 2958 bona
740 2905 870 2958 naturalis
884 2905 970 2974 patris
985 2907 1061 2974 quasi
1112 2905 1184 2960 modi
1208 2921 1274 2960 casu
1296 2923 1383 2986 neque
1406 2911 1503 2974 quana
1528 2907 1551 2960 ei
1575 2911 1695 2962 servatur
1711 2921 1759 2960 nee
1777 2905 1832 2960 ulla
1849 2905 1918 2960 actio

254 2973 335 3040 liberi,
354 2987 377 3026 sr
393 2971 471 3026 modo
491 2989 552 3026 cum
568 2973 591 3028 is
608 2977 754 3028 moreretur
771 2973 799 3026 in
816 2971 943 3040 adoptiva
959 2973 1060 3028 familia
1112 2973 1146 3026 ad
1155 2975 1211 3028 eius
1220 2979 1431 3042 persecutionem
1445 2975 1470 3028 ei
1485 2975 1618 3044 competit.
1646 2979 1737 3028 nostra
1751 2977 1841 3028 antem
1856 2991 1920 3028 con-

254 3041 312 3094 sint.
338 3055 400 3094 nam
417 3041 475 3094 rivo
494 3055 525 3094 eo
544 3039 702 3108 emancipati
719 3041 753 3094 ab
769 3039 894 3108 adoptivo
908 3045 985 3108 patre
999 3055 1059 3108 per·
1092 3041 1248 3094 ¹stitutione
1273 3045 1399 3110 exceptus
1426 3047 1466 3096 est
1490 3043 1527 3106 is,
1560 3057 1637 3110 quem
1669 3057 1764 3110 parens
1790 3041 1918 3096 naturalis

253 3109 312 3164 inde
338 3107 514 3162 admittuntur
539 3109 574 3160 ad
597 3107 669 3162 bona
693 3107 823 3160 naturalis
848 3109 948 3176 patris,
981 3123 1013 3162 ac
1038 3109 1061 3160 si
1112 3107 1292 3176 adoptandum
1309 3109 1468 3178 susceperit:
1485 3115 1599 3178 unoque
1616 3109 1685 3162 enim
1701 3109 1758 3162 iure
1772 3113 1827 3162 tam
1841 3115 1919 3162 natu-

254 3175 461 3244 emaneipatilah
479 3175 557 3244 ipso³
575 3181 663 3230 essent
680 3189 729 3230 neo
746 3189 873 3244 umquam
890 3175 918 3228 in
935 3175 1061 3244 adoptiva
1112 3175 1161 3228 reli
1188 3191 1266 3244 quam
1292 3175 1406 3244 legitimo
1432 3175 1460 3228 in
1484 3175 1554 3230 hanc
1568 3177 1730 3244 personam⁷'
1746 3181 1920 3230 concurrente

253 3243 349 3298 familia
366 3241 495 3298 sumserit:
521 3247 547 3296 et
564 3243 749 3298 convenienter
766 3241 837 3312 quod
854 3241 889 3296 ad
907 3241 1061 3310 adoptivum
1112 3243 1224 3310 pristina
1240 3243 1299 3296 iura
1316 3241 1364 3298 tali
1382 3241 1536 3312 adoptioni⁸
1553 3243 1727 3308 servavimus,
1768 3243 1918 3298 uemadmo-

253 3317 352 3380 patrem
366 3311 483 3382 pertinet
496 3315 681 3364 extraneorum
696 3309 972 3378 locoesseincipiunt.
999 3317 1061 3380 post
1112 3309 1174 3364 dnm
1188 3311 1302 3388 siflpater
1315 3309 1431 3364 familias
1443 3325 1502 3364 sese
1516 3311 1618 3364 dederit
1635 3259 1824 3378 adrogandum.
1852 3327 1920 3380 qrrae

253 3385 360 3436 mortem
377 3395 438 3434 vero
457 3379 587 3434 naturalis
604 3379 687 3448 patris
706 3379 865 3448 emancipati
882 3379 916 3432 ab
935 3377 1060 3448 adoptivo
1112 3379 1262 3448 speeiahter
1285 3383 1312 3432 et
1334 3379 1485 3498 Sinffifflafim
1508 3393 1541 3432 ex
1563 3379 1700 3448 praefatae
1724 3379 1919 3434 constitutionis

254 3453 279 3500 et
301 3451 429 3516 qnantum
452 3447 487 3500 ad
509 3445 581 3500 hunc
606 3461 690 3514 aeque
712 3451 898 3500 extremorum
915 3447 975 3500 loco
993 3445 1062 3500 fiunt
1112 3453 1204 3500 tenore
1241 3449 1335 3500 assunt
1352 3461 1383 3500 οο
1403 3445 1446 3514 igi.

254 3519 280 3568 et
296 3521 423 3584 quantuni
440 3513 477 3568 ad
488 3513 618 3568 naturalis
632 3513 750 3582 parentis
765 3515 836 3568 bona
850 3513 965 3582 pertinet
979 3513 1059 3568 rrihiJo
1114 3517 1143 3566 tt
1180 3531 1182 3534 ·
1226 3517 1279 3566 tem
1296 3517 1414 3586 vetustas
1433 3529 1465 3568 ex
1481 3513 1605 3568 masculis
1619 3515 1771 3582 progenitos
1785 3513 1846 3580 plus
1862 3515 1918 3566 dili-

254 3583 333 3650 magis
350 3583 493 3636 liberorum
509 3581 621 3650 gradum
638 3581 844 3634 nanciscuntur:
864 3579 936 3650 quod
947 3579 1007 3634 ideo
1022 3581 1060 3634 sic
1110 3595 1174 3648 gens
1201 3581 1272 3634 solos
1298 3595 1317 3632 n
1352 3585 1409 3634 otes
1435 3581 1475 3634 vel
1491 3585 1608 3650 neptes,
1635 3583 1680 3650 qui
1706 3597 1738 3634 ex
1761 3581 1828 3634 virili
1853 3597 1919 3634 sexu

253 3649 363 3718 placuit,
388 3649 450 3718 qnia
472 3649 592 3716 iniquum
616 3653 673 3702 erat
695 3663 753 3702 esse
775 3649 802 3702 in
825 3651 960 3716 potestate
976 3649 1060 3716 patris
1112 3647 1285 3712 descendunt,
1355 3663 1463 3702 snorum
1480 3649 1596 3704 vocabat
1612 3649 1806 3704 successionem
1824 3653 1851 3702 et
1866 3647 1919 3702 iuri

254 3715 381 3786 adoptivi,
405 3717 440 3772 ad
464 3731 531 3786 quos
554 3717 626 3770 hone
642 3717 770 3770 naturalis
787 3715 871 3784 patris
888 3715 1059 3784 pertinerent,
1112 3715 1287 3784 adgnatorum
1305 3729 1350 3770 eos
1368 3717 1560 3784 anteponebat:
1579 3721 1688 3784 nepotes
1707 3723 1803 3782 autem,
1823 3715 1869 3784 qui
1886 3733 1919 3770 ex

256 3789 282 3838 11
319 3789 406 3838 utrum
429 3785 465 3838 ad
489 3783 587 3840 liberos
611 3783 666 3838 eius
690 3799 725 3838 an
742 3783 777 3838 ad
795 3783 933 3852 adgnatos.
968 3783 1059 3838 Minus
1111 3783 1216 3838 filiabus
1235 3783 1292 3836 nati
1309 3787 1385 3848 sunt,
1409 3787 1436 3838 et
1451 3789 1611 3854 pronepotes
1630 3799 1663 3838 ex
1680 3785 1803 3854 neptibus
1822 3799 1918 3852 cogna-

254 3867 313 3922 ergo
335 3853 399 3906 iuris
422 3853 524 3906 habent
546 3851 662 3920 adoptivi
678 3867 757 3920 qnam
774 3851 919 3906 naturales.
947 3865 1060 3918 namque
1111 3855 1199 3904 torum
1223 3851 1282 3904 loco
1305 3865 1447 3906 numerans
1470 3857 1532 3922 post
1556 3851 1729 3920 adgnatorum
1753 3853 1850 3904 lineam
1874 3867 1920 3904 ecs

254 3921 385 3976 naturales
404 3919 564 3990 emancipati
581 3919 708 3974 beneficio
723 3919 854 3988 praetoris
868 3919 981 3988 gradrun
994 3919 1059 3974 libe·
1111 3919 1226 3974 vocabat
1242 3923 1297 3972 tam
1314 3919 1342 3972 in
1359 3919 1401 3972 avi
1417 3919 1458 3974 vel
1474 3919 1567 3988 proavi
1583 3919 1695 3974 materni
1710 3937 1789 3988 quam
1802 3919 1831 3972 in
1846 3919 1920 3974 aviae

253 4005 341 4044 rovum
354 3989 476 4054 retinent,
490 3989 554 4042 licet
566 3987 624 4042 iure
639 3987 708 4042 civili
722 3987 849 4058 perdunt:
868 3989 918 4042 ado
938 3987 986 4042 tivi
998 4003 1059 4042 vero
1111 3987 1152 4042 vel
1168 3987 1294 4056 proaviae
1311 3985 1366 4042 sive
1388 3993 1518 4056 paternae
1537 3987 1590 4042 sive
1612 3993 1748 4042 maternae
1772 3989 1918 4042 successio·

254 4057 409 4126 emancipati
427 4061 453 4110 et
475 4057 533 4110 iure
557 4057 624 4110 civili
647 4055 759 4126 perdunt
782 4055 894 4124 madum
917 4005 1061 4110 iberorum
1111 4069 1179 4108 nem.
1216 4055 1269 4108 divi
1291 4059 1380 4108 autern
1403 4055 1554 4124 principes⁰
1577 4069 1630 4108 non
1654 4057 1727 4124 passi
1750 4059 1812 4110 sunt
1838 4055 1920 4108 talem

254 4129 281 4176 et
302 4139 318 4178 a
338 4129 461 4202 praetore
483 4141 538 4178 non
556 4123 740 4178 adinveniunt
767 4129 794 4178 et
815 4129 902 4178 recte:
927 4123 1061 4178 naturalia
1112 4129 1337 4176 contranaturam
1350 4123 1474 4176 iniuriam
1489 4123 1545 4176 sine
1562 4123 1721 4192 competenti
1736 4121 1920 4176 emendatione

255 4191 322 4244 enim
338 4207 396 4244 rura
413 4191 495 4246 civilis
513 4191 582 4246 ratio
600 4205 734 4258 peremere
748 4207 802 4246 non
816 4195 906 4258 potest
920 4207 979 4256 nec,
997 4191 1060 4260 quia
1110 4189 1273 4258 relinquere:
1305 4191 1351 4246 sed
1379 4207 1439 4244 cum
1464 4189 1568 4258 nepotis
1595 4195 1620 4244 et
1644 4189 1797 4258 pronepotis
1823 4203 1920 4242 nomen

255 4257 376 4312 desinunt
386 4259 427 4312 sni
435 4259 546 4312 heredes
555 4273 621 4324 esse,
638 4257 756 4312 desinere
770 4263 884 4326 possunt
898 4259 945 4312 filii
959 4257 1060 4312 filiaeve
1111 4273 1250 4312 commune
1273 4261 1314 4312 est
1334 4257 1491 4328 uunquam,
1510 4259 1556 4326 qui
1573 4261 1627 4310 tarn
1646 4273 1678 4310 ex
1694 4255 1819 4310 masculis
1840 4273 1920 4324 quam

254 4329 300 4378 aut
317 4331 424 4392 nepotes
443 4331 568 4394 neptesve
585 4339 657 4380 esse:
681 4327 799 4396 adoptivi
820 4341 882 4382 vero
901 4327 1066 4396 emancipati,
1111 4339 1144 4378 ex
1161 4325 1266 4380 leminis
1285 4325 1457 4390 descendunt,
1474 4325 1533 4378 ideo
1552 4325 1664 4378 eundem
1679 4323 1791 4390 gradum
1808 4327 1835 4376 et
1849 4323 1918 4376 ordi·

255 4397 435 4448 extremorum
452 4393 511 4446 looo
530 4393 660 4462 incipiunt
677 4409 748 4458 ease,
773 4393 836 4462 quia
852 4393 894 4448 ius
912 4409 1059 4462 nomenque
1110 4409 1170 4446 nem
1189 4393 1363 4446 successionis
1382 4393 1419 4446 eis
1435 4393 1613 4462 donaverunt:
1637 4391 1683 4444 sed
1701 4395 1731 4444 ut
1748 4389 1846 4458 aliquid
1862 4405 1919 4444 arn·

254 4457 300 4512 filii
323 4459 438 4524 filiaeve,
462 4461 534 4540 quod
560 4477 608 4530 per
631 4461 800 4530 adoptionem
825 4463 963 4516 consecuti
988 4467 1059 4526 sunt,
1110 4461 1179 4528 plius
1198 4459 1233 4514 sit
1250 4459 1296 4524 eis,
1314 4459 1359 4528 qui
1376 4477 1430 4514 non
1446 4459 1532 4512 solum
1549 4463 1669 4522 naturae,
1687 4457 1734 4510 sed
1751 4459 1831 4510 etiam
1847 4465 1918 4512 vete-

254 4525 306 4580 alia
330 4525 397 4580 civili
422 4533 540 4594 rabone,
566 4527 594 4582 id
619 4535 660 4582 est
686 4531 911 4600 emancipatione,
936 4527 1058 4600 perdunt.
1110 4529 1146 4582 ris
1164 4529 1230 4582 iuris
1247 4527 1371 4596 suffragio
1389 4527 1558 4590 muniuntur,
1581 4525 1730 4594 portionem
1747 4531 1873 4594 nepotum
1892 4531 1919 4580 et

257 4597 285 4648 tr
318 4593 419 4648 Eadem
435 4597 503 4650 haee
521 4597 694 4650 observantur
712 4603 738 4650 et
754 4597 785 4650 in-
800 4611 832 4650 ea
848 4597 980 4652 bonorum
996 4613 1059 4666 pos·
1110 4597 1227 4666 neptium
1243 4597 1285 4648 vel
1298 4595 1431 4662 deinceps,
1450 4593 1483 4648 de
1496 4591 1592 4662 quibus
1606 4609 1687 4660 supra
1701 4591 1823 4660 diximus,
1838 4595 1919 4662 paulo

254 4663 382 4726 sessione,
407 4679 487 4732 quam
513 4669 609 4716 contra
632 4663 738 4718 tabulas
764 4665 917 4720 testamenti
941 4665 1059 4734 parentis
1110 4663 1279 4716 minuendam
1305 4677 1363 4718 esse
1388 4661 1618 4726 existimaverunt,
1644 4665 1676 4714 ut
1701 4661 1788 4716 miuus
1813 4663 1919 4716 tertiam

254 4729 340 4784 liberis
362 4731 526 4798 praeteritis,
552 4731 580 4784 id
602 4735 642 4784 est
664 4745 750 4798 neque
771 4731 913 4786 heredibus
930 4731 1059 4786 institutis
1109 4733 1243 4850 partem¹²
1270 4731 1435 4800 acciperent,
1461 4741 1542 4796 quam
1567 4733 1652 4780 mater
1678 4743 1768 4782 eorum
1793 4729 1836 4784 vel
1860 4731 1920 4784 avia

254 4811 337 4864 neque
350 4803 381 4850 ut
395 4803 500 4864 oportet
514 4797 690 4864 exheredatis,
705 4801 812 4864 praetor
825 4801 974 4866 pollicetur.
998 4815 1059 4852 narn
1121 4803 1198 4852 uerat
1216 4803 1373 4864 acceptura,
1391 4795 1433 4848 vel
1449 4799 1527 4864 peter
1545 4809 1635 4850 eorum
1652 4795 1693 4852 vel
1710 4811 1774 4852 arus
1791 4803 1919 4866 paternus

254 4879 299 4918 eos
316 4863 428 4932 quidem,
446 4867 492 4934 qui
508 4865 537 4918 in
554 4867 686 4934 potestate
699 4867 818 4934 parentis
833 4867 926 4920 mortis
941 4873 1059 4934 tempore
1110 4865 1164 4918 sive
1187 4869 1336 4926 maternus,
1361 4861 1467 4930 quando
1490 4861 1590 4916 femina
1611 4869 1717 4918 mortua
1739 4865 1775 4918 sit
1792 4865 1867 4920 onius
1886 4865 1919 4918 de

253 4931 367 4996 luerunt,
386 4935 411 4986 et
428 4933 609 5000 emancipatos
626 4937 705 4984 vocat
722 4939 831 5000 praetor
848 4933 883 4986 ad
900 4949 959 4986 eam
976 4933 1059 4988 bono·
1109 4933 1257 4986 hereditate
1274 4931 1368 4998 agitur,
1385 4929 1488 4998 hisque,
1505 4929 1568 4984 licet
1578 4931 1599 4964 ¹2
1616 4933 1666 4986 soli
1679 4933 1740 4996 sint,
1759 4931 1918 4986 adeuntibus

254 5015 311 5050 rom
327 4999 534 5068 possessionem:
554 5015 599 5054 eos
617 5013 692 5064 vero,
711 4999 756 5068 qui
773 4999 801 5052 in
818 4999 944 5068 adoptiva
960 4999 1069 5054 familia
1110 4999 1241 5068 adgnatos
1266 4997 1371 5052 minime
1395 4997 1537 5052 vocabant.
1573 5003 1601 5052 et
1625 4999 1844 5068 quemadmodum
1874 5001 1919 5054 lex

254 5065 360 5122 lumunt
375 5081 423 5134 per
439 5065 491 5122 hoo
513 5073 633 5136 tempus,
657 5081 708 5134 quo
731 5065 861 5120 naturalis
883 5083 981 5134 parens
1004 5083 1059 5122 mo·
1111 5063 1251 5120 duodecim
1264 5063 1417 5136 tabularum
1430 5061 1484 5118 filio
1498 5071 1602 5122 mortuo
1617 5071 1728 5136 nepotes
1740 5067 1783 5122 vel
1796 5073 1888 5136 neptes
1898 5067 1920 5100 ¹³

254 5139 369 5200 reretur,
387 5133 498 5200 repellit.
524 5133 588 5188 item
605 5133 743 5200 adoptivos
761 5133 859 5188 liberos
878 5135 1059 5204 emancipatos
1110 5133 1151 5188 vel
1167 5137 1328 5202 pronepotes
1346 5135 1531 5202 etproneptes
1548 5135 1576 5188 in
1592 5135 1681 5190 locum
1697 5135 1781 5204 patris
1798 5135 1840 5188 sui
1853 5135 1919 5188 ad¹⁴

254 5203 287 5256 ab
305 5201 427 5270 adoptivo
444 5205 522 5270 patre
539 5201 610 5256 sicut
626 5201 660 5254 ab
677 5201 811 5264 intestato,
830 5201 869 5254 ita
880 5203 959 5270 longe
972 5203 1059 5256 minus
1110 5199 1306 5254 successionem
1318 5199 1395 5254 ravist
1410 5207 1503 5258 vocata
1525 5201 1565 5256 ita
1588 5207 1614 5258 et
1635 5203 1788 5274 principalis
1805 5201 1918 5270 disposi-

255 5275 345 5322 contra
362 5269 468 5322 tabulas
485 5269 637 5324 testamenti
650 5267 685 5322 ad
699 5269 771 5324 bona
785 5267 841 5320 eius
856 5269 980 5332 admittit,
998 5269 1061 5338 qnia
1110 5267 1147 5320 tio
1157 5269 1179 5302 ¹⁶
1196 5267 1225 5320 in
1241 5268 1329 5321 locum
1351 5269 1443 5326 mamb
1466 5285 1532 5326 suae
1552 5269 1594 5324 vel
1616 5269 1691 5324 aviae
1714 5285 1760 5326 eos
1783 5285 1844 5324 cum
1865 5269 1919 5322 iam

255 5437 284 5498 11)
302 5435 494 5498 etJTrWrcum
505 5435 878 5501 el,exB,aa(veletllexT²
973 5439 1005 5500 (2)
1024 5437 1061 5488 sic
1110 5437 1188 5488 BTo
1269 5439 1302 5500 (a)
1323 5439 1482 5502 coaonae
1570 5441 1614 5504 (to)
1632 5437 1919 5502 stadumusqueBiv

254 5503 597 5570 B,iuparteadmittaturT
692 5507 724 5568 (a)
742 5503 1065 5572 apserntpsopanerrr
1111 5505 1152 5568 (11)
1169 5505 1467 5572 sithhtertiaparteB
1550 5509 1595 5572 (la)
1613 5505 1777 5570 hisquelicet]
1790 5505 1918 5568 0,hisqoi

255 5571 287 5636 (t)
305 5571 465 5636 adiuvantur]
474 5571 534 5636 Bo,
544 5571 695 5622 adhibentur
706 5575 731 5624 Τ
785 5573 817 5636 (t)
839 5571 897 5622 Cod-
907 5571 930 5632 8,
937 5581 963 5622 rt
971 5573 1059 5634 (181111
1109 5571 1624 5640 licatB,hisqntlicctsi(stoddenstat)
1634 5571 1876 5636 Pthisquesoilicet
1885 5569 1919 5622 P

251 5641 287 5704 (t)
303 5641 376 5704 ric-T,
390 5639 510 5690 tuentii
587 5635 1056 5702 (tlatnian01BCodAEtcdhflnie-
1111 5639 1154 5702 (1³)
1169 5641 1822 5706 nopotcmvclnepotesBEnapotcsvelneptem0¹¹
1874 5641 1918 5704 (14)

253 5705 311 5756 niun
326 5701 430 5778 δόγμα),
449 5705 594 5756 ο1ο1ιίιιίοιιο
611 5707 648 5770 W,
665 5707 802 5770 papiniano
815 5707 848 5770 E,
864 5703 996 5754 sabiniano
1012 5703 1061 5754 Tc
1110 5707 1373 5770 salmanassar
1442 5705 1730 5772 (telari1B,cvisuiT
1793 5707 1839 5764 (tt)
1860 5707 1918 5758 Ccd.

252 5775 285 5836 (t)
303 5775 381 5836 rteB,
397 5773 613 5840 hucpercunaTO
684 5773 720 5834 181
737 5771 1057 5838 sacramentonum
1110 5775 1135 5834 6,
1145 5785 1201 5836 tae
