<?xml version="1.0" encoding="UTF-8"?>
<!DOCTYPE html PUBLIC "-//W3C//DTD XHTML 1.0 Transitional//EN"
    "http://www.w3.org/TR/xhtml1/DTD/xhtml1-transitional.dtd">
<html xmlns="http://www.w3.org/1999/xhtml" xml:lang="en" lang="en">
 <head>
  <title>
</title>
<meta http-equiv="Content-Type" content="text/html;charset=utf-8" />
  <meta name='ocr-system' content='tesseract 3.04.00' />
  <meta name='ocr-capabilities' content='ocr_page ocr_carea ocr_par ocr_line ocrx_word'/>
</head>
<body>
  <div class='ocr_page' id='page_1' title='image "./corpusiuriscivi00schogoog/corpusiuriscivi00schogoog_0742.png"; bbox 0 0 4366 6258; ppageno 0'>
   <div class='ocr_carea' id='block_1_1' title="bbox 1739 317 1958 416">
    <p class='ocr_par' dir='ltr' id='par_1_1' title="bbox 1739 317 1958 416">
     <span class='ocr_line' id='line_1_1' title="bbox 1739 317 1958 416; baseline 0.023 -4"><span class='ocrx_word' id='word_1_1' title='bbox 1739 349 1911 416; x_wconf 72' lang='lat' dir='ltr'><strong>nnana</strong></span> <span class='ocrx_word' id='word_1_2' title='bbox 1956 317 1958 320; x_wconf 70' lang='grc'><strong>’</strong></span> 
     </span>
    </p>
   </div>
   <div class='ocr_carea' id='block_1_2' title="bbox 1037 345 1099 418">
    <p class='ocr_par' dir='ltr' id='par_1_2' title="bbox 1037 345 1099 418">
     <span class='ocr_line' id='line_1_2' title="bbox 1037 345 1099 418; baseline 0 0"><span class='ocrx_word' id='word_1_3' title='bbox 1037 345 1099 418; x_wconf 82' lang='grc'><strong>631</strong></span> 
     </span>
    </p>
   </div>
   <div class='ocr_carea' id='block_1_3' title="bbox 245 369 537 420">
    <p class='ocr_par' dir='ltr' id='par_1_3' title="bbox 245 369 537 420">
     <span class='ocr_line' id='line_1_3' title="bbox 245 369 537 420; baseline -0.01 -1"><span class='ocrx_word' id='word_1_4' title='bbox 245 371 285 420; x_wconf 76' lang='lat' dir='ltr'><strong>lla</strong></span> <span class='ocrx_word' id='word_1_5' title='bbox 304 369 537 418; x_wconf 71' lang='lat' dir='ltr'><strong>trasumenum</strong></span> 
     </span>
    </p>
   </div>
   <div class='ocr_carea' id='block_1_4' title="bbox 242 527 1951 3190">
    <p class='ocr_par' dir='ltr' id='par_1_4' title="bbox 242 527 1951 2716">
     <span class='ocr_line' id='line_1_4' title="bbox 243 527 1911 604; baseline -0.003 -17"><span class='ocrx_word' id='word_1_6' title='bbox 243 535 381 598; x_wconf 85' lang='lat' dir='ltr'><strong>difficilem,</strong></span> <span class='ocrx_word' id='word_1_7' title='bbox 398 535 477 586; x_wconf 88' lang='lat' dir='ltr'><strong>immo</strong></span> <span class='ocrx_word' id='word_1_8' title='bbox 515 547 582 586; x_wconf 89' lang='lat' dir='ltr'><strong>aene</strong></span> <span class='ocrx_word' id='word_1_9' title='bbox 604 533 786 600; x_wconf 86' lang='lat' dir='ltr'><strong>inpossibilem</strong></span> <span class='ocrx_word' id='word_1_10' title='bbox 802 533 984 588; x_wconf 90' lang='lat' dir='ltr'><strong>condicionem</strong></span> <span class='ocrx_word' id='word_1_11' title='bbox 998 533 1047 588; x_wconf 89' lang='lat' dir='ltr'><strong>ad·</strong></span> <span class='ocrx_word' id='word_1_12' title='bbox 1098 533 1153 586; x_wconf 85' lang='lat' dir='ltr'><strong>sive</strong></span> <span class='ocrx_word' id='word_1_13' title='bbox 1176 533 1232 586; x_wconf 88' lang='lat' dir='ltr'><strong>filio</strong></span> <span class='ocrx_word' id='word_1_14' title='bbox 1255 533 1309 586; x_wconf 81' lang='lat' dir='ltr'><strong>siue</strong></span> <span class='ocrx_word' id='word_1_15' title='bbox 1335 535 1408 604; x_wconf 88' lang='lat' dir='ltr'><strong>patri</strong></span> <span class='ocrx_word' id='word_1_16' title='bbox 1435 533 1523 588; x_wconf 91' lang='lat' dir='ltr'><strong>dando</strong></span> <span class='ocrx_word' id='word_1_17' title='bbox 1551 529 1671 602; x_wconf 81' lang='lat' dir='ltr'><strong>pervenit</strong></span> <span class='ocrx_word' id='word_1_18' title='bbox 1695 527 1730 580; x_wconf 87' lang='lat' dir='ltr'><strong>ad</strong></span> <span class='ocrx_word' id='word_1_19' title='bbox 1752 527 1911 594; x_wconf 89' lang='lat' dir='ltr'><strong>libertatem,</strong></span> 
     </span>
     <span class='ocr_line' id='line_1_5' title="bbox 242 551 1912 678; baseline -0.005 -17"><span class='ocrx_word' id='word_1_20' title='bbox 242 601 337 666; x_wconf 76' lang='lat' dir='ltr'><strong>iacent,</strong></span> <span class='ocrx_word' id='word_1_21' title='bbox 358 607 391 660; x_wconf 90' lang='lat' dir='ltr'><strong>nt</strong></span> <span class='ocrx_word' id='word_1_22' title='bbox 413 551 520 654; x_wconf 55' lang='lat' dir='ltr'><strong>aliunde</strong></span> <span class='ocrx_word' id='word_1_23' title='bbox 545 615 577 654; x_wconf 87' lang='lat' dir='ltr'><strong>ea</strong></span> <span class='ocrx_word' id='word_1_24' title='bbox 596 601 707 678; x_wconf 76' lang='lat' dir='ltr'><strong>hbertas</strong></span> <span class='ocrx_word' id='word_1_25' title='bbox 726 601 864 670; x_wconf 81' lang='lat' dir='ltr'>optingere</span> <span class='ocrx_word' id='word_1_26' title='bbox 880 617 935 656; x_wconf 89' lang='lat' dir='ltr'><strong>nou</strong></span> <span class='ocrx_word' id='word_1_27' title='bbox 951 601 1046 670; x_wconf 77' lang='lat' dir='ltr'><strong>possit,</strong></span> <span class='ocrx_word' id='word_1_28' title='bbox 1098 599 1162 668; x_wconf 86' lang='lat' dir='ltr'><strong>quia</strong></span> <span class='ocrx_word' id='word_1_29' title='bbox 1179 603 1207 652; x_wconf 89' lang='lat' dir='ltr'><strong>et</strong></span> <span class='ocrx_word' id='word_1_30' title='bbox 1224 599 1260 652; x_wconf 89' lang='lat' dir='ltr'><strong>ad</strong></span> <span class='ocrx_word' id='word_1_31' title='bbox 1275 605 1380 668; x_wconf 87' lang='lat' dir='ltr'><strong>patrem</strong></span> <span class='ocrx_word' id='word_1_32' title='bbox 1394 601 1551 658; x_wconf 85' lang='lat' dir='ltr'><strong>hereditatis</strong></span> <span class='ocrx_word' id='word_1_33' title='bbox 1566 597 1770 676; x_wconf 80' lang='lat' dir='ltr'><strong>emolumentum</strong></span> <span class='ocrx_word' id='word_1_34' title='bbox 1783 597 1912 676; x_wconf 79' lang='lat' dir='ltr'><strong>persenit.</strong></span> 
     </span>
     <span class='ocr_line' id='line_1_6' title="bbox 243 665 1913 748; baseline -0.005 -20"><span class='ocrx_word' id='word_1_35' title='bbox 243 669 314 730; x_wconf 80' lang='lat' dir='ltr'><strong>veluti</strong></span> <span class='ocrx_word' id='word_1_36' title='bbox 331 667 354 724; x_wconf 90' lang='lat' dir='ltr'><strong>si</strong></span> <span class='ocrx_word' id='word_1_37' title='bbox 371 667 461 722; x_wconf 91' lang='lat' dir='ltr'><strong>heredi</strong></span> <span class='ocrx_word' id='word_1_38' title='bbox 478 667 580 720; x_wconf 76' lang='grc' dir='ltr'><strong>ιιιίιὶεε1</strong></span> <span class='ocrx_word' id='word_1_39' title='bbox 605 667 724 748; x_wconf 75' lang='lat' dir='ltr'><strong>dedisset</strong></span> <span class='ocrx_word' id='word_1_40' title='bbox 743 673 791 722; x_wconf 88' lang='lat' dir='ltr'><strong>aut</strong></span> <span class='ocrx_word' id='word_1_41' title='bbox 812 685 873 724; x_wconf 90' lang='lat' dir='ltr'><strong>eum</strong></span> <span class='ocrx_word' id='word_1_42' title='bbox 890 675 1046 734; x_wconf 88' lang='lat' dir='ltr'><strong>moreretur,</strong></span> <span class='ocrx_word' id='word_1_43' title='bbox 1098 667 1147 748; x_wconf 77' lang='lat' dir='ltr'><strong>sed</strong></span> <span class='ocrx_word' id='word_1_44' title='bbox 1165 673 1191 722; x_wconf 91' lang='lat' dir='ltr'><strong>et</strong></span> <span class='ocrx_word' id='word_1_45' title='bbox 1208 667 1232 722; x_wconf 90' lang='lat' dir='ltr'><strong>si</strong></span> <span class='ocrx_word' id='word_1_46' title='bbox 1248 673 1311 736; x_wconf 87' lang='lat' dir='ltr'><strong>post</strong></span> <span class='ocrx_word' id='word_1_47' title='bbox 1328 675 1440 724; x_wconf 90' lang='lat' dir='ltr'><strong>mortem</strong></span> <span class='ocrx_word' id='word_1_48' title='bbox 1457 671 1505 724; x_wconf 90' lang='lat' dir='ltr'><strong>filii</strong></span> <span class='ocrx_word' id='word_1_49' title='bbox 1521 669 1594 740; x_wconf 91' lang='lat' dir='ltr'><strong>patri</strong></span> <span class='ocrx_word' id='word_1_50' title='bbox 1616 665 1717 724; x_wconf 80' lang='lat' dir='ltr'><strong>dederit</strong></span> <span class='ocrx_word' id='word_1_51' title='bbox 1738 679 1816 734; x_wconf 77' lang='lat' dir='ltr'><strong>quasi</strong></span> <span class='ocrx_word' id='word_1_52' title='bbox 1836 665 1913 720; x_wconf 89' lang='lat' dir='ltr'><strong>here-</strong></span> 
     </span>
     <span class='ocr_line' id='line_1_7' title="bbox 244 733 1913 806; baseline -0.005 -10"><span class='ocrx_word' id='word_1_53' title='bbox 244 741 345 796; x_wconf 89' lang='lat' dir='ltr'><strong>iberum</strong></span> <span class='ocrx_word' id='word_1_54' title='bbox 369 751 427 790; x_wconf 87' lang='lat' dir='ltr'><strong>esse</strong></span> <span class='ocrx_word' id='word_1_55' title='bbox 449 735 585 790; x_wconf 86' lang='lat' dir='ltr'><strong>iussisset:</strong></span> <span class='ocrx_word' id='word_1_56' title='bbox 617 751 655 790; x_wconf 89' lang='grc' dir='ltr'><strong>ειε</strong></span> <span class='ocrx_word' id='word_1_57' title='bbox 683 751 753 788; x_wconf 86' lang='lat' dir='ltr'><strong>emm</strong></span> <span class='ocrx_word' id='word_1_58' title='bbox 780 737 892 792; x_wconf 89' lang='lat' dir='ltr'><strong>libertas</strong></span> <span class='ocrx_word' id='word_1_59' title='bbox 917 739 1048 790; x_wconf 82' lang='lat' dir='ltr'><strong>inutiliter</strong></span> <span class='ocrx_word' id='word_1_60' title='bbox 1099 733 1140 790; x_wconf 86' lang='lat' dir='ltr'><strong>dss</strong></span> <span class='ocrx_word' id='word_1_61' title='bbox 1157 735 1264 802; x_wconf 87' lang='lat' dir='ltr'><strong>heredi,</strong></span> <span class='ocrx_word' id='word_1_62' title='bbox 1287 735 1437 790; x_wconf 82' lang='lat' dir='ltr'><strong>liberarit:</strong></span> <span class='ocrx_word' id='word_1_63' title='bbox 1460 755 1524 792; x_wconf 90' lang='lat' dir='ltr'><strong>nam</strong></span> <span class='ocrx_word' id='word_1_64' title='bbox 1541 737 1609 792; x_wconf 87' lang='lat' dir='ltr'><strong>etsi</strong></span> <span class='ocrx_word' id='word_1_65' title='bbox 1626 735 1684 806; x_wconf 89' lang='lat' dir='ltr'><strong>quis</strong></span> <span class='ocrx_word' id='word_1_66' title='bbox 1702 737 1830 788; x_wconf 85' lang='lat' dir='ltr'><strong>extraneo</strong></span> <span class='ocrx_word' id='word_1_67' title='bbox 1849 733 1913 790; x_wconf 86' lang='lat' dir='ltr'><strong>dara</strong></span> 
     </span>
     <span class='ocr_line' id='line_1_8' title="bbox 244 801 1913 870; baseline -0.002 -10"><span class='ocrx_word' id='word_1_68' title='bbox 244 811 328 868; x_wconf 86' lang='lat' dir='ltr'><strong>latur,</strong></span> <span class='ocrx_word' id='word_1_69' title='bbox 346 803 427 856; x_wconf 88' lang='lat' dir='ltr'><strong>etita</strong></span> <span class='ocrx_word' id='word_1_70' title='bbox 444 803 566 856; x_wconf 87' lang='lat' dir='ltr'><strong>Iulianus</strong></span> <span class='ocrx_word' id='word_1_71' title='bbox 584 801 691 868; x_wconf 83' lang='lat' dir='ltr'><strong>scribit,</strong></span> <span class='ocrx_word' id='word_1_72' title='bbox 710 803 774 870; x_wconf 91' lang='lat' dir='ltr'><strong>quia</strong></span> <span class='ocrx_word' id='word_1_73' title='bbox 791 819 840 858; x_wconf 86' lang='lat' dir='ltr'><strong>nec</strong></span> <span class='ocrx_word' id='word_1_74' title='bbox 858 805 962 858; x_wconf 88' lang='lat' dir='ltr'><strong>animus</strong></span> <span class='ocrx_word' id='word_1_75' title='bbox 980 805 1046 856; x_wconf 87' lang='lat' dir='ltr'><strong>dan·</strong></span> <span class='ocrx_word' id='word_1_76' title='bbox 1098 801 1188 856; x_wconf 90' lang='lat' dir='ltr'><strong>iussus</strong></span> <span class='ocrx_word' id='word_1_77' title='bbox 1207 803 1244 856; x_wconf 90' lang='lat' dir='ltr'><strong>sit</strong></span> <span class='ocrx_word' id='word_1_78' title='bbox 1261 807 1288 856; x_wconf 90' lang='lat' dir='ltr'><strong>et</strong></span> <span class='ocrx_word' id='word_1_79' title='bbox 1304 803 1372 856; x_wconf 91' lang='lat' dir='ltr'><strong>liber</strong></span> <span class='ocrx_word' id='word_1_80' title='bbox 1388 817 1456 868; x_wconf 88' lang='lat' dir='ltr'><strong>esse,</strong></span> <span class='ocrx_word' id='word_1_81' title='bbox 1474 805 1569 860; x_wconf 89' lang='lat' dir='ltr'><strong>deinde</strong></span> <span class='ocrx_word' id='word_1_82' title='bbox 1586 805 1629 860; x_wconf 92' lang='lat' dir='ltr'><strong>hic</strong></span> <span class='ocrx_word' id='word_1_83' title='bbox 1652 801 1744 860; x_wconf 90' lang='lat' dir='ltr'><strong>heredi</strong></span> <span class='ocrx_word' id='word_1_84' title='bbox 1766 801 1845 856; x_wconf 88' lang='lat' dir='ltr'><strong>heres</strong></span> <span class='ocrx_word' id='word_1_85' title='bbox 1868 817 1913 856; x_wconf 85' lang='lat' dir='ltr'><strong>ex-</strong></span> 
     </span>
     <span class='ocr_line' id='line_1_9' title="bbox 244 869 1914 942; baseline -0.003 -16"><span class='ocrx_word' id='word_1_86' title='bbox 244 883 255 934; x_wconf 73' lang='lat' dir='ltr'><strong>a</strong></span> <span class='ocrx_word' id='word_1_87' title='bbox 286 873 336 926; x_wconf 89' lang='lat' dir='ltr'><strong>dae</strong></span> <span class='ocrx_word' id='word_1_88' title='bbox 355 869 488 924; x_wconf 84' lang='lat' dir='ltr'><strong>libertatis</strong></span> <span class='ocrx_word' id='word_1_89' title='bbox 511 875 561 922; x_wconf 90' lang='lat' dir='ltr'><strong>est.</strong></span> <span class='ocrx_word' id='word_1_90' title='bbox 602 869 705 924; x_wconf 83' lang='lat' dir='ltr'><strong>Serrire</strong></span> <span class='ocrx_word' id='word_1_91' title='bbox 727 871 797 926; x_wconf 90' lang='lat' dir='ltr'><strong>Titio</strong></span> <span class='ocrx_word' id='word_1_92' title='bbox 827 887 899 926; x_wconf 86' lang='lat' dir='ltr'><strong>anno</strong></span> <span class='ocrx_word' id='word_1_93' title='bbox 928 877 954 926; x_wconf 96' lang='lat' dir='ltr'><strong>et</strong></span> <span class='ocrx_word' id='word_1_94' title='bbox 979 871 1048 926; x_wconf 88' lang='lat' dir='ltr'><strong>liber</strong></span> <span class='ocrx_word' id='word_1_95' title='bbox 1098 869 1196 934; x_wconf 78' lang='lat' dir='ltr'><strong>litent,</strong></span> <span class='ocrx_word' id='word_1_96' title='bbox 1220 885 1275 926; x_wconf 92' lang='lat' dir='ltr'><strong>non</strong></span> <span class='ocrx_word' id='word_1_97' title='bbox 1292 871 1370 938; x_wconf 88' lang='lat' dir='ltr'><strong>qnasi</strong></span> <span class='ocrx_word' id='word_1_98' title='bbox 1386 871 1414 922; x_wconf 93' lang='lat' dir='ltr'><strong>in</strong></span> <span class='ocrx_word' id='word_1_99' title='bbox 1432 875 1553 928; x_wconf 77' lang='lat' dir='ltr'><strong>extranei</strong></span> <span class='ocrx_word' id='word_1_100' title='bbox 1568 889 1698 942; x_wconf 90' lang='lat' dir='ltr'><strong>persona,</strong></span> <span class='ocrx_word' id='word_1_101' title='bbox 1722 869 1770 924; x_wconf 89' lang='lat' dir='ltr'><strong>sed</strong></span> <span class='ocrx_word' id='word_1_102' title='bbox 1792 869 1869 938; x_wconf 87' lang='lat' dir='ltr'><strong>quasi</strong></span> <span class='ocrx_word' id='word_1_103' title='bbox 1885 871 1914 922; x_wconf 93' lang='lat' dir='ltr'><strong>in</strong></span> 
     </span>
     <span class='ocr_line' id='line_1_10' title="bbox 245 937 1914 1006; baseline -0.005 -6"><span class='ocrx_word' id='word_1_104' title='bbox 245 957 294 1000; x_wconf 86' lang='lat' dir='ltr'><strong>esse</strong></span> <span class='ocrx_word' id='word_1_105' title='bbox 310 939 397 992; x_wconf 89' lang='lat' dir='ltr'><strong>iussus</strong></span> <span class='ocrx_word' id='word_1_106' title='bbox 416 937 486 990; x_wconf 89' lang='lat' dir='ltr'><strong>Titio</strong></span> <span class='ocrx_word' id='word_1_107' title='bbox 510 943 618 990; x_wconf 90' lang='lat' dir='ltr'><strong>mortuo</strong></span> <span class='ocrx_word' id='word_1_108' title='bbox 641 953 695 992; x_wconf 90' lang='lat' dir='ltr'><strong>non</strong></span> <span class='ocrx_word' id='word_1_109' title='bbox 717 941 810 992; x_wconf 87' lang='lat' dir='ltr'><strong>statim</strong></span> <span class='ocrx_word' id='word_1_110' title='bbox 829 939 900 992; x_wconf 87' lang='lat' dir='ltr'><strong>liber</strong></span> <span class='ocrx_word' id='word_1_111' title='bbox 916 937 975 1006; x_wconf 89' lang='lat' dir='ltr'><strong>fiet,</strong></span> <span class='ocrx_word' id='word_1_112' title='bbox 999 937 1047 994; x_wconf 91' lang='lat' dir='ltr'><strong>sed</strong></span> <span class='ocrx_word' id='word_1_113' title='bbox 1099 943 1113 988; x_wconf 84' lang='grc'>5</span> <span class='ocrx_word' id='word_1_114' title='bbox 1150 937 1257 992; x_wconf 91' lang='lat' dir='ltr'><strong>heredis</strong></span> <span class='ocrx_word' id='word_1_115' title='bbox 1276 937 1425 992; x_wconf 77' lang='lat' dir='ltr'><strong>coamatori</strong></span> <span class='ocrx_word' id='word_1_116' title='bbox 1442 941 1556 1006; x_wconf 88' lang='lat' dir='ltr'><strong>parebit.</strong></span> <span class='ocrx_word' id='word_1_117' title='bbox 1583 941 1730 994; x_wconf 77' lang='lat' dir='ltr'><strong>statuliber</strong></span> <span class='ocrx_word' id='word_1_118' title='bbox 1743 937 1836 992; x_wconf 87' lang='lat' dir='ltr'><strong>decem</strong></span> <span class='ocrx_word' id='word_1_119' title='bbox 1850 937 1914 990; x_wconf 86' lang='lat' dir='ltr'><strong>dare</strong></span> 
     </span>
     <span class='ocr_line' id='line_1_11' title="bbox 245 1003 1912 1076; baseline -0.001 -16"><span class='ocrx_word' id='word_1_120' title='bbox 245 1025 297 1068; x_wconf 74' lang='lat' dir='ltr'><strong>qum</strong></span> <span class='ocrx_word' id='word_1_121' title='bbox 314 1021 398 1060; x_wconf 85' lang='lat' dir='ltr'><strong>araus</strong></span> <span class='ocrx_word' id='word_1_122' title='bbox 416 1003 568 1070; x_wconf 86' lang='lat' dir='ltr'><strong>transierit,</strong></span> <span class='ocrx_word' id='word_1_123' title='bbox 592 1005 663 1072; x_wconf 90' lang='lat' dir='ltr'><strong>quod</strong></span> <span class='ocrx_word' id='word_1_124' title='bbox 680 1005 785 1060; x_wconf 81' lang='lat' dir='ltr'><strong>ridetur</strong></span> <span class='ocrx_word' id='word_1_125' title='bbox 801 1021 856 1060; x_wconf 89' lang='lat' dir='ltr'><strong>non</strong></span> <span class='ocrx_word' id='word_1_126' title='bbox 872 1011 978 1060; x_wconf 88' lang='lat' dir='ltr'><strong>tantum</strong></span> <span class='ocrx_word' id='word_1_127' title='bbox 996 1005 1047 1060; x_wconf 90' lang='lat' dir='ltr'><strong>sub</strong></span> <span class='ocrx_word' id='word_1_128' title='bbox 1098 1003 1189 1060; x_wconf 89' lang='lat' dir='ltr'><strong>iussus</strong></span> <span class='ocrx_word' id='word_1_129' title='bbox 1208 1011 1235 1060; x_wconf 89' lang='lat' dir='ltr'><strong>et</strong></span> <span class='ocrx_word' id='word_1_130' title='bbox 1250 1005 1319 1060; x_wconf 90' lang='lat' dir='ltr'><strong>liber</strong></span> <span class='ocrx_word' id='word_1_131' title='bbox 1337 1021 1408 1070; x_wconf 87' lang='lat' dir='ltr'><strong>esse,</strong></span> <span class='ocrx_word' id='word_1_132' title='bbox 1433 1007 1457 1058; x_wconf 90' lang='lat' dir='ltr'><strong>si</strong></span> <span class='ocrx_word' id='word_1_133' title='bbox 1479 1005 1596 1076; x_wconf 87' lang='lat' dir='ltr'><strong>quinque</strong></span> <span class='ocrx_word' id='word_1_134' title='bbox 1619 1007 1688 1064; x_wconf 87' lang='lat' dir='ltr'><strong>datis</strong></span> <span class='ocrx_word' id='word_1_135' title='bbox 1706 1007 1851 1062; x_wconf 74' lang='lat' dir='ltr'><strong>distramns</strong></span> <span class='ocrx_word' id='word_1_136' title='bbox 1868 1005 1912 1070; x_wconf 88' lang='lat' dir='ltr'><strong>sit,</strong></span> 
     </span>
     <span class='ocr_line' id='line_1_12' title="bbox 245 1073 1913 1144; baseline -0.005 -8"><span class='ocrx_word' id='word_1_137' title='bbox 245 1073 398 1140; x_wconf 88' lang='lat' dir='ltr'><strong>condicione,</strong></span> <span class='ocrx_word' id='word_1_138' title='bbox 416 1073 463 1128; x_wconf 90' lang='lat' dir='ltr'><strong>sed</strong></span> <span class='ocrx_word' id='word_1_139' title='bbox 482 1073 561 1126; x_wconf 88' lang='lat' dir='ltr'><strong>etiam</strong></span> <span class='ocrx_word' id='word_1_140' title='bbox 579 1089 613 1128; x_wconf 84' lang='lat' dir='ltr'><strong>ex</strong></span> <span class='ocrx_word' id='word_1_141' title='bbox 630 1081 750 1144; x_wconf 88' lang='lat' dir='ltr'><strong>tempore</strong></span> <span class='ocrx_word' id='word_1_142' title='bbox 768 1075 832 1128; x_wconf 88' lang='lat' dir='ltr'><strong>data</strong></span> <span class='ocrx_word' id='word_1_143' title='bbox 848 1073 973 1128; x_wconf 73' lang='lat' dir='ltr'><strong>libertast</strong></span> <span class='ocrx_word' id='word_1_144' title='bbox 992 1079 1047 1128; x_wconf 79' lang='lat' dir='ltr'><strong>ete·</strong></span> <span class='ocrx_word' id='word_1_145' title='bbox 1100 1077 1115 1126; x_wconf 84' lang='grc'>6</span> <span class='ocrx_word' id='word_1_146' title='bbox 1149 1073 1259 1128; x_wconf 88' lang='lat' dir='ltr'><strong>residua</strong></span> <span class='ocrx_word' id='word_1_147' title='bbox 1284 1073 1401 1144; x_wconf 91' lang='lat' dir='ltr'><strong>quinque</strong></span> <span class='ocrx_word' id='word_1_148' title='bbox 1424 1073 1540 1140; x_wconf 82' lang='lat' dir='ltr'><strong>emptori</strong></span> <span class='ocrx_word' id='word_1_149' title='bbox 1562 1075 1646 1132; x_wconf 88' lang='lat' dir='ltr'><strong>dabit.</strong></span> <span class='ocrx_word' id='word_1_150' title='bbox 1684 1077 1712 1132; x_wconf 83' lang='lat' dir='ltr'><strong>Si</strong></span> <span class='ocrx_word' id='word_1_151' title='bbox 1735 1091 1827 1132; x_wconf 80' lang='lat' dir='ltr'><strong>sersus</strong></span> <span class='ocrx_word' id='word_1_152' title='bbox 1850 1080 1913 1128; x_wconf 91' lang='lat' dir='ltr'><strong>tuus</strong></span> 
     </span>
     <span class='ocr_line' id='line_1_13' title="bbox 245 1141 1914 1212; baseline 0 -14"><span class='ocrx_word' id='word_1_153' title='bbox 245 1147 291 1206; x_wconf 79' lang='lat' dir='ltr'><strong>uim</strong></span> <span class='ocrx_word' id='word_1_154' title='bbox 307 1141 452 1198; x_wconf 91' lang='lat' dir='ltr'><strong>absurdum</strong></span> <span class='ocrx_word' id='word_1_155' title='bbox 470 1147 511 1196; x_wconf 89' lang='lat' dir='ltr'><strong>est</strong></span> <span class='ocrx_word' id='word_1_156' title='bbox 527 1143 659 1196; x_wconf 88' lang='lat' dir='ltr'><strong>maturius</strong></span> <span class='ocrx_word' id='word_1_157' title='bbox 678 1157 738 1196; x_wconf 91' lang='lat' dir='ltr'><strong>eum</strong></span> <span class='ocrx_word' id='word_1_158' title='bbox 759 1141 873 1196; x_wconf 89' lang='lat' dir='ltr'><strong>liberum</strong></span> <span class='ocrx_word' id='word_1_159' title='bbox 893 1141 963 1208; x_wconf 89' lang='lat' dir='ltr'><strong>fieri,</strong></span> <span class='ocrx_word' id='word_1_160' title='bbox 986 1157 1047 1196; x_wconf 89' lang='lat' dir='ltr'><strong>eum</strong></span> <span class='ocrx_word' id='word_1_161' title='bbox 1100 1141 1288 1198; x_wconf 87' lang='lat' dir='ltr'><strong>statuliberum</strong></span> <span class='ocrx_word' id='word_1_162' title='bbox 1304 1143 1405 1208; x_wconf 82' lang='lat' dir='ltr'><strong>emerit,</strong></span> <span class='ocrx_word' id='word_1_163' title='bbox 1423 1141 1473 1194; x_wconf 90' lang='lat' dir='ltr'><strong>tibi</strong></span> <span class='ocrx_word' id='word_1_164' title='bbox 1490 1141 1578 1208; x_wconf 88' lang='lat' dir='ltr'><strong>datur,</strong></span> <span class='ocrx_word' id='word_1_165' title='bbox 1600 1145 1672 1212; x_wconf 91' lang='lat' dir='ltr'><strong>quod</strong></span> <span class='ocrx_word' id='word_1_166' title='bbox 1688 1145 1832 1200; x_wconf 84' lang='lat' dir='ltr'><strong>heredibus</strong></span> <span class='ocrx_word' id='word_1_167' title='bbox 1850 1141 1914 1198; x_wconf 85' lang='lat' dir='ltr'><strong>dare</strong></span> 
     </span>
     <span class='ocr_line' id='line_1_14' title="bbox 245 1207 1914 1280; baseline -0.002 -10"><span class='ocrx_word' id='word_1_168' title='bbox 245 1211 416 1274; x_wconf 78' lang='lat' dir='ltr'><strong>ooafflcionem</strong></span> <span class='ocrx_word' id='word_1_169' title='bbox 428 1225 483 1264; x_wconf 88' lang='lat' dir='ltr'><strong>non</strong></span> <span class='ocrx_word' id='word_1_170' title='bbox 495 1209 596 1280; x_wconf 88' lang='lat' dir='ltr'><strong>implet,</strong></span> <span class='ocrx_word' id='word_1_171' title='bbox 630 1225 692 1264; x_wconf 89' lang='lat' dir='ltr'><strong>uam</strong></span> <span class='ocrx_word' id='word_1_172' title='bbox 705 1211 841 1264; x_wconf 83' lang='lat' dir='ltr'><strong>futurus¹&#39;</strong></span> <span class='ocrx_word' id='word_1_173' title='bbox 854 1209 933 1274; x_wconf 83' lang='lat' dir='ltr'><strong>foret,</strong></span> <span class='ocrx_word' id='word_1_174' title='bbox 950 1207 974 1262; x_wconf 90' lang='lat' dir='ltr'><strong>si</strong></span> <span class='ocrx_word' id='word_1_175' title='bbox 989 1225 1048 1264; x_wconf 89' lang='lat' dir='ltr'><strong>eam</strong></span> <span class='ocrx_word' id='word_1_176' title='bbox 1098 1209 1188 1266; x_wconf 87' lang='lat' dir='ltr'><strong>iussus</strong></span> <span class='ocrx_word' id='word_1_177' title='bbox 1206 1215 1255 1264; x_wconf 88' lang='lat' dir='ltr'><strong>est.</strong></span> <span class='ocrx_word' id='word_1_178' title='bbox 1291 1209 1338 1264; x_wconf 88' lang='lat' dir='ltr'><strong>sed</strong></span> <span class='ocrx_word' id='word_1_179' title='bbox 1361 1215 1388 1264; x_wconf 89' lang='lat' dir='ltr'><strong>et</strong></span> <span class='ocrx_word' id='word_1_180' title='bbox 1411 1209 1435 1264; x_wconf 91' lang='lat' dir='ltr'><strong>si</strong></span> <span class='ocrx_word' id='word_1_181' title='bbox 1456 1213 1503 1264; x_wconf 88' lang='lat' dir='ltr'><strong>tuo</strong></span> <span class='ocrx_word' id='word_1_182' title='bbox 1520 1225 1598 1264; x_wconf 85' lang='lat' dir='ltr'><strong>servo</strong></span> <span class='ocrx_word' id='word_1_183' title='bbox 1615 1211 1730 1280; x_wconf 87' lang='lat' dir='ltr'><strong>dederit,</strong></span> <span class='ocrx_word' id='word_1_184' title='bbox 1753 1213 1872 1268; x_wconf 86' lang='lat' dir='ltr'><strong>simodo</strong></span> <span class='ocrx_word' id='word_1_185' title='bbox 1889 1213 1914 1266; x_wconf 90' lang='lat' dir='ltr'><strong>is</strong></span> 
     </span>
     <span class='ocr_line' id='line_1_15' title="bbox 245 1229 1914 1356; baseline 0.001 -20"><span class='ocrx_word' id='word_1_186' title='bbox 245 1293 257 1342; x_wconf 85' lang='lat'><strong>3</strong></span> <span class='ocrx_word' id='word_1_187' title='bbox 288 1279 411 1348; x_wconf 82' lang='lat' dir='ltr'><strong>expleret.</strong></span> <span class='ocrx_word' id='word_1_188' title='bbox 440 1277 469 1332; x_wconf 85' lang='lat' dir='ltr'><strong>Si</strong></span> <span class='ocrx_word' id='word_1_189' title='bbox 486 1277 591 1334; x_wconf 90' lang='lat' dir='ltr'><strong>duobus</strong></span> <span class='ocrx_word' id='word_1_190' title='bbox 610 1229 701 1334; x_wconf 52' lang='lat' dir='ltr'><strong>aecem</strong></span> <span class='ocrx_word' id='word_1_191' title='bbox 718 1277 787 1332; x_wconf 89' lang='lat' dir='ltr'><strong>datis</strong></span> <span class='ocrx_word' id='word_1_192' title='bbox 805 1277 873 1332; x_wconf 88' lang='lat' dir='ltr'><strong>liber</strong></span> <span class='ocrx_word' id='word_1_193' title='bbox 887 1279 1048 1356; x_wconf 83' lang='lat' dir='ltr'><strong>esseiussns</strong></span> <span class='ocrx_word' id='word_1_194' title='bbox 1100 1293 1160 1332; x_wconf 86' lang='lat' dir='ltr'><strong>aum</strong></span> <span class='ocrx_word' id='word_1_195' title='bbox 1188 1279 1320 1348; x_wconf 82' lang='lat' dir='ltr'><strong>peculiari</strong></span> <span class='ocrx_word' id='word_1_196' title='bbox 1346 1279 1454 1332; x_wconf 88' lang='lat' dir='ltr'><strong>nomine</strong></span> <span class='ocrx_word' id='word_1_197' title='bbox 1483 1277 1548 1330; x_wconf 90' lang='lat' dir='ltr'><strong>emit</strong></span> <span class='ocrx_word' id='word_1_198' title='bbox 1571 1293 1657 1356; x_wconf 76' lang='lat' dir='ltr'><strong>neque</strong></span> <span class='ocrx_word' id='word_1_199' title='bbox 1680 1283 1704 1336; x_wconf 90' lang='lat' dir='ltr'><strong>ei</strong></span> <span class='ocrx_word' id='word_1_200' title='bbox 1726 1287 1757 1336; x_wconf 91' lang='lat' dir='ltr'><strong>tu</strong></span> <span class='ocrx_word' id='word_1_201' title='bbox 1779 1281 1914 1352; x_wconf 80' lang='lat' dir='ltr'><strong>peculium</strong></span> 
     </span>
     <span class='ocr_line' id='line_1_16' title="bbox 245 1345 1914 1416; baseline -0.001 -10"><span class='ocrx_word' id='word_1_202' title='bbox 245 1353 315 1410; x_wconf 90' lang='lat' dir='ltr'><strong>silet</strong></span> <span class='ocrx_word' id='word_1_203' title='bbox 331 1363 399 1402; x_wconf 89' lang='lat' dir='ltr'><strong>unus</strong></span> <span class='ocrx_word' id='word_1_204' title='bbox 417 1347 534 1416; x_wconf 88' lang='lat' dir='ltr'><strong>quinque</strong></span> <span class='ocrx_word' id='word_1_205' title='bbox 551 1347 674 1416; x_wconf 89' lang='lat' dir='ltr'><strong>accipere</strong></span> <span class='ocrx_word' id='word_1_206' title='bbox 690 1345 820 1408; x_wconf 88' lang='lat' dir='ltr'><strong>noluerit,</strong></span> <span class='ocrx_word' id='word_1_207' title='bbox 838 1345 932 1398; x_wconf 90' lang='lat' dir='ltr'><strong>mehus</strong></span> <span class='ocrx_word' id='word_1_208' title='bbox 950 1351 990 1400; x_wconf 90' lang='lat' dir='ltr'><strong>est</strong></span> <span class='ocrx_word' id='word_1_209' title='bbox 1008 1345 1047 1400; x_wconf 92' lang='lat' dir='ltr'><strong>di·</strong></span> <span class='ocrx_word' id='word_1_210' title='bbox 1100 1347 1230 1414; x_wconf 82' lang='lat' dir='ltr'><strong>ademisti,</strong></span> <span class='ocrx_word' id='word_1_211' title='bbox 1247 1351 1313 1414; x_wconf 88' lang='lat' dir='ltr'><strong>pnto</strong></span> <span class='ocrx_word' id='word_1_212' title='bbox 1331 1347 1446 1402; x_wconf 84' lang='lat' dir='ltr'><strong>liberum</strong></span> <span class='ocrx_word' id='word_1_213' title='bbox 1463 1345 1535 1410; x_wconf 81' lang='lat' dir='ltr'><strong>fore,</strong></span> <span class='ocrx_word' id='word_1_214' title='bbox 1553 1345 1655 1402; x_wconf 78' lang='lat' dir='ltr'><strong>scheer</strong></span> <span class='ocrx_word' id='word_1_215' title='bbox 1671 1355 1702 1402; x_wconf 91' lang='lat' dir='ltr'><strong>ut</strong></span> <span class='ocrx_word' id='word_1_216' title='bbox 1718 1365 1750 1404; x_wconf 90' lang='lat' dir='ltr'><strong>eo</strong></span> <span class='ocrx_word' id='word_1_217' title='bbox 1768 1349 1914 1406; x_wconf 80' lang='lat' dir='ltr'><strong>mouenti</strong></span> 
     </span>
     <span class='ocr_line' id='line_1_17' title="bbox 245 1411 1951 1484; baseline -0.005 -8"><span class='ocrx_word' id='word_1_218' title='bbox 245 1433 297 1476; x_wconf 89' lang='lat' dir='ltr'><strong>cere</strong></span> <span class='ocrx_word' id='word_1_219' title='bbox 319 1429 398 1484; x_wconf 89' lang='lat' dir='ltr'><strong>posse</strong></span> <span class='ocrx_word' id='word_1_220' title='bbox 415 1429 477 1470; x_wconf 89' lang='lat' dir='ltr'><strong>eum</strong></span> <span class='ocrx_word' id='word_1_221' title='bbox 494 1417 586 1470; x_wconf 88' lang='lat' dir='ltr'><strong>eadem</strong></span> <span class='ocrx_word' id='word_1_222' title='bbox 605 1415 721 1482; x_wconf 90' lang='lat' dir='ltr'><strong>quinque</strong></span> <span class='ocrx_word' id='word_1_223' title='bbox 743 1413 822 1468; x_wconf 89' lang='lat' dir='ltr'><strong>alteri</strong></span> <span class='ocrx_word' id='word_1_224' title='bbox 839 1413 994 1468; x_wconf 87' lang='lat' dir='ltr'><strong>offerentem</strong></span> <span class='ocrx_word' id='word_1_225' title='bbox 1013 1411 1049 1468; x_wconf 80' lang='lat' dir='ltr'><strong>ad</strong></span> <span class='ocrx_word' id='word_1_226' title='bbox 1100 1415 1206 1470; x_wconf 87' lang='lat' dir='ltr'><strong>dedisse</strong></span> <span class='ocrx_word' id='word_1_227' title='bbox 1223 1415 1406 1484; x_wconf 81' lang='lat' dir='ltr'><strong>intellegatur,</strong></span> <span class='ocrx_word' id='word_1_228' title='bbox 1430 1413 1541 1482; x_wconf 80' lang='lat' dir='ltr'><strong>perinde</strong></span> <span class='ocrx_word' id='word_1_229' title='bbox 1564 1417 1644 1480; x_wconf 87' lang='lat' dir='ltr'><strong>atque</strong></span> <span class='ocrx_word' id='word_1_230' title='bbox 1667 1417 1690 1468; x_wconf 90' lang='lat' dir='ltr'><strong>si</strong></span> <span class='ocrx_word' id='word_1_231' title='bbox 1709 1421 1758 1470; x_wconf 90' lang='lat' dir='ltr'><strong>tua</strong></span> <span class='ocrx_word' id='word_1_232' title='bbox 1774 1419 1914 1472; x_wconf 76' lang='lat' dir='ltr'><strong>voluntate</strong></span> <span class='ocrx_word' id='word_1_233' title='bbox 1950 1465 1951 1468; x_wconf 74' lang='grc'>,</span> 
     </span>
     <span class='ocr_line' id='line_1_18' title="bbox 245 1481 1914 1554; baseline -0.002 -10"><span class='ocrx_word' id='word_1_234' title='bbox 245 1497 258 1544; x_wconf 86' lang='grc' dir='ltr'><strong>ι</strong></span> <span class='ocrx_word' id='word_1_235' title='bbox 287 1483 435 1540; x_wconf 87' lang='lat' dir='ltr'><strong>libertatem</strong></span> <span class='ocrx_word' id='word_1_236' title='bbox 443 1483 590 1552; x_wconf 88' lang='lat' dir='ltr'><strong>pervenire.</strong></span> <span class='ocrx_word' id='word_1_237' title='bbox 610 1481 728 1538; x_wconf 82' lang='lat' dir='ltr'><strong>‘Stichus</strong></span> <span class='ocrx_word' id='word_1_238' title='bbox 737 1483 761 1538; x_wconf 88' lang='lat' dir='ltr'><strong>si</strong></span> <span class='ocrx_word' id='word_1_239' title='bbox 770 1481 840 1536; x_wconf 84' lang='lat' dir='ltr'><strong>&#39;litio</strong></span> <span class='ocrx_word' id='word_1_240' title='bbox 850 1483 1048 1552; x_wconf 90' lang='lat' dir='ltr'><strong>pertriennium</strong></span> <span class='ocrx_word' id='word_1_241' title='bbox 1100 1489 1114 1536; x_wconf 76' lang='lat' dir='ltr'><strong>&#39;l</strong></span> <span class='ocrx_word' id='word_1_242' title='bbox 1151 1483 1239 1538; x_wconf 83' lang='lat' dir='ltr'><strong>cuivis</strong></span> <span class='ocrx_word' id='word_1_243' title='bbox 1252 1483 1297 1536; x_wconf 88' lang='lat' dir='ltr'><strong>alii</strong></span> <span class='ocrx_word' id='word_1_244' title='bbox 1313 1489 1421 1538; x_wconf 82' lang='lat' dir='ltr'><strong>urorum</strong></span> <span class='ocrx_word' id='word_1_245' title='bbox 1439 1497 1576 1538; x_wconf 86' lang='lat' dir='ltr'><strong>servorum</strong></span> <span class='ocrx_word' id='word_1_246' title='bbox 1591 1481 1716 1536; x_wconf 90' lang='lat' dir='ltr'><strong>dedisset.</strong></span> <span class='ocrx_word' id='word_1_247' title='bbox 1742 1485 1845 1554; x_wconf 82' lang='lat' dir='ltr'><strong>Siquis</strong></span> <span class='ocrx_word' id='word_1_248' title='bbox 1861 1501 1914 1540; x_wconf 91' lang='lat' dir='ltr'><strong>non</strong></span> 
     </span>
     <span class='ocr_line' id='line_1_19' title="bbox 245 1549 1914 1620; baseline -0.002 -9"><span class='ocrx_word' id='word_1_249' title='bbox 245 1553 372 1612; x_wconf 78' lang='lat' dir='ltr'><strong>‘servierit&#39;</strong></span> <span class='ocrx_word' id='word_1_250' title='bbox 385 1551 427 1606; x_wconf 82' lang='lat' dir='ltr'><strong>rel</strong></span> <span class='ocrx_word' id='word_1_251' title='bbox 443 1553 474 1606; x_wconf 87' lang='lat' dir='ltr'><strong>‘si</strong></span> <span class='ocrx_word' id='word_1_252' title='bbox 485 1551 523 1606; x_wconf 91' lang='lat' dir='ltr'><strong>illi</strong></span> <span class='ocrx_word' id='word_1_253' title='bbox 538 1555 644 1606; x_wconf 88' lang='lat' dir='ltr'><strong>centum</strong></span> <span class='ocrx_word' id='word_1_254' title='bbox 656 1565 753 1620; x_wconf 88' lang='lat' dir='ltr'><strong>operas</strong></span> <span class='ocrx_word' id='word_1_255' title='bbox 765 1549 876 1616; x_wconf 87' lang='lat' dir='ltr'><strong>dederit,</strong></span> <span class='ocrx_word' id='word_1_256' title='bbox 893 1549 960 1606; x_wconf 89' lang='lat' dir='ltr'><strong>liber</strong></span> <span class='ocrx_word' id='word_1_257' title='bbox 971 1551 1047 1606; x_wconf 88' lang='lat' dir='ltr'><strong>esto&#39;.</strong></span> <span class='ocrx_word' id='word_1_258' title='bbox 1099 1551 1164 1608; x_wconf 86' lang='lat' dir='ltr'><strong>dare</strong></span> <span class='ocrx_word' id='word_1_259' title='bbox 1185 1551 1277 1606; x_wconf 89' lang='lat' dir='ltr'><strong>decern</strong></span> <span class='ocrx_word' id='word_1_260' title='bbox 1298 1553 1343 1606; x_wconf 74' lang='lat' dir='ltr'><strong>etG</strong></span> <span class='ocrx_word' id='word_1_261' title='bbox 1365 1551 1434 1606; x_wconf 88' lang='lat' dir='ltr'><strong>liber</strong></span> <span class='ocrx_word' id='word_1_262' title='bbox 1457 1567 1530 1618; x_wconf 89' lang='lat' dir='ltr'><strong>esse,</strong></span> <span class='ocrx_word' id='word_1_263' title='bbox 1559 1549 1608 1606; x_wconf 90' lang='lat' dir='ltr'><strong>sed</strong></span> <span class='ocrx_word' id='word_1_264' title='bbox 1629 1551 1779 1608; x_wconf 89' lang='lat' dir='ltr'><strong>rationibus</strong></span> <span class='ocrx_word' id='word_1_265' title='bbox 1802 1555 1914 1608; x_wconf 86' lang='lat' dir='ltr'><strong>redditis</strong></span> 
     </span>
     <span class='ocr_line' id='line_1_20' title="bbox 246 1617 1914 1688; baseline -0.002 -8"><span class='ocrx_word' id='word_1_266' title='bbox 246 1627 342 1680; x_wconf 87' lang='lat' dir='ltr'><strong>constat</strong></span> <span class='ocrx_word' id='word_1_267' title='bbox 359 1621 411 1674; x_wconf 88' lang='lat' dir='ltr'><strong>hoe</strong></span> <span class='ocrx_word' id='word_1_268' title='bbox 428 1621 507 1674; x_wconf 90' lang='lat' dir='ltr'><strong>modo</strong></span> <span class='ocrx_word' id='word_1_269' title='bbox 523 1621 675 1676; x_wconf 89' lang='lat' dir='ltr'><strong>libertatern</strong></span> <span class='ocrx_word' id='word_1_270' title='bbox 687 1617 789 1672; x_wconf 89' lang='lat' dir='ltr'><strong>utiliter</strong></span> <span class='ocrx_word' id='word_1_271' title='bbox 802 1619 861 1672; x_wconf 91' lang='lat' dir='ltr'><strong>dari</strong></span> <span class='ocrx_word' id='word_1_272' title='bbox 873 1635 967 1688; x_wconf 76' lang='lat' dir='ltr'><strong>posset</strong></span> <span class='ocrx_word' id='word_1_273' title='bbox 986 1635 1049 1674; x_wconf 89' lang='lat' dir='ltr'><strong>nam</strong></span> <span class='ocrx_word' id='word_1_274' title='bbox 1098 1621 1166 1676; x_wconf 92' lang='lat' dir='ltr'><strong>liber</strong></span> <span class='ocrx_word' id='word_1_275' title='bbox 1182 1633 1242 1676; x_wconf 86' lang='lat' dir='ltr'><strong>esse</strong></span> <span class='ocrx_word' id='word_1_276' title='bbox 1259 1621 1346 1674; x_wconf 87' lang='lat' dir='ltr'><strong>iussus</strong></span> <span class='ocrx_word' id='word_1_277' title='bbox 1364 1619 1413 1684; x_wconf 91' lang='lat' dir='ltr'><strong>sit,</strong></span> <span class='ocrx_word' id='word_1_278' title='bbox 1436 1633 1473 1672; x_wconf 91' lang='lat' dir='ltr'><strong>an</strong></span> <span class='ocrx_word' id='word_1_279' title='bbox 1490 1619 1525 1674; x_wconf 89' lang='lat' dir='ltr'><strong>ad</strong></span> <span class='ocrx_word' id='word_1_280' title='bbox 1541 1621 1689 1686; x_wconf 86' lang='lat' dir='ltr'><strong>emptorem</strong></span> <span class='ocrx_word' id='word_1_281' title='bbox 1705 1619 1773 1674; x_wconf 88' lang='lat' dir='ltr'><strong>haec</strong></span> <span class='ocrx_word' id='word_1_282' title='bbox 1791 1621 1914 1676; x_wconf 88' lang='lat' dir='ltr'><strong>condicio</strong></span> 
     </span>
     <span class='ocr_line' id='line_1_21' title="bbox 245 1687 1914 1756; baseline -0.001 -10"><span class='ocrx_word' id='word_1_283' title='bbox 245 1699 267 1750; x_wconf 88' lang='lat' dir='ltr'><strong>et</strong></span> <span class='ocrx_word' id='word_1_284' title='bbox 287 1689 387 1744; x_wconf 83' lang='lat' dir='ltr'><strong>ahenas</strong></span> <span class='ocrx_word' id='word_1_285' title='bbox 411 1703 506 1744; x_wconf 80' lang='lat' dir='ltr'><strong>sersus</strong></span> <span class='ocrx_word' id='word_1_286' title='bbox 528 1687 626 1744; x_wconf 84' lang='lat' dir='ltr'><strong>servire</strong></span> <span class='ocrx_word' id='word_1_287' title='bbox 647 1687 726 1744; x_wconf 88' lang='lat' dir='ltr'><strong>nobis</strong></span> <span class='ocrx_word' id='word_1_288' title='bbox 743 1691 846 1756; x_wconf 90' lang='lat' dir='ltr'><strong>potest,</strong></span> <span class='ocrx_word' id='word_1_289' title='bbox 870 1687 949 1742; x_wconf 84' lang='lat' dir='ltr'><strong>sicuti</strong></span> <span class='ocrx_word' id='word_1_290' title='bbox 972 1687 1047 1754; x_wconf 87' lang='lat' dir='ltr'><strong>liber,</strong></span> <span class='ocrx_word' id='word_1_291' title='bbox 1098 1693 1235 1752; x_wconf 89' lang='lat' dir='ltr'><strong>transeat,</strong></span> <span class='ocrx_word' id='word_1_292' title='bbox 1258 1687 1403 1740; x_wconf 87' lang='lat' dir='ltr'><strong>videamus.</strong></span> <span class='ocrx_word' id='word_1_293' title='bbox 1439 1693 1466 1742; x_wconf 89' lang='lat' dir='ltr'><strong>ct</strong></span> <span class='ocrx_word' id='word_1_294' title='bbox 1489 1687 1557 1742; x_wconf 85' lang='lat' dir='ltr'><strong>alias</strong></span> <span class='ocrx_word' id='word_1_295' title='bbox 1580 1687 1716 1742; x_wconf 88' lang='lat' dir='ltr'><strong>sciendum</strong></span> <span class='ocrx_word' id='word_1_296' title='bbox 1740 1693 1782 1740; x_wconf 92' lang='lat' dir='ltr'><strong>est</strong></span> <span class='ocrx_word' id='word_1_297' title='bbox 1804 1705 1850 1744; x_wconf 90' lang='lat' dir='ltr'><strong>eas</strong></span> <span class='ocrx_word' id='word_1_298' title='bbox 1867 1691 1914 1744; x_wconf 89' lang='lat' dir='ltr'><strong>de·</strong></span> 
     </span>
     <span class='ocr_line' id='line_1_22' title="bbox 245 1753 1915 1838; baseline -0.004 -22"><span class='ocrx_word' id='word_1_299' title='bbox 245 1767 267 1816; x_wconf 92' lang='lat' dir='ltr'><strong>et</strong></span> <span class='ocrx_word' id='word_1_300' title='bbox 281 1757 362 1812; x_wconf 89' lang='lat' dir='ltr'><strong>multo</strong></span> <span class='ocrx_word' id='word_1_301' title='bbox 380 1757 465 1826; x_wconf 82' lang='lat' dir='ltr'><strong>magis</strong></span> <span class='ocrx_word' id='word_1_302' title='bbox 484 1771 579 1838; x_wconf 86' lang='lat' dir='ltr'><strong>operas</strong></span> <span class='ocrx_word' id='word_1_303' title='bbox 600 1755 679 1810; x_wconf 83' lang='lat' dir='ltr'><strong>dare:</strong></span> <span class='ocrx_word' id='word_1_304' title='bbox 702 1755 755 1810; x_wconf 88' lang='lat' dir='ltr'><strong>nisi</strong></span> <span class='ocrx_word' id='word_1_305' title='bbox 776 1759 891 1812; x_wconf 89' lang='lat' dir='ltr'><strong>testator</strong></span> <span class='ocrx_word' id='word_1_306' title='bbox 914 1755 1048 1810; x_wconf 80' lang='lat' dir='ltr'><strong>servitutis</strong></span> <span class='ocrx_word' id='word_1_307' title='bbox 1099 1773 1171 1810; x_wconf 91' lang='lat' dir='ltr'><strong>mum</strong></span> <span class='ocrx_word' id='word_1_308' title='bbox 1193 1755 1364 1810; x_wconf 87' lang='lat' dir='ltr'><strong>condiciones</strong></span> <span class='ocrx_word' id='word_1_309' title='bbox 1386 1753 1421 1810; x_wconf 92' lang='lat' dir='ltr'><strong>ad</strong></span> <span class='ocrx_word' id='word_1_310' title='bbox 1443 1761 1589 1824; x_wconf 90' lang='lat' dir='ltr'><strong>emptorem</strong></span> <span class='ocrx_word' id='word_1_311' title='bbox 1606 1753 1734 1834; x_wconf 77' lang='lat' dir='ltr'><strong>nansire,</strong></span> <span class='ocrx_word' id='word_1_312' title='bbox 1748 1771 1829 1834; x_wconf 30' lang='lat' dir='ltr'><strong>‘quae</strong></span> <span class='ocrx_word' id='word_1_313' title='bbox 1852 1763 1915 1812; x_wconf 89' lang='lat' dir='ltr'><strong>sunt</strong></span> 
     </span>
     <span class='ocr_line' id='line_1_23' title="bbox 245 1821 1916 1962; baseline -0.004 -8"><span class='ocrx_word' id='word_1_314' title='bbox 245 1825 1050 1962; x_wconf 60' lang='lat' dir='ltr'><strong>lltlttltttttlb,ttttltlaltltltht‘lt</strong></span> <span class='ocrx_word' id='word_1_315' title='bbox 1099 1825 1248 1948; x_wconf 72' lang='lat' dir='ltr'><strong>latta</strong></span> <span class='ocrx_word' id='word_1_316' title='bbox 1273 1821 1916 1962; x_wconf 57' lang='lat' dir='ltr'><strong>ttittttt⁰allt⁰tllltlttttutt</strong></span> 
     </span>
     <span class='ocr_line' id='line_1_24' title="bbox 245 1911 1914 2030; baseline -0.004 -10"><span class='ocrx_word' id='word_1_317' title='bbox 245 1971 257 2020; x_wconf 86' lang='grc' dir='ltr'><strong>ι</strong></span> <span class='ocrx_word' id='word_1_318' title='bbox 287 1913 444 2018; x_wconf 64' lang='lat' dir='ltr'><strong>libertatem.</strong></span> <span class='ocrx_word' id='word_1_319' title='bbox 473 1963 590 2018; x_wconf 83' lang='lat' dir='ltr'><strong>‘Stichus</strong></span> <span class='ocrx_word' id='word_1_320' title='bbox 607 1963 630 2018; x_wconf 90' lang='lat' dir='ltr'><strong>si</strong></span> <span class='ocrx_word' id='word_1_321' title='bbox 647 1963 739 2018; x_wconf 90' lang='lat' dir='ltr'><strong>heredi</strong></span> <span class='ocrx_word' id='word_1_322' title='bbox 755 1977 813 2018; x_wconf 89' lang='lat' dir='ltr'><strong>meo</strong></span> <span class='ocrx_word' id='word_1_323' title='bbox 831 1911 903 2016; x_wconf 53' lang='grc' dir='ltr'>εἰιιξε</span> <span class='ocrx_word' id='word_1_324' title='bbox 920 1963 1048 2028; x_wconf 83' lang='lat' dir='ltr'><strong>servierit,</strong></span> <span class='ocrx_word' id='word_1_325' title='bbox 1099 1963 1152 2016; x_wconf 90' lang='lat' dir='ltr'><strong>hae</strong></span> <span class='ocrx_word' id='word_1_326' title='bbox 1174 1933 1383 2030; x_wconf 72' lang='lat' dir='ltr'><strong>enlm’pereonis</strong></span> <span class='ocrx_word' id='word_1_327' title='bbox 1401 1975 1494 2016; x_wconf 90' lang='lat' dir='ltr'><strong>eorum</strong></span> <span class='ocrx_word' id='word_1_328' title='bbox 1511 1963 1671 2026; x_wconf 81' lang='lat' dir='ltr'><strong>cohaerent,</strong></span> <span class='ocrx_word' id='word_1_329' title='bbox 1695 1961 1791 2030; x_wconf 91' lang='lat' dir='ltr'><strong>quibus</strong></span> <span class='ocrx_word' id='word_1_330' title='bbox 1813 1959 1914 2016; x_wconf 87' lang='lat' dir='ltr'><strong>adscri-</strong></span> 
     </span>
     <span class='ocr_line' id='line_1_25' title="bbox 245 2029 1914 2102; baseline -0.002 -16"><span class='ocrx_word' id='word_1_331' title='bbox 245 2033 311 2086; x_wconf 83' lang='lat' dir='ltr'><strong>‘liber</strong></span> <span class='ocrx_word' id='word_1_332' title='bbox 328 2029 409 2086; x_wconf 86' lang='grc' dir='ltr'><strong>εειεί</strong></span> <span class='ocrx_word' id='word_1_333' title='bbox 433 2031 614 2102; x_wconf 88' lang='lat' dir='ltr'><strong>quaerendum</strong></span> <span class='ocrx_word' id='word_1_334' title='bbox 631 2035 685 2098; x_wconf 89' lang='lat' dir='ltr'><strong>est,</strong></span> <span class='ocrx_word' id='word_1_335' title='bbox 707 2047 794 2086; x_wconf 91' lang='lat' dir='ltr'><strong>annus</strong></span> <span class='ocrx_word' id='word_1_336' title='bbox 812 2029 945 2100; x_wconf 87' lang='lat' dir='ltr'><strong>quomodo</strong></span> <span class='ocrx_word' id='word_1_337' title='bbox 962 2031 1050 2098; x_wconf 83' lang='lat' dir='ltr'><strong>accipi</strong></span> <span class='ocrx_word' id='word_1_338' title='bbox 1099 2031 1235 2084; x_wconf 64' lang='lat' dir='ltr'><strong>bunmrt.</strong></span> <span class='ocrx_word' id='word_1_339' title='bbox 1274 2029 1407 2084; x_wconf 89' lang='lat' dir='ltr'><strong>rationum</strong></span> <span class='ocrx_word' id='word_1_340' title='bbox 1436 2035 1527 2086; x_wconf 83' lang='lat' dir='ltr'><strong>autern</strong></span> <span class='ocrx_word' id='word_1_341' title='bbox 1557 2029 1752 2084; x_wconf 91' lang='lat' dir='ltr'><strong>reddendarum</strong></span> <span class='ocrx_word' id='word_1_342' title='bbox 1783 2029 1914 2094; x_wconf 88' lang='lat' dir='ltr'><strong>condicio,</strong></span> 
     </span>
     <span class='ocr_line' id='line_1_26' title="bbox 246 2095 1915 2170; baseline -0.002 -14"><span class='ocrx_word' id='word_1_343' title='bbox 246 2101 344 2164; x_wconf 89' lang='lat' dir='ltr'><strong>debeat,</strong></span> <span class='ocrx_word' id='word_1_344' title='bbox 370 2113 406 2152; x_wconf 88' lang='lat' dir='ltr'><strong>an</strong></span> <span class='ocrx_word' id='word_1_345' title='bbox 429 2101 476 2170; x_wconf 90' lang='lat' dir='ltr'><strong>qui</strong></span> <span class='ocrx_word' id='word_1_346' title='bbox 498 2115 532 2154; x_wconf 91' lang='lat' dir='ltr'><strong>ex</strong></span> <span class='ocrx_word' id='word_1_347' title='bbox 554 2099 688 2154; x_wconf 77' lang='lat' dir='ltr'><strong>conducis</strong></span> <span class='ocrx_word' id='word_1_348' title='bbox 710 2099 803 2154; x_wconf 89' lang='lat' dir='ltr'><strong>diebus</strong></span> <span class='ocrx_word' id='word_1_349' title='bbox 825 2099 953 2154; x_wconf 88' lang='lat' dir='ltr'><strong>trecentis</strong></span> <span class='ocrx_word' id='word_1_350' title='bbox 971 2115 1048 2154; x_wconf 85' lang='lat' dir='ltr'><strong>sexa·</strong></span> <span class='ocrx_word' id='word_1_351' title='bbox 1100 2097 1173 2168; x_wconf 90' lang='lat' dir='ltr'><strong>quod</strong></span> <span class='ocrx_word' id='word_1_352' title='bbox 1196 2097 1231 2152; x_wconf 93' lang='lat' dir='ltr'><strong>ad</strong></span> <span class='ocrx_word' id='word_1_353' title='bbox 1253 2097 1355 2166; x_wconf 89' lang='lat' dir='ltr'><strong>reliqua</strong></span> <span class='ocrx_word' id='word_1_354' title='bbox 1377 2095 1484 2168; x_wconf 87' lang='lat' dir='ltr'><strong>quidem</strong></span> <span class='ocrx_word' id='word_1_355' title='bbox 1504 2097 1612 2166; x_wconf 86' lang='lat' dir='ltr'><strong>attinet,</strong></span> <span class='ocrx_word' id='word_1_356' title='bbox 1635 2097 1664 2152; x_wconf 85' lang='lat' dir='ltr'><strong>in</strong></span> <span class='ocrx_word' id='word_1_357' title='bbox 1688 2095 1776 2152; x_wconf 88' lang='lat' dir='ltr'><strong>danda</strong></span> <span class='ocrx_word' id='word_1_358' title='bbox 1799 2099 1915 2166; x_wconf 87' lang='lat' dir='ltr'><strong>pecunia</strong></span> 
     </span>
     <span class='ocr_line' id='line_1_27' title="bbox 245 2163 1915 2240; baseline -0.001 -20"><span class='ocrx_word' id='word_1_359' title='bbox 245 2171 311 2240; x_wconf 80' lang='lat' dir='ltr'><strong>ginta</strong></span> <span class='ocrx_word' id='word_1_360' title='bbox 329 2167 445 2236; x_wconf 88' lang='lat' dir='ltr'><strong>quinque</strong></span> <span class='ocrx_word' id='word_1_361' title='bbox 463 2173 567 2224; x_wconf 89' lang='lat' dir='ltr'><strong>constet</strong></span> <span class='ocrx_word' id='word_1_362' title='bbox 584 2185 621 2222; x_wconf 89' lang='lat' dir='ltr'><strong>an</strong></span> <span class='ocrx_word' id='word_1_363' title='bbox 638 2167 735 2236; x_wconf 91' lang='lat' dir='ltr'><strong>quibus</strong></span> <span class='ocrx_word' id='word_1_364' title='bbox 752 2167 824 2222; x_wconf 87' lang='lat' dir='ltr'><strong>libet.</strong></span> <span class='ocrx_word' id='word_1_365' title='bbox 860 2167 909 2222; x_wconf 85' lang='lat' dir='ltr'><strong>sed</strong></span> <span class='ocrx_word' id='word_1_366' title='bbox 926 2167 1048 2236; x_wconf 89' lang='lat' dir='ltr'><strong>superius</strong></span> <span class='ocrx_word' id='word_1_367' title='bbox 1100 2165 1235 2232; x_wconf 87' lang='lat' dir='ltr'><strong>consistit,</strong></span> <span class='ocrx_word' id='word_1_368' title='bbox 1262 2167 1335 2236; x_wconf 86' lang='lat' dir='ltr'><strong>quod</strong></span> <span class='ocrx_word' id='word_1_369' title='bbox 1362 2173 1451 2220; x_wconf 90' lang='lat' dir='ltr'><strong>autern</strong></span> <span class='ocrx_word' id='word_1_370' title='bbox 1480 2167 1515 2220; x_wconf 90' lang='lat' dir='ltr'><strong>ad</strong></span> <span class='ocrx_word' id='word_1_371' title='bbox 1540 2167 1602 2236; x_wconf 88' lang='lat' dir='ltr'><strong>ipsa</strong></span> <span class='ocrx_word' id='word_1_372' title='bbox 1623 2165 1758 2220; x_wconf 85' lang='lat' dir='ltr'><strong>volumina</strong></span> <span class='ocrx_word' id='word_1_373' title='bbox 1781 2163 1915 2218; x_wconf 89' lang='lat' dir='ltr'><strong>rationum</strong></span> 
     </span>
     <span class='ocr_line' id='line_1_28' title="bbox 245 2233 1914 2318; baseline -0.003 -27"><span class='ocrx_word' id='word_1_374' title='bbox 245 2235 321 2304; x_wconf 82' lang='lat' dir='ltr'><strong>magis</strong></span> <span class='ocrx_word' id='word_1_375' title='bbox 344 2235 551 2318; x_wconf 81' lang='lat' dir='ltr'><strong>intellegendum</strong></span> <span class='ocrx_word' id='word_1_376' title='bbox 572 2235 736 2304; x_wconf 86' lang='lat' dir='ltr'><strong>Pomponius</strong></span> <span class='ocrx_word' id='word_1_377' title='bbox 759 2235 860 2290; x_wconf 88' lang='lat' dir='ltr'><strong>scribit.</strong></span> <span class='ocrx_word' id='word_1_378' title='bbox 901 2235 948 2290; x_wconf 90' lang='lat' dir='ltr'><strong>sed</strong></span> <span class='ocrx_word' id='word_1_379' title='bbox 974 2241 1000 2290; x_wconf 90' lang='lat' dir='ltr'><strong>et</strong></span> <span class='ocrx_word' id='word_1_380' title='bbox 1026 2237 1050 2290; x_wconf 91' lang='lat' dir='ltr'><strong>si</strong></span> <span class='ocrx_word' id='word_1_381' title='bbox 1100 2233 1231 2290; x_wconf 86' lang='lat' dir='ltr'><strong>tradenda</strong></span> <span class='ocrx_word' id='word_1_382' title='bbox 1245 2233 1495 2306; x_wconf 87' lang='lat' dir='ltr'><strong>percontandasque</strong></span> <span class='ocrx_word' id='word_1_383' title='bbox 1509 2239 1537 2290; x_wconf 90' lang='lat' dir='ltr'><strong>et</strong></span> <span class='ocrx_word' id='word_1_384' title='bbox 1553 2233 1873 2290; x_wconf 88' lang='lat' dir='ltr'><strong>examinandasrationes</strong></span> <span class='ocrx_word' id='word_1_385' title='bbox 1889 2239 1914 2286; x_wconf 87' lang='lat' dir='ltr'><strong>et</strong></span> 
     </span>
     <span class='ocr_line' id='line_1_29' title="bbox 246 2301 1907 2374; baseline -0.001 -16"><span class='ocrx_word' id='word_1_386' title='bbox 246 2305 397 2374; x_wconf 90' lang='lat' dir='ltr'><strong>quibusdam</strong></span> <span class='ocrx_word' id='word_1_387' title='bbox 418 2305 512 2358; x_wconf 83' lang='lat' dir='ltr'><strong>diebus</strong></span> <span class='ocrx_word' id='word_1_388' title='bbox 534 2311 582 2358; x_wconf 90' lang='lat' dir='ltr'><strong>aut</strong></span> <span class='ocrx_word' id='word_1_389' title='bbox 601 2305 725 2358; x_wconf 85' lang='lat' dir='ltr'><strong>valetudo</strong></span> <span class='ocrx_word' id='word_1_390' title='bbox 744 2310 792 2358; x_wconf 89' lang='lat' dir='ltr'><strong>aut</strong></span> <span class='ocrx_word' id='word_1_391' title='bbox 809 2303 862 2356; x_wconf 90' lang='lat' dir='ltr'><strong>alia</strong></span> <span class='ocrx_word' id='word_1_392' title='bbox 878 2305 951 2356; x_wconf 86' lang='lat' dir='ltr'><strong>iusta</strong></span> <span class='ocrx_word' id='word_1_393' title='bbox 968 2319 1050 2360; x_wconf 88' lang='lat' dir='ltr'><strong>causa</strong></span> <span class='ocrx_word' id='word_1_394' title='bbox 1100 2305 1146 2356; x_wconf 83' lang='lat' dir='ltr'><strong>in⁷</strong></span> <span class='ocrx_word' id='word_1_395' title='bbox 1169 2303 1366 2372; x_wconf 81' lang='lat' dir='ltr'><strong>dispungendas</strong></span> <span class='ocrx_word' id='word_1_396' title='bbox 1389 2309 1469 2374; x_wconf 88' lang='lat' dir='ltr'><strong>atque</strong></span> <span class='ocrx_word' id='word_1_397' title='bbox 1493 2301 1677 2370; x_wconf 83' lang='lat' dir='ltr'><strong>excutiendas,</strong></span> <span class='ocrx_word' id='word_1_398' title='bbox 1700 2303 1802 2356; x_wconf 87' lang='lat' dir='ltr'><strong>facturn</strong></span> <span class='ocrx_word' id='word_1_399' title='bbox 1824 2303 1907 2356; x_wconf 88' lang='lat' dir='ltr'><strong>habet</strong></span> 
     </span>
     <span class='ocr_line' id='line_1_30' title="bbox 245 2369 1914 2440; baseline -0.003 -12"><span class='ocrx_word' id='word_1_400' title='bbox 245 2371 423 2440; x_wconf 87' lang='lat' dir='ltr'><strong>inpedimento</strong></span> <span class='ocrx_word' id='word_1_401' title='bbox 446 2371 540 2440; x_wconf 87' lang='lat' dir='ltr'><strong>fuerit,</strong></span> <span class='ocrx_word' id='word_1_402' title='bbox 563 2389 615 2440; x_wconf 92' lang='lat' dir='ltr'><strong>quo</strong></span> <span class='ocrx_word' id='word_1_403' title='bbox 638 2371 726 2428; x_wconf 86' lang='lat' dir='ltr'><strong>minus</strong></span> <span class='ocrx_word' id='word_1_404' title='bbox 750 2371 860 2438; x_wconf 79' lang='lat' dir='ltr'><strong>serviat,</strong></span> <span class='ocrx_word' id='word_1_405' title='bbox 884 2377 912 2426; x_wconf 89' lang='grc' dir='ltr'><strong>ει</strong></span> <span class='ocrx_word' id='word_1_406' title='bbox 932 2373 961 2426; x_wconf 91' lang='lat' dir='ltr'><strong>hi</strong></span> <span class='ocrx_word' id='word_1_407' title='bbox 977 2389 1048 2428; x_wconf 87' lang='lat' dir='ltr'><strong>anno</strong></span> <span class='ocrx_word' id='word_1_408' title='bbox 1100 2387 1164 2426; x_wconf 90' lang='lat' dir='ltr'><strong>num</strong></span> <span class='ocrx_word' id='word_1_409' title='bbox 1181 2371 1246 2440; x_wconf 90' lang='lat' dir='ltr'><strong>quid</strong></span> <span class='ocrx_word' id='word_1_410' title='bbox 1263 2387 1326 2440; x_wconf 86' lang='lat' dir='ltr'><strong>ergo</strong></span> <span class='ocrx_word' id='word_1_411' title='bbox 1342 2371 1446 2440; x_wconf 89' lang='lat' dir='ltr'><strong>reliqua</strong></span> <span class='ocrx_word' id='word_1_412' title='bbox 1463 2371 1570 2440; x_wconf 89' lang='lat' dir='ltr'><strong>quidem</strong></span> <span class='ocrx_word' id='word_1_413' title='bbox 1587 2377 1614 2426; x_wconf 89' lang='lat' dir='ltr'><strong>et</strong></span> <span class='ocrx_word' id='word_1_414' title='bbox 1628 2371 1740 2440; x_wconf 88' lang='lat' dir='ltr'><strong>emptori</strong></span> <span class='ocrx_word' id='word_1_415' title='bbox 1752 2369 1842 2426; x_wconf 88' lang='lat' dir='ltr'><strong>dando</strong></span> <span class='ocrx_word' id='word_1_416' title='bbox 1853 2385 1914 2438; x_wconf 90' lang='lat' dir='ltr'><strong>per-</strong></span> 
     </span>
     <span class='ocr_line' id='line_1_31' title="bbox 245 2437 1913 2510; baseline -0.002 -14"><span class='ocrx_word' id='word_1_417' title='bbox 245 2441 386 2508; x_wconf 89' lang='lat' dir='ltr'><strong>imputandi</strong></span> <span class='ocrx_word' id='word_1_418' title='bbox 395 2445 471 2494; x_wconf 85' lang='lat' dir='ltr'><strong>sunt:</strong></span> <span class='ocrx_word' id='word_1_419' title='bbox 490 2439 589 2494; x_wconf 80' lang='lat' dir='ltr'><strong>servire</strong></span> <span class='ocrx_word' id='word_1_420' title='bbox 601 2439 671 2494; x_wconf 90' lang='lat' dir='ltr'><strong>enim</strong></span> <span class='ocrx_word' id='word_1_421' title='bbox 683 2441 759 2494; x_wconf 88' lang='lat' dir='ltr'><strong>nobis</strong></span> <span class='ocrx_word' id='word_1_422' title='bbox 770 2439 960 2508; x_wconf 82' lang='lat' dir='ltr'><strong>intelleguntur</strong></span> <span class='ocrx_word' id='word_1_423' title='bbox 970 2443 1049 2494; x_wconf 89' lang='lat' dir='ltr'><strong>etiarn</strong></span> <span class='ocrx_word' id='word_1_424' title='bbox 1100 2439 1189 2494; x_wconf 84' lang='lat' dir='ltr'><strong>veniat</strong></span> <span class='ocrx_word' id='word_1_425' title='bbox 1207 2439 1242 2494; x_wconf 91' lang='lat' dir='ltr'><strong>ad</strong></span> <span class='ocrx_word' id='word_1_426' title='bbox 1257 2441 1421 2506; x_wconf 89' lang='lat' dir='ltr'><strong>libertatem,</strong></span> <span class='ocrx_word' id='word_1_427' title='bbox 1443 2445 1533 2494; x_wconf 89' lang='lat' dir='ltr'><strong>cetera</strong></span> <span class='ocrx_word' id='word_1_428' title='bbox 1550 2441 1578 2494; x_wconf 90' lang='lat' dir='ltr'><strong>in</strong></span> <span class='ocrx_word' id='word_1_429' title='bbox 1594 2455 1710 2510; x_wconf 87' lang='lat' dir='ltr'><strong>persona</strong></span> <span class='ocrx_word' id='word_1_430' title='bbox 1725 2437 1831 2494; x_wconf 89' lang='lat' dir='ltr'><strong>heredis</strong></span> <span class='ocrx_word' id='word_1_431' title='bbox 1850 2455 1913 2492; x_wconf 89' lang='lat' dir='ltr'><strong>con·</strong></span> 
     </span>
     <span class='ocr_line' id='line_1_32' title="bbox 245 2509 1912 2578; baseline -0.003 -14"><span class='ocrx_word' id='word_1_432' title='bbox 245 2509 293 2572; x_wconf 70' lang='lat'>1¹1²,</span> <span class='ocrx_word' id='word_1_433' title='bbox 311 2523 377 2578; x_wconf 89' lang='lat' dir='ltr'><strong>quos</strong></span> <span class='ocrx_word' id='word_1_434' title='bbox 392 2523 516 2562; x_wconf 88' lang='lat' dir='ltr'><strong>curamus</strong></span> <span class='ocrx_word' id='word_1_435' title='bbox 530 2523 632 2578; x_wconf 82' lang='lat' dir='ltr'><strong>aegros,</strong></span> <span class='ocrx_word' id='word_1_436' title='bbox 647 2509 692 2578; x_wconf 90' lang='lat' dir='ltr'><strong>qni</strong></span> <span class='ocrx_word' id='word_1_437' title='bbox 706 2509 843 2578; x_wconf 88' lang='lat' dir='ltr'><strong>cupientes</strong></span> <span class='ocrx_word' id='word_1_438' title='bbox 856 2509 954 2566; x_wconf 78' lang='lat' dir='ltr'><strong>servire</strong></span> <span class='ocrx_word' id='word_1_439' title='bbox 966 2525 1048 2578; x_wconf 79' lang='lat' dir='ltr'><strong>prop·</strong></span> <span class='ocrx_word' id='word_1_440' title='bbox 1100 2509 1217 2564; x_wconf 87' lang='lat' dir='ltr'><strong>sistant?</strong></span> <span class='ocrx_word' id='word_1_441' title='bbox 1242 2513 1308 2578; x_wconf 88' lang='lat' dir='ltr'><strong>puto</strong></span> <span class='ocrx_word' id='word_1_442' title='bbox 1326 2509 1425 2578; x_wconf 83' lang='lat' dir='ltr'><strong>igitur⁸</strong></span> <span class='ocrx_word' id='word_1_443' title='bbox 1442 2513 1469 2564; x_wconf 92' lang='lat' dir='ltr'><strong>et</strong></span> <span class='ocrx_word' id='word_1_444' title='bbox 1483 2509 1518 2564; x_wconf 92' lang='lat' dir='ltr'><strong>ad</strong></span> <span class='ocrx_word' id='word_1_445' title='bbox 1532 2513 1679 2578; x_wconf 88' lang='lat' dir='ltr'><strong>emptorem</strong></span> <span class='ocrx_word' id='word_1_446' title='bbox 1693 2509 1855 2576; x_wconf 91' lang='lat' dir='ltr'><strong>reliquorum</strong></span> <span class='ocrx_word' id='word_1_447' title='bbox 1870 2521 1912 2560; x_wconf 82' lang='lat' dir='ltr'><strong>so·</strong></span> 
     </span>
     <span class='ocr_line' id='line_1_33' title="bbox 247 2575 1914 2646; baseline -0.001 -14"><span class='ocrx_word' id='word_1_448' title='bbox 247 2583 259 2632; x_wconf 83' lang='lat' dir='ltr'><strong>t</strong></span> <span class='ocrx_word' id='word_1_449' title='bbox 290 2581 330 2630; x_wconf 90' lang='lat' dir='ltr'><strong>ter</strong></span> <span class='ocrx_word' id='word_1_450' title='bbox 353 2575 491 2632; x_wconf 82' lang='lat' dir='ltr'><strong>adversam</strong></span> <span class='ocrx_word' id='word_1_451' title='bbox 513 2575 690 2632; x_wconf 85' lang='lat' dir='ltr'><strong>valetudinem</strong></span> <span class='ocrx_word' id='word_1_452' title='bbox 713 2577 901 2646; x_wconf 86' lang='lat' dir='ltr'><strong>impediuntur.</strong></span> <span class='ocrx_word' id='word_1_453' title='bbox 936 2579 1002 2632; x_wconf 90' lang='lat' dir='ltr'><strong>ltem</strong></span> <span class='ocrx_word' id='word_1_454' title='bbox 1026 2581 1050 2634; x_wconf 90' lang='lat' dir='ltr'><strong>si</strong></span> <span class='ocrx_word' id='word_1_455' title='bbox 1100 2577 1228 2632; x_wconf 85' lang='lat' dir='ltr'><strong>lationem</strong></span> <span class='ocrx_word' id='word_1_456' title='bbox 1244 2577 1403 2632; x_wconf 84' lang='lat' dir='ltr'><strong>transmitti:</strong></span> <span class='ocrx_word' id='word_1_457' title='bbox 1426 2577 1483 2632; x_wconf 71' lang='lat' dir='ltr'><strong>sic⁹</strong></span> <span class='ocrx_word' id='word_1_458' title='bbox 1500 2577 1561 2644; x_wconf 89' lang='lat' dir='ltr'><strong>fiet,</strong></span> <span class='ocrx_word' id='word_1_459' title='bbox 1578 2583 1610 2632; x_wconf 90' lang='lat' dir='ltr'><strong>at</strong></span> <span class='ocrx_word' id='word_1_460' title='bbox 1627 2577 1758 2632; x_wconf 79' lang='lat' dir='ltr'><strong>dividatur</strong></span> <span class='ocrx_word' id='word_1_461' title='bbox 1777 2575 1914 2632; x_wconf 78' lang='lat' dir='ltr'><strong>conffieior</strong></span> 
     </span>
     <span class='ocr_line' id='line_1_34' title="bbox 246 2643 1865 2716; baseline 0 -18"><span class='ocrx_word' id='word_1_462' title='bbox 246 2647 330 2698; x_wconf 87' lang='lat' dir='ltr'><strong>decem</strong></span> <span class='ocrx_word' id='word_1_463' title='bbox 346 2645 438 2698; x_wconf 90' lang='lat' dir='ltr'><strong>heredi</strong></span> <span class='ocrx_word' id='word_1_464' title='bbox 453 2645 516 2698; x_wconf 88' lang='lat' dir='ltr'><strong>dare</strong></span> <span class='ocrx_word' id='word_1_465' title='bbox 530 2645 619 2700; x_wconf 88' lang='lat' dir='ltr'><strong>iussus</strong></span> <span class='ocrx_word' id='word_1_466' title='bbox 633 2645 723 2710; x_wconf 83' lang='lat' dir='ltr'><strong>luerit,</strong></span> <span class='ocrx_word' id='word_1_467' title='bbox 740 2647 818 2700; x_wconf 91' lang='lat' dir='ltr'><strong>heres</strong></span> <span class='ocrx_word' id='word_1_468' title='bbox 833 2647 912 2702; x_wconf 88' lang='lat' dir='ltr'><strong>etiarn</strong></span> <span class='ocrx_word' id='word_1_469' title='bbox 926 2663 975 2716; x_wconf 90' lang='lat' dir='ltr'><strong>per</strong></span> <span class='ocrx_word' id='word_1_470' title='bbox 985 2663 1049 2716; x_wconf 90' lang='lat' dir='ltr'><strong>par-</strong></span> <span class='ocrx_word' id='word_1_471' title='bbox 1101 2645 1183 2700; x_wconf 89' lang='lat' dir='ltr'><strong>etita</strong></span> <span class='ocrx_word' id='word_1_472' title='bbox 1199 2647 1363 2716; x_wconf 90' lang='lat' dir='ltr'><strong>Pomponius</strong></span> <span class='ocrx_word' id='word_1_473' title='bbox 1379 2647 1449 2702; x_wconf 89' lang='lat' dir='ltr'><strong>libro</strong></span> <span class='ocrx_word' id='word_1_474' title='bbox 1467 2651 1563 2702; x_wconf 77' lang='lat' dir='ltr'><strong>oetam</strong></span> <span class='ocrx_word' id='word_1_475' title='bbox 1580 2661 1614 2702; x_wconf 82' lang='lat' dir='ltr'><strong>ex</strong></span> <span class='ocrx_word' id='word_1_476' title='bbox 1631 2645 1730 2702; x_wconf 84' lang='lat' dir='ltr'><strong>Sabino</strong></span> <span class='ocrx_word' id='word_1_477' title='bbox 1748 2643 1865 2714; x_wconf 88' lang='lat' dir='ltr'><strong>scripsit.</strong></span> 
     </span>
    </p>

    <p class='ocr_par' dir='ltr' id='par_1_5' title="bbox 246 2711 1912 2852">
     <span class='ocr_line' id='line_1_35' title="bbox 246 2711 1912 2786; baseline 0.001 -22"><span class='ocrx_word' id='word_1_478' title='bbox 246 2719 258 2764; x_wconf 83' lang='grc' dir='ltr'><strong>ι</strong></span> <span class='ocrx_word' id='word_1_479' title='bbox 290 2717 329 2766; x_wconf 87' lang='lat' dir='ltr'><strong>tes</strong></span> <span class='ocrx_word' id='word_1_480' title='bbox 354 2713 474 2782; x_wconf 86' lang='lat' dir='ltr'><strong>accipere</strong></span> <span class='ocrx_word' id='word_1_481' title='bbox 497 2713 588 2768; x_wconf 83' lang='lat' dir='ltr'><strong>favore</strong></span> <span class='ocrx_word' id='word_1_482' title='bbox 610 2713 741 2768; x_wconf 84' lang='lat' dir='ltr'><strong>libertatis</strong></span> <span class='ocrx_word' id='word_1_483' title='bbox 765 2713 900 2782; x_wconf 84' lang='lat' dir='ltr'><strong>cogendus</strong></span> <span class='ocrx_word' id='word_1_484' title='bbox 924 2721 972 2770; x_wconf 87' lang='lat' dir='ltr'><strong>est.</strong></span> <span class='ocrx_word' id='word_1_485' title='bbox 1007 2715 1050 2768; x_wconf 89' lang='lat' dir='ltr'><strong>ita</strong></span> <span class='ocrx_word' id='word_1_486' title='bbox 1136 2711 1292 2770; x_wconf 78' lang='lat' dir='ltr'><strong>7Pnuoos</strong></span> <span class='ocrx_word' id='word_1_487' title='bbox 1307 2713 1375 2770; x_wconf 81' lang='lat' dir='ltr'><strong>libro</strong></span> <span class='ocrx_word' id='word_1_488' title='bbox 1394 2717 1488 2786; x_wconf 80' lang='lat' dir='ltr'><strong>quinto</strong></span> <span class='ocrx_word' id='word_1_489' title='bbox 1505 2713 1683 2770; x_wconf 69' lang='lat' dir='ltr'><strong>adriaticum</strong></span> <span class='ocrx_word' id='word_1_490' title='bbox 1718 2713 1790 2770; x_wconf 89' lang='lat' dir='ltr'><strong>Usus</strong></span> <span class='ocrx_word' id='word_1_491' title='bbox 1807 2713 1912 2766; x_wconf 85' lang='lat' dir='ltr'><strong>fructus</strong></span> 
     </span>
     <span class='ocr_line' id='line_1_36' title="bbox 246 2779 1882 2852; baseline -0.001 -16"><span class='ocrx_word' id='word_1_492' title='bbox 246 2779 306 2836; x_wconf 84' lang='lat' dir='ltr'><strong>lber</strong></span> <span class='ocrx_word' id='word_1_493' title='bbox 323 2795 380 2836; x_wconf 86' lang='lat' dir='ltr'><strong>esse</strong></span> <span class='ocrx_word' id='word_1_494' title='bbox 396 2779 486 2836; x_wconf 89' lang='lat' dir='ltr'><strong>iussus</strong></span> <span class='ocrx_word' id='word_1_495' title='bbox 504 2781 536 2836; x_wconf 88' lang='lat' dir='ltr'><strong>‘si</strong></span> <span class='ocrx_word' id='word_1_496' title='bbox 553 2779 639 2836; x_wconf 89' lang='lat' dir='ltr'><strong>Titius</strong></span> <span class='ocrx_word' id='word_1_497' title='bbox 659 2781 818 2852; x_wconf 78' lang='lat' dir='ltr'><strong>Capitolium</strong></span> <span class='ocrx_word' id='word_1_498' title='bbox 836 2783 1008 2836; x_wconf 86' lang='lat' dir='ltr'><strong>ascenderit&#39;:</strong></span> <span class='ocrx_word' id='word_1_499' title='bbox 1026 2783 1050 2836; x_wconf 91' lang='lat' dir='ltr'><strong>si</strong></span> <span class='ocrx_word' id='word_1_500' title='bbox 1101 2781 1227 2836; x_wconf 83' lang='lat' dir='ltr'><strong>alienatio</strong></span> <span class='ocrx_word' id='word_1_501' title='bbox 1246 2781 1427 2836; x_wconf 86' lang='lat' dir='ltr'><strong>condicionem</strong></span> <span class='ocrx_word' id='word_1_502' title='bbox 1445 2783 1595 2836; x_wconf 87' lang='lat' dir='ltr'><strong>statuliberi</strong></span> <span class='ocrx_word' id='word_1_503' title='bbox 1612 2797 1702 2838; x_wconf 89' lang='lat' dir='ltr'><strong>secum</strong></span> <span class='ocrx_word' id='word_1_504' title='bbox 1719 2797 1773 2836; x_wconf 86' lang='lat' dir='ltr'><strong>non</strong></span> <span class='ocrx_word' id='word_1_505' title='bbox 1790 2781 1882 2836; x_wconf 89' lang='lat' dir='ltr'><strong>trahit.</strong></span> 
     </span>
    </p>

    <p class='ocr_par' dir='ltr' id='par_1_6' title="bbox 246 2845 1913 3190">
     <span class='ocr_line' id='line_1_37' title="bbox 247 2845 1913 2920; baseline 0.001 -18"><span class='ocrx_word' id='word_1_506' title='bbox 247 2847 326 2902; x_wconf 87' lang='lat' dir='ltr'><strong>Titius</strong></span> <span class='ocrx_word' id='word_1_507' title='bbox 343 2847 410 2902; x_wconf 92' lang='lat' dir='ltr'><strong>nolit</strong></span> <span class='ocrx_word' id='word_1_508' title='bbox 426 2849 579 2914; x_wconf 89' lang='lat' dir='ltr'><strong>ascendere,</strong></span> <span class='ocrx_word' id='word_1_509' title='bbox 599 2849 759 2918; x_wconf 89' lang='lat' dir='ltr'><strong>impedietur</strong></span> <span class='ocrx_word' id='word_1_510' title='bbox 774 2851 894 2906; x_wconf 88' lang='lat' dir='ltr'><strong>libertas.</strong></span> <span class='ocrx_word' id='word_1_511' title='bbox 928 2851 1050 2920; x_wconf 85' lang='lat' dir='ltr'><strong>idemque</strong></span> <span class='ocrx_word' id='word_1_512' title='bbox 1136 2845 1345 2908; x_wconf 79' lang='lat' dir='ltr'><strong>8Porrrorr1us</strong></span> <span class='ocrx_word' id='word_1_513' title='bbox 1359 2851 1428 2906; x_wconf 84' lang='lat' dir='ltr'><strong>libro</strong></span> <span class='ocrx_word' id='word_1_514' title='bbox 1446 2857 1539 2906; x_wconf 83' lang='lat' dir='ltr'><strong>oetaeo</strong></span> <span class='ocrx_word' id='word_1_515' title='bbox 1558 2851 1596 2904; x_wconf 83' lang='lat' dir='ltr'><strong>ud</strong></span> <span class='ocrx_word' id='word_1_516' title='bbox 1611 2849 1740 2906; x_wconf 82' lang='lat' dir='ltr'><strong>Sabinum</strong></span> <span class='ocrx_word' id='word_1_517' title='bbox 1779 2851 1821 2902; x_wconf 87' lang='lat' dir='ltr'><strong>Ita</strong></span> <span class='ocrx_word' id='word_1_518' title='bbox 1844 2849 1913 2904; x_wconf 90' lang='lat' dir='ltr'><strong>liber</strong></span> 
     </span>
     <span class='ocr_line' id='line_1_38' title="bbox 248 2915 1913 2986; baseline 0.001 -18"><span class='ocrx_word' id='word_1_519' title='bbox 248 2921 259 2968; x_wconf 83' lang='lat' dir='ltr'><strong>t</strong></span> <span class='ocrx_word' id='word_1_520' title='bbox 290 2915 355 2968; x_wconf 89' lang='lat' dir='ltr'><strong>iuris</strong></span> <span class='ocrx_word' id='word_1_521' title='bbox 370 2921 411 2970; x_wconf 90' lang='lat' dir='ltr'><strong>est</strong></span> <span class='ocrx_word' id='word_1_522' title='bbox 423 2917 452 2970; x_wconf 90' lang='lat' dir='ltr'><strong>in</strong></span> <span class='ocrx_word' id='word_1_523' title='bbox 464 2915 594 2970; x_wconf 85' lang='lat' dir='ltr'><strong>similibus</strong></span> <span class='ocrx_word' id='word_1_524' title='bbox 608 2917 696 2972; x_wconf 88' lang='lat' dir='ltr'><strong>causis</strong></span> <span class='ocrx_word' id='word_1_525' title='bbox 710 2923 738 2974; x_wconf 90' lang='lat' dir='ltr'><strong>et</strong></span> <span class='ocrx_word' id='word_1_526' title='bbox 751 2917 960 2974; x_wconf 87' lang='lat' dir='ltr'><strong>condicionibus.</strong></span> <span class='ocrx_word' id='word_1_527' title='bbox 982 2917 1051 2974; x_wconf 90' lang='lat' dir='ltr'><strong>Item</strong></span> <span class='ocrx_word' id='word_1_528' title='bbox 1100 2931 1160 2972; x_wconf 89' lang='lat' dir='ltr'><strong>esse</strong></span> <span class='ocrx_word' id='word_1_529' title='bbox 1177 2917 1267 2972; x_wconf 89' lang='lat' dir='ltr'><strong>iussus</strong></span> <span class='ocrx_word' id='word_1_530' title='bbox 1286 2917 1318 2972; x_wconf 89' lang='lat' dir='ltr'><strong>‘si</strong></span> <span class='ocrx_word' id='word_1_531' title='bbox 1335 2917 1427 2972; x_wconf 91' lang='lat' dir='ltr'><strong>decem</strong></span> <span class='ocrx_word' id='word_1_532' title='bbox 1444 2917 1554 2986; x_wconf 88' lang='lat' dir='ltr'><strong>dederit,</strong></span> <span class='ocrx_word' id='word_1_533' title='bbox 1571 2918 1640 2974; x_wconf 88' lang='lat' dir='ltr'><strong>liber</strong></span> <span class='ocrx_word' id='word_1_534' title='bbox 1657 2919 1722 2974; x_wconf 90' lang='lat' dir='ltr'><strong>esto&#39;</strong></span> <span class='ocrx_word' id='word_1_535' title='bbox 1739 2917 1833 2972; x_wconf 90' lang='lat' dir='ltr'><strong>heredi</strong></span> <span class='ocrx_word' id='word_1_536' title='bbox 1849 2917 1913 2972; x_wconf 88' lang='lat' dir='ltr'><strong>dare</strong></span> 
     </span>
     <span class='ocr_line' id='line_1_39' title="bbox 248 2983 1912 3054; baseline 0 -14"><span class='ocrx_word' id='word_1_537' title='bbox 248 2983 348 3040; x_wconf 77' lang='lat' dir='ltr'><strong>Cassius</strong></span> <span class='ocrx_word' id='word_1_538' title='bbox 366 2983 405 3038; x_wconf 88' lang='lat' dir='ltr'><strong>ait</strong></span> <span class='ocrx_word' id='word_1_539' title='bbox 422 2983 454 3048; x_wconf 89' lang='lat' dir='ltr'><strong>ei,</strong></span> <span class='ocrx_word' id='word_1_540' title='bbox 473 2983 520 3052; x_wconf 92' lang='lat' dir='ltr'><strong>qui</strong></span> <span class='ocrx_word' id='word_1_541' title='bbox 536 2983 636 3040; x_wconf 85' lang='lat' dir='ltr'><strong>servire</strong></span> <span class='ocrx_word' id='word_1_542' title='bbox 647 2985 737 3040; x_wconf 88' lang='lat' dir='ltr'><strong>iussus</strong></span> <span class='ocrx_word' id='word_1_543' title='bbox 752 2991 793 3040; x_wconf 91' lang='lat' dir='ltr'><strong>est</strong></span> <span class='ocrx_word' id='word_1_544' title='bbox 807 3001 886 3054; x_wconf 90' lang='lat' dir='ltr'><strong>anuo,</strong></span> <span class='ocrx_word' id='word_1_545' title='bbox 904 2985 970 3040; x_wconf 89' lang='lat' dir='ltr'><strong>illud</strong></span> <span class='ocrx_word' id='word_1_546' title='bbox 983 2991 1050 3042; x_wconf 89' lang='lat' dir='ltr'><strong>tem-</strong></span> <span class='ocrx_word' id='word_1_547' title='bbox 1101 2985 1193 3040; x_wconf 90' lang='lat' dir='ltr'><strong>debet:</strong></span> <span class='ocrx_word' id='word_1_548' title='bbox 1211 3001 1273 3040; x_wconf 90' lang='lat' dir='ltr'><strong>nam</strong></span> <span class='ocrx_word' id='word_1_549' title='bbox 1290 2985 1335 3054; x_wconf 87' lang='lat' dir='ltr'><strong>qui</strong></span> <span class='ocrx_word' id='word_1_550' title='bbox 1352 3001 1408 3040; x_wconf 89' lang='lat' dir='ltr'><strong>non</strong></span> <span class='ocrx_word' id='word_1_551' title='bbox 1424 2985 1514 3052; x_wconf 88' lang='lat' dir='ltr'><strong>habet,</strong></span> <span class='ocrx_word' id='word_1_552' title='bbox 1533 2987 1577 3040; x_wconf 90' lang='lat' dir='ltr'><strong>cui</strong></span> <span class='ocrx_word' id='word_1_553' title='bbox 1592 2987 1644 3054; x_wconf 91' lang='lat' dir='ltr'><strong>det,</strong></span> <span class='ocrx_word' id='word_1_554' title='bbox 1661 2986 1752 3041; x_wconf 91' lang='lat' dir='ltr'><strong>heredi</strong></span> <span class='ocrx_word' id='word_1_555' title='bbox 1770 2985 1859 3040; x_wconf 89' lang='lat' dir='ltr'><strong>dando</strong></span> <span class='ocrx_word' id='word_1_556' title='bbox 1877 2985 1912 3040; x_wconf 90' lang='lat' dir='ltr'><strong>ad</strong></span> 
     </span>
     <span class='ocr_line' id='line_1_40' title="bbox 246 3051 1911 3174; baseline 0.001 -68"><span class='ocrx_word' id='word_1_557' title='bbox 246 3067 303 3122; x_wconf 89' lang='lat' dir='ltr'><strong>pus,</strong></span> <span class='ocrx_word' id='word_1_558' title='bbox 327 3067 380 3120; x_wconf 88' lang='lat' dir='ltr'><strong>quc</strong></span> <span class='ocrx_word' id='word_1_559' title='bbox 401 3051 429 3106; x_wconf 91' lang='lat' dir='ltr'><strong>in</strong></span> <span class='ocrx_word' id='word_1_560' title='bbox 450 3053 515 3174; x_wconf 48' lang='lat' dir='ltr'><strong>fuga</strong></span> <span class='ocrx_word' id='word_1_561' title='bbox 539 3053 637 3108; x_wconf 78' lang='lat' dir='ltr'><strong>situel</strong></span> <span class='ocrx_word' id='word_1_562' title='bbox 659 3055 1051 3124; x_wconf 84' lang='lat' dir='ltr'><strong>incontroversiaproliber·</strong></span> <span class='ocrx_word' id='word_1_563' title='bbox 1104 3059 1115 3106; x_wconf 89' lang='lat' dir='ltr'><strong>l</strong></span> <span class='ocrx_word' id='word_1_564' title='bbox 1152 3053 1446 3132; x_wconf 79' lang='lat' dir='ltr'><strong>libertatemperrenit.</strong></span> <span class='ocrx_word' id='word_1_565' title='bbox 1481 3055 1510 3110; x_wconf 85' lang='lat' dir='ltr'><strong>Si</strong></span> <span class='ocrx_word' id='word_1_566' title='bbox 1531 3059 1623 3124; x_wconf 89' lang='lat' dir='ltr'><strong>partes</strong></span> <span class='ocrx_word' id='word_1_567' title='bbox 1645 3069 1707 3108; x_wconf 90' lang='lat' dir='ltr'><strong>suas</strong></span> <span class='ocrx_word' id='word_1_568' title='bbox 1731 3055 1844 3124; x_wconf 89' lang='lat' dir='ltr'><strong>quisque</strong></span> <span class='ocrx_word' id='word_1_569' title='bbox 1865 3055 1911 3108; x_wconf 92' lang='lat' dir='ltr'><strong>he-</strong></span> 
     </span>
     <span class='ocr_line' id='line_1_41' title="bbox 247 3121 1912 3190; baseline 0.001 -16"><span class='ocrx_word' id='word_1_570' title='bbox 247 3125 303 3184; x_wconf 91' lang='lat' dir='ltr'><strong>tate,</strong></span> <span class='ocrx_word' id='word_1_571' title='bbox 321 3135 375 3174; x_wconf 92' lang='lat' dir='ltr'><strong>non</strong></span> <span class='ocrx_word' id='word_1_572' title='bbox 392 3135 473 3190; x_wconf 89' lang='lat' dir='ltr'><strong>proce</strong></span> <span class='ocrx_word' id='word_1_573' title='bbox 494 3135 546 3176; x_wconf 91' lang='lat' dir='ltr'><strong>ere.</strong></span> <span class='ocrx_word' id='word_1_574' title='bbox 1100 3121 1194 3174; x_wconf 88' lang='lat' dir='ltr'><strong>redum</strong></span> <span class='ocrx_word' id='word_1_575' title='bbox 1212 3121 1323 3176; x_wconf 80' lang='lat' dir='ltr'><strong>diversas</strong></span> <span class='ocrx_word' id='word_1_576' title='bbox 1340 3121 1489 3176; x_wconf 87' lang='lat' dir='ltr'><strong>ementibus</strong></span> <span class='ocrx_word' id='word_1_577' title='bbox 1506 3121 1667 3188; x_wconf 80' lang='lat' dir='ltr'><strong>vendiderit,</strong></span> <span class='ocrx_word' id='word_1_578' title='bbox 1691 3139 1757 3190; x_wconf 90' lang='lat' dir='ltr'><strong>quas</strong></span> <span class='ocrx_word' id='word_1_579' title='bbox 1774 3123 1912 3190; x_wconf 77' lang='lat' dir='ltr'><strong>portiones</strong></span> 
     </span>
    </p>
   </div>
   <div class='ocr_carea' id='block_1_5' title="bbox 276 3185 1912 3258">
    <p class='ocr_par' dir='ltr' id='par_1_7' title="bbox 276 3185 1912 3258">
     <span class='ocr_line' id='line_1_42' title="bbox 276 3185 1912 3258; baseline 0 -14"><span class='ocrx_word' id='word_1_580' title='bbox 276 3185 294 3244; x_wconf 78' lang='lat'>5</span> <span class='ocrx_word' id='word_1_581' title='bbox 313 3187 483 3244; x_wconf 69' lang='lat' dir='ltr'><strong>Pannonius</strong></span> <span class='ocrx_word' id='word_1_582' title='bbox 497 3189 565 3244; x_wconf 83' lang='lat' dir='ltr'><strong>libro</strong></span> <span class='ocrx_word' id='word_1_583' title='bbox 584 3193 677 3244; x_wconf 83' lang='lat' dir='ltr'><strong>octauo</strong></span> <span class='ocrx_word' id='word_1_584' title='bbox 692 3187 731 3242; x_wconf 83' lang='lat' dir='ltr'><strong>od</strong></span> <span class='ocrx_word' id='word_1_585' title='bbox 743 3187 873 3244; x_wconf 81' lang='lat' dir='ltr'><strong>Sabinum</strong></span> <span class='ocrx_word' id='word_1_586' title='bbox 905 3187 1052 3246; x_wconf 83' lang='lat' dir='ltr'><strong>Statuliber</strong></span> <span class='ocrx_word' id='word_1_587' title='bbox 1100 3187 1244 3244; x_wconf 86' lang='lat' dir='ltr'><strong>heredibus</strong></span> <span class='ocrx_word' id='word_1_588' title='bbox 1262 3189 1326 3244; x_wconf 88' lang='lat' dir='ltr'><strong>dare</strong></span> <span class='ocrx_word' id='word_1_589' title='bbox 1343 3187 1484 3244; x_wconf 83' lang='lat' dir='ltr'><strong>statuliber</strong></span> <span class='ocrx_word' id='word_1_590' title='bbox 1500 3189 1605 3256; x_wconf 90' lang='lat' dir='ltr'><strong>debuit,</strong></span> <span class='ocrx_word' id='word_1_591' title='bbox 1623 3189 1730 3244; x_wconf 86' lang='lat' dir='ltr'><strong>easdem</strong></span> <span class='ocrx_word' id='word_1_592' title='bbox 1747 3189 1822 3244; x_wconf 87' lang='lat' dir='ltr'><strong>dabit</strong></span> <span class='ocrx_word' id='word_1_593' title='bbox 1841 3205 1912 3258; x_wconf 90' lang='lat' dir='ltr'><strong>emp·</strong></span> 
     </span>
    </p>
   </div>
   <div class='ocr_carea' id='block_1_6' title="bbox 247 3255 1053 5584">
    <p class='ocr_par' dir='ltr' id='par_1_8' title="bbox 247 3255 1052 3790">
     <span class='ocr_line' id='line_1_43' title="bbox 247 3255 1050 3326; baseline 0.002 -16"><span class='ocrx_word' id='word_1_594' title='bbox 247 3255 371 3310; x_wconf 89' lang='lat' dir='ltr'><strong>rationem</strong></span> <span class='ocrx_word' id='word_1_595' title='bbox 387 3255 498 3310; x_wconf 89' lang='lat' dir='ltr'><strong>reddere</strong></span> <span class='ocrx_word' id='word_1_596' title='bbox 514 3257 603 3310; x_wconf 90' lang='lat' dir='ltr'><strong>iussus</strong></span> <span class='ocrx_word' id='word_1_597' title='bbox 620 3257 750 3326; x_wconf 89' lang='lat' dir='ltr'><strong>reliquum</strong></span> <span class='ocrx_word' id='word_1_598' title='bbox 767 3255 840 3324; x_wconf 90' lang='lat' dir='ltr'><strong>quod</strong></span> <span class='ocrx_word' id='word_1_599' title='bbox 862 3263 975 3326; x_wconf 89' lang='lat' dir='ltr'><strong>apparet</strong></span> <span class='ocrx_word' id='word_1_600' title='bbox 997 3259 1050 3312; x_wconf 90' lang='lat' dir='ltr'><strong>sol-</strong></span> 
     </span>
     <span class='ocr_line' id='line_1_44' title="bbox 247 3323 1049 3394; baseline 0.005 -16"><span class='ocrx_word' id='word_1_601' title='bbox 247 3325 286 3388; x_wconf 87' lang='lat' dir='ltr'><strong>rit,</strong></span> <span class='ocrx_word' id='word_1_602' title='bbox 304 3323 336 3378; x_wconf 89' lang='lat' dir='ltr'><strong>ds</strong></span> <span class='ocrx_word' id='word_1_603' title='bbox 354 3339 394 3390; x_wconf 92' lang='lat' dir='ltr'><strong>eo,</strong></span> <span class='ocrx_word' id='word_1_604' title='bbox 412 3325 484 3394; x_wconf 90' lang='lat' dir='ltr'><strong>quod</strong></span> <span class='ocrx_word' id='word_1_605' title='bbox 502 3325 642 3380; x_wconf 83' lang='lat' dir='ltr'><strong>obscurius</strong></span> <span class='ocrx_word' id='word_1_606' title='bbox 660 3329 709 3388; x_wconf 89' lang='lat' dir='ltr'><strong>est,</strong></span> <span class='ocrx_word' id='word_1_607' title='bbox 728 3325 858 3378; x_wconf 86' lang='lat' dir='ltr'><strong>satisdare</strong></span> <span class='ocrx_word' id='word_1_608' title='bbox 875 3331 985 3394; x_wconf 89' lang='lat' dir='ltr'><strong>paratus</strong></span> <span class='ocrx_word' id='word_1_609' title='bbox 1000 3331 1049 3382; x_wconf 87' lang='lat' dir='ltr'><strong>est.</strong></span> 
     </span>
     <span class='ocr_line' id='line_1_45' title="bbox 247 3391 1052 3472; baseline 0.002 -24"><span class='ocrx_word' id='word_1_610' title='bbox 247 3391 366 3472; x_wconf 79' lang='lat' dir='ltr'><strong>Neratius</strong></span> <span class='ocrx_word' id='word_1_611' title='bbox 393 3397 420 3472; x_wconf 79' lang='lat' dir='ltr'><strong>et</strong></span> <span class='ocrx_word' id='word_1_612' title='bbox 443 3393 536 3448; x_wconf 86' lang='lat' dir='ltr'><strong>Aristo</strong></span> <span class='ocrx_word' id='word_1_613' title='bbox 559 3397 633 3448; x_wconf 91' lang='lat' dir='ltr'><strong>recte</strong></span> <span class='ocrx_word' id='word_1_614' title='bbox 654 3397 753 3472; x_wconf 84' lang='lat' dir='ltr'><strong>putant</strong></span> <span class='ocrx_word' id='word_1_615' title='bbox 777 3393 890 3472; x_wconf 82' lang='lat' dir='ltr'><strong>liberum</strong></span> <span class='ocrx_word' id='word_1_616' title='bbox 915 3393 987 3460; x_wconf 89' lang='lat' dir='ltr'><strong>fore,</strong></span> <span class='ocrx_word' id='word_1_617' title='bbox 1017 3411 1052 3450; x_wconf 91' lang='lat' dir='ltr'><strong>ne</strong></span> 
     </span>
     <span class='ocr_line' id='line_1_46' title="bbox 248 3461 1052 3530; baseline 0.002 -16"><span class='ocrx_word' id='word_1_618' title='bbox 248 3461 317 3514; x_wconf 81' lang='lat' dir='ltr'><strong>multa</strong></span> <span class='ocrx_word' id='word_1_619' title='bbox 341 3461 375 3514; x_wconf 86' lang='lat' dir='ltr'><strong>ad</strong></span> <span class='ocrx_word' id='word_1_620' title='bbox 400 3461 551 3514; x_wconf 88' lang='lat' dir='ltr'><strong>hbertatem</strong></span> <span class='ocrx_word' id='word_1_621' title='bbox 575 3475 713 3530; x_wconf 76' lang='lat' dir='ltr'><strong>pervenire</strong></span> <span class='ocrx_word' id='word_1_622' title='bbox 738 3475 792 3514; x_wconf 89' lang='lat' dir='ltr'><strong>non</strong></span> <span class='ocrx_word' id='word_1_623' title='bbox 817 3465 922 3528; x_wconf 84' lang='lat' dir='ltr'><strong>possrnt</strong></span> <span class='ocrx_word' id='word_1_624' title='bbox 950 3461 1052 3516; x_wconf 86' lang='lat' dir='ltr'><strong>incerta</strong></span> 
     </span>
     <span class='ocr_line' id='line_1_47' title="bbox 250 3529 1051 3598; baseline 0.002 -16"><span class='ocrx_word' id='word_1_625' title='bbox 250 3535 258 3582; x_wconf 95' lang='lat' dir='ltr'><strong>l</strong></span> <span class='ocrx_word' id='word_1_626' title='bbox 293 3545 375 3584; x_wconf 90' lang='lat' dir='ltr'><strong>causa</strong></span> <span class='ocrx_word' id='word_1_627' title='bbox 391 3529 503 3584; x_wconf 88' lang='lat' dir='ltr'><strong>rationis</strong></span> <span class='ocrx_word' id='word_1_628' title='bbox 521 3535 547 3582; x_wconf 90' lang='lat' dir='ltr'><strong>et</strong></span> <span class='ocrx_word' id='word_1_629' title='bbox 563 3543 659 3596; x_wconf 83' lang='lat' dir='ltr'><strong>genere</strong></span> <span class='ocrx_word' id='word_1_630' title='bbox 676 3529 775 3598; x_wconf 87' lang='lat' dir='ltr'><strong>negotii</strong></span> <span class='ocrx_word' id='word_1_631' title='bbox 796 3529 955 3582; x_wconf 87' lang='lat' dir='ltr'><strong>huiusmodi.</strong></span> <span class='ocrx_word' id='word_1_632' title='bbox 991 3529 1051 3584; x_wconf 85' lang='lat' dir='ltr'><strong>Sta-</strong></span> 
     </span>
     <span class='ocr_line' id='line_1_48' title="bbox 248 3595 1050 3668; baseline 0.001 -16"><span class='ocrx_word' id='word_1_633' title='bbox 248 3597 346 3664; x_wconf 90' lang='lat' dir='ltr'><strong>tuliber,</strong></span> <span class='ocrx_word' id='word_1_634' title='bbox 365 3597 411 3668; x_wconf 90' lang='lat' dir='ltr'><strong>qui</strong></span> <span class='ocrx_word' id='word_1_635' title='bbox 427 3613 483 3652; x_wconf 90' lang='lat' dir='ltr'><strong>non</strong></span> <span class='ocrx_word' id='word_1_636' title='bbox 500 3595 617 3652; x_wconf 87' lang='lat' dir='ltr'><strong>rationes</strong></span> <span class='ocrx_word' id='word_1_637' title='bbox 634 3595 753 3664; x_wconf 90' lang='lat' dir='ltr'><strong>reddere,</strong></span> <span class='ocrx_word' id='word_1_638' title='bbox 774 3595 821 3652; x_wconf 90' lang='lat' dir='ltr'><strong>sed</strong></span> <span class='ocrx_word' id='word_1_639' title='bbox 839 3597 979 3664; x_wconf 86' lang='lat' dir='ltr'><strong>pecuniam</strong></span> <span class='ocrx_word' id='word_1_640' title='bbox 996 3599 1050 3654; x_wconf 89' lang='lat' dir='ltr'><strong>ius-</strong></span> 
     </span>
     <span class='ocr_line' id='line_1_49' title="bbox 248 3665 1052 3790; baseline -0.001 -69"><span class='ocrx_word' id='word_1_641' title='bbox 248 3683 291 3790; x_wconf 48' lang='grc' dir='ltr'><strong>ἓξ</strong></span> <span class='ocrx_word' id='word_1_642' title='bbox 316 3673 357 3722; x_wconf 90' lang='lat' dir='ltr'><strong>est</strong></span> <span class='ocrx_word' id='word_1_643' title='bbox 383 3667 461 3734; x_wconf 87' lang='lat' dir='ltr'><strong>dare,</strong></span> <span class='ocrx_word' id='word_1_644' title='bbox 494 3679 634 3718; x_wconf 89' lang='lat' dir='ltr'><strong>numerare</strong></span> <span class='ocrx_word' id='word_1_645' title='bbox 664 3665 756 3730; x_wconf 90' lang='lat' dir='ltr'><strong>debet,</strong></span> <span class='ocrx_word' id='word_1_646' title='bbox 789 3681 843 3720; x_wconf 92' lang='lat' dir='ltr'><strong>non</strong></span> <span class='ocrx_word' id='word_1_647' title='bbox 869 3665 1052 3720; x_wconf 85' lang='lat' dir='ltr'><strong>fideiussorem</strong></span> 
     </span>
    </p>

    <p class='ocr_par' dir='ltr' id='par_1_9' title="bbox 291 3751 314 3790">
     <span class='ocr_line' id='line_1_50' title="bbox 291 3751 314 3790; baseline 0 0"><span class='ocrx_word' id='word_1_648' title='bbox 291 3751 314 3790; x_wconf 89' lang='lat' dir='ltr'><strong>e.</strong></span> 
     </span>
    </p>

    <p class='ocr_par' dir='ltr' id='par_1_10' title="bbox 248 3799 1053 4762">
     <span class='ocr_line' id='line_1_51' title="bbox 278 3799 1051 3872; baseline -0.008 -10"><span class='ocrx_word' id='word_1_649' title='bbox 278 3799 295 3862; x_wconf 86' lang='grc'><strong>6</strong></span> <span class='ocrx_word' id='word_1_650' title='bbox 319 3803 464 3858; x_wconf 63' lang='lat' dir='ltr'><strong>Uarrones</strong></span> <span class='ocrx_word' id='word_1_651' title='bbox 482 3801 549 3856; x_wconf 84' lang='lat' dir='ltr'><strong>libro</strong></span> <span class='ocrx_word' id='word_1_652' title='bbox 573 3801 716 3856; x_wconf 80' lang='lat' dir='ltr'><strong>vicensimo</strong></span> <span class='ocrx_word' id='word_1_653' title='bbox 733 3801 845 3872; x_wconf 72' lang='lat' dir='ltr'><strong>septim</strong></span> <span class='ocrx_word' id='word_1_654' title='bbox 868 3801 906 3856; x_wconf 83' lang='lat' dir='ltr'><strong>od</strong></span> <span class='ocrx_word' id='word_1_655' title='bbox 921 3799 1051 3856; x_wconf 74' lang='lat' dir='ltr'><strong>Subitam</strong></span> 
     </span>
     <span class='ocr_line' id='line_1_52' title="bbox 249 3867 1051 3940; baseline -0.006 -14"><span class='ocrx_word' id='word_1_656' title='bbox 249 3871 273 3926; x_wconf 82' lang='lat' dir='ltr'><strong>Si</strong></span> <span class='ocrx_word' id='word_1_657' title='bbox 293 3871 450 3926; x_wconf 89' lang='lat' dir='ltr'><strong>statulibera</strong></span> <span class='ocrx_word' id='word_1_658' title='bbox 473 3883 549 3924; x_wconf 88' lang='lat' dir='ltr'><strong>serva</strong></span> <span class='ocrx_word' id='word_1_659' title='bbox 569 3883 674 3938; x_wconf 87' lang='lat' dir='ltr'><strong>poenae</strong></span> <span class='ocrx_word' id='word_1_660' title='bbox 694 3867 768 3922; x_wconf 83' lang='lat' dir='ltr'><strong>facta</strong></span> <span class='ocrx_word' id='word_1_661' title='bbox 791 3869 826 3924; x_wconf 89' lang='lat' dir='ltr'><strong>sit</strong></span> <span class='ocrx_word' id='word_1_662' title='bbox 850 3875 876 3922; x_wconf 88' lang='lat' dir='ltr'><strong>et</strong></span> <span class='ocrx_word' id='word_1_663' title='bbox 898 3875 961 3940; x_wconf 89' lang='lat' dir='ltr'><strong>post</strong></span> <span class='ocrx_word' id='word_1_664' title='bbox 977 3867 1051 3922; x_wconf 84' lang='lat' dir='ltr'><strong>dana-</strong></span> 
     </span>
     <span class='ocr_line' id='line_1_53' title="bbox 249 3937 1050 4022; baseline -0.002 -28"><span class='ocrx_word' id='word_1_665' title='bbox 249 3941 375 4022; x_wconf 75' lang='lat' dir='ltr'><strong>natipnear</strong></span> <span class='ocrx_word' id='word_1_666' title='bbox 389 3943 507 4020; x_wconf 83' lang='lat' dir='ltr'><strong>statutae</strong></span> <span class='ocrx_word' id='word_1_667' title='bbox 520 3937 651 4018; x_wconf 76' lang='lat' dir='ltr'><strong>libertatis</strong></span> <span class='ocrx_word' id='word_1_668' title='bbox 666 3937 787 4018; x_wconf 84' lang='lat' dir='ltr'><strong>condicio</strong></span> <span class='ocrx_word' id='word_1_669' title='bbox 802 3937 940 4018; x_wconf 79' lang='lat' dir='ltr'><strong>exstiterit,</strong></span> <span class='ocrx_word' id='word_1_670' title='bbox 959 3953 1050 4008; x_wconf 88' lang='lat' dir='ltr'><strong>quam·</strong></span> 
     </span>
     <span class='ocr_line' id='line_1_54' title="bbox 248 4005 1053 4152; baseline -0.007 -20"><span class='ocrx_word' id='word_1_671' title='bbox 248 4005 1053 4152; x_wconf 50' lang='lat' dir='ltr'><strong>ltlltbtlllttffltrtttitttltltttlt</strong></span> 
     </span>
     <span class='ocr_line' id='line_1_55' title="bbox 251 4141 1052 4212; baseline -0.002 -14"><span class='ocrx_word' id='word_1_672' title='bbox 251 4149 261 4198; x_wconf 90' lang='grc'>1</span> <span class='ocrx_word' id='word_1_673' title='bbox 295 4151 379 4200; x_wconf 89' lang='lat' dir='ltr'><strong>mater</strong></span> <span class='ocrx_word' id='word_1_674' title='bbox 401 4143 526 4198; x_wconf 88' lang='lat' dir='ltr'><strong>damnata</strong></span> <span class='ocrx_word' id='word_1_675' title='bbox 549 4159 604 4198; x_wconf 91' lang='lat' dir='ltr'><strong>non</strong></span> <span class='ocrx_word' id='word_1_676' title='bbox 627 4147 704 4198; x_wconf 89' lang='lat' dir='ltr'><strong>esset.</strong></span> <span class='ocrx_word' id='word_1_677' title='bbox 747 4141 816 4210; x_wconf 80' lang='lat' dir='ltr'><strong>Quid</strong></span> <span class='ocrx_word' id='word_1_678' title='bbox 840 4149 930 4198; x_wconf 84' lang='grc' dir='ltr'>ιειιιειι</span> <span class='ocrx_word' id='word_1_679' title='bbox 953 4157 975 4196; x_wconf 89' lang='grc' dir='ltr'><strong>ει</strong></span> <span class='ocrx_word' id='word_1_680' title='bbox 999 4159 1052 4212; x_wconf 91' lang='lat' dir='ltr'><strong>qua</strong></span> 
     </span>
     <span class='ocr_line' id='line_1_56' title="bbox 250 4211 1052 4298; baseline -0.007 -28"><span class='ocrx_word' id='word_1_681' title='bbox 250 4213 396 4298; x_wconf 85' lang='lat' dir='ltr'><strong>conceperit</strong></span> <span class='ocrx_word' id='word_1_682' title='bbox 418 4213 447 4266; x_wconf 91' lang='lat' dir='ltr'><strong>in</strong></span> <span class='ocrx_word' id='word_1_683' title='bbox 468 4211 606 4280; x_wconf 81' lang='lat' dir='ltr'><strong>servitute,</strong></span> <span class='ocrx_word' id='word_1_684' title='bbox 637 4211 732 4266; x_wconf 91' lang='lat' dir='ltr'><strong>deinde</strong></span> <span class='ocrx_word' id='word_1_685' title='bbox 760 4213 795 4268; x_wconf 91' lang='lat' dir='ltr'><strong>ab</strong></span> <span class='ocrx_word' id='word_1_686' title='bbox 821 4211 944 4266; x_wconf 90' lang='lat' dir='ltr'><strong>hostibus</strong></span> <span class='ocrx_word' id='word_1_687' title='bbox 972 4217 1052 4278; x_wconf 88' lang='lat' dir='ltr'><strong>capta</strong></span> 
     </span>
     <span class='ocr_line' id='line_1_57' title="bbox 249 4279 1052 4352; baseline -0.007 -14"><span class='ocrx_word' id='word_1_688' title='bbox 249 4289 347 4352; x_wconf 76' lang='lat' dir='ltr'><strong>peperit</strong></span> <span class='ocrx_word' id='word_1_689' title='bbox 362 4283 400 4338; x_wconf 91' lang='lat' dir='ltr'><strong>ibi</strong></span> <span class='ocrx_word' id='word_1_690' title='bbox 416 4289 479 4352; x_wconf 89' lang='lat' dir='ltr'><strong>post</strong></span> <span class='ocrx_word' id='word_1_691' title='bbox 497 4281 652 4336; x_wconf 83' lang='lat' dir='ltr'><strong>existentem</strong></span> <span class='ocrx_word' id='word_1_692' title='bbox 670 4279 865 4346; x_wconf 87' lang='lat' dir='ltr'><strong>condicionem,</strong></span> <span class='ocrx_word' id='word_1_693' title='bbox 888 4295 923 4334; x_wconf 89' lang='lat' dir='ltr'><strong>an</strong></span> <span class='ocrx_word' id='word_1_694' title='bbox 939 4279 1052 4334; x_wconf 87' lang='lat' dir='ltr'><strong>liberum</strong></span> 
     </span>
     <span class='ocr_line' id='line_1_58' title="bbox 249 4347 1051 4420; baseline -0.009 -13"><span class='ocrx_word' id='word_1_695' title='bbox 249 4351 348 4420; x_wconf 79' lang='lat' dir='ltr'><strong>pariat?</strong></span> <span class='ocrx_word' id='word_1_696' title='bbox 377 4357 404 4404; x_wconf 91' lang='lat' dir='ltr'><strong>et</strong></span> <span class='ocrx_word' id='word_1_697' title='bbox 425 4349 532 4404; x_wconf 89' lang='lat' dir='ltr'><strong>interim</strong></span> <span class='ocrx_word' id='word_1_698' title='bbox 554 4349 660 4419; x_wconf 89' lang='lat' dir='ltr'><strong>quidem</strong></span> <span class='ocrx_word' id='word_1_699' title='bbox 701 4349 749 4402; x_wconf 91' lang='lat' dir='ltr'><strong>uin</strong></span> <span class='ocrx_word' id='word_1_700' title='bbox 766 4363 857 4404; x_wconf 84' lang='lat' dir='ltr'><strong>servus</strong></span> <span class='ocrx_word' id='word_1_701' title='bbox 875 4349 991 4402; x_wconf 88' lang='lat' dir='ltr'><strong>hostium</strong></span> <span class='ocrx_word' id='word_1_702' title='bbox 1009 4347 1051 4414; x_wconf 90' lang='lat' dir='ltr'><strong>sit,</strong></span> 
     </span>
     <span class='ocr_line' id='line_1_59' title="bbox 250 4365 1052 4490; baseline -0.005 -16"><span class='ocrx_word' id='word_1_703' title='bbox 250 4435 410 4490; x_wconf 86' lang='lat' dir='ltr'><strong>nequaquam</strong></span> <span class='ocrx_word' id='word_1_704' title='bbox 434 4417 544 4474; x_wconf 90' lang='lat' dir='ltr'><strong>dubium</strong></span> <span class='ocrx_word' id='word_1_705' title='bbox 566 4423 621 4474; x_wconf 86' lang='lat' dir='ltr'><strong>est:</strong></span> <span class='ocrx_word' id='word_1_706' title='bbox 646 4365 701 4472; x_wconf 82' lang='lat' dir='ltr'><strong>sedq</strong></span> <span class='ocrx_word' id='word_1_707' title='bbox 716 4417 803 4472; x_wconf 86' lang='lat' dir='ltr'><strong>verius</strong></span> <span class='ocrx_word' id='word_1_708' title='bbox 827 4421 868 4472; x_wconf 89' lang='lat' dir='ltr'><strong>est</strong></span> <span class='ocrx_word' id='word_1_709' title='bbox 891 4417 1052 4486; x_wconf 89' lang='lat' dir='ltr'><strong>postliminio</strong></span> 
     </span>
     <span class='ocr_line' id='line_1_60' title="bbox 250 4485 1052 4552; baseline -0.001 -11"><span class='ocrx_word' id='word_1_710' title='bbox 250 4501 305 4542; x_wconf 88' lang='lat' dir='ltr'><strong>eum</strong></span> <span class='ocrx_word' id='word_1_711' title='bbox 326 4489 439 4544; x_wconf 90' lang='lat' dir='ltr'><strong>liberum</strong></span> <span class='ocrx_word' id='word_1_712' title='bbox 461 4485 533 4552; x_wconf 85' lang='lat' dir='ltr'><strong>lieri,</strong></span> <span class='ocrx_word' id='word_1_713' title='bbox 575 4485 633 4552; x_wconf 90' lang='lat' dir='ltr'><strong>uia,</strong></span> <span class='ocrx_word' id='word_1_714' title='bbox 656 4485 680 4540; x_wconf 90' lang='lat' dir='ltr'><strong>si</strong></span> <span class='ocrx_word' id='word_1_715' title='bbox 702 4489 787 4540; x_wconf 91' lang='lat' dir='ltr'><strong>mater</strong></span> <span class='ocrx_word' id='word_1_716' title='bbox 803 4485 831 4540; x_wconf 91' lang='lat' dir='ltr'><strong>in</strong></span> <span class='ocrx_word' id='word_1_717' title='bbox 849 4485 956 4540; x_wconf 79' lang='lat' dir='ltr'><strong>civitate</strong></span> <span class='ocrx_word' id='word_1_718' title='bbox 972 4489 1052 4552; x_wconf 85' lang='lat' dir='ltr'><strong>esset,</strong></span> 
     </span>
     <span class='ocr_line' id='line_1_61' title="bbox 251 4555 1050 4624; baseline -0.009 -11"><span class='ocrx_word' id='word_1_719' title='bbox 251 4559 263 4606; x_wconf 80' lang='lat' dir='ltr'><strong>l</strong></span> <span class='ocrx_word' id='word_1_720' title='bbox 294 4557 363 4612; x_wconf 90' lang='lat' dir='ltr'><strong>liber</strong></span> <span class='ocrx_word' id='word_1_721' title='bbox 378 4561 542 4610; x_wconf 86' lang='lat' dir='ltr'><strong>nasceretur.</strong></span> <span class='ocrx_word' id='word_1_722' title='bbox 593 4555 654 4610; x_wconf 88' lang='lat' dir='ltr'><strong>lane</strong></span> <span class='ocrx_word' id='word_1_723' title='bbox 672 4555 695 4610; x_wconf 93' lang='lat' dir='ltr'><strong>si</strong></span> <span class='ocrx_word' id='word_1_724' title='bbox 712 4555 783 4624; x_wconf 89' lang='lat' dir='ltr'><strong>apud</strong></span> <span class='ocrx_word' id='word_1_725' title='bbox 800 4555 891 4610; x_wconf 89' lang='lat' dir='ltr'><strong>hostes</strong></span> <span class='ocrx_word' id='word_1_726' title='bbox 910 4569 970 4606; x_wconf 91' lang='lat' dir='ltr'><strong>eum</strong></span> <span class='ocrx_word' id='word_1_727' title='bbox 987 4569 1050 4608; x_wconf 90' lang='lat' dir='ltr'><strong>con·</strong></span> 
     </span>
     <span class='ocr_line' id='line_1_62' title="bbox 250 4621 1052 4762; baseline 0 -16"><span class='ocrx_word' id='word_1_728' title='bbox 250 4625 504 4748; x_wconf 51' lang='lat' dir='ltr'><strong>tari-titas</strong></span> <span class='ocrx_word' id='word_1_729' title='bbox 521 4621 1052 4762; x_wconf 62' lang='lat' dir='ltr'><strong>,resarcitionibus</strong></span> 
     </span>
    </p>

    <p class='ocr_par' dir='ltr' id='par_1_11' title="bbox 250 4709 1053 5584">
     <span class='ocr_line' id='line_1_63' title="bbox 279 4709 720 4748; baseline 0 -2"><span class='ocrx_word' id='word_1_730' title='bbox 279 4709 306 4746; x_wconf 86' lang='lat' dir='ltr'><strong>nr</strong></span> <span class='ocrx_word' id='word_1_731' title='bbox 352 4711 368 4748; x_wconf 90' lang='lat' dir='ltr'><strong>u</strong></span> <span class='ocrx_word' id='word_1_732' title='bbox 472 4709 488 4746; x_wconf 94' lang='lat' dir='ltr'><strong>n</strong></span> <span class='ocrx_word' id='word_1_733' title='bbox 554 4709 580 4744; x_wconf 90' lang='lat' dir='ltr'><strong>m</strong></span> <span class='ocrx_word' id='word_1_734' title='bbox 709 4709 720 4746; x_wconf 92' lang='grc' dir='ltr'><strong>ι</strong></span> 
     </span>
     <span class='ocr_line' id='line_1_64' title="bbox 251 4711 1053 4830; baseline -0.004 -14"><span class='ocrx_word' id='word_1_735' title='bbox 251 4765 264 4810; x_wconf 81' lang='lat'><strong>3</strong></span> <span class='ocrx_word' id='word_1_736' title='bbox 295 4711 353 4816; x_wconf 56' lang='lat' dir='ltr'><strong>rffi</strong></span> <span class='ocrx_word' id='word_1_737' title='bbox 375 4775 436 4816; x_wconf 88' lang='lat' dir='ltr'><strong>eum</strong></span> <span class='ocrx_word' id='word_1_738' title='bbox 457 4775 525 4816; x_wconf 86' lang='lat' dir='ltr'><strong>ease.</strong></span> <span class='ocrx_word' id='word_1_739' title='bbox 560 4759 705 4816; x_wconf 88' lang='lat' dir='ltr'><strong>Statuliber</strong></span> <span class='ocrx_word' id='word_1_740' title='bbox 721 4759 840 4830; x_wconf 88' lang='lat' dir='ltr'><strong>parendo</strong></span> <span class='ocrx_word' id='word_1_741' title='bbox 857 4759 1008 4816; x_wconf 71' lang='lat' dir='ltr'><strong>condeioui</strong></span> <span class='ocrx_word' id='word_1_742' title='bbox 1025 4759 1053 4814; x_wconf 90' lang='lat' dir='ltr'><strong>ia</strong></span> 
     </span>
     <span class='ocr_line' id='line_1_65' title="bbox 266 4827 1051 4896; baseline 0 -14"><span class='ocrx_word' id='word_1_743' title='bbox 266 4843 360 4884; x_wconf 87' lang='lat' dir='ltr'><strong>ersoua</strong></span> <span class='ocrx_word' id='word_1_744' title='bbox 382 4843 423 4882; x_wconf 89' lang='lat' dir='ltr'><strong>ern</strong></span> <span class='ocrx_word' id='word_1_745' title='bbox 442 4827 508 4882; x_wconf 89' lang='lat' dir='ltr'><strong>toris</strong></span> <span class='ocrx_word' id='word_1_746' title='bbox 531 4829 651 4896; x_wconf 83' lang='lat' dir='ltr'><strong>pervenit</strong></span> <span class='ocrx_word' id='word_1_747' title='bbox 673 4827 708 4882; x_wconf 94' lang='lat' dir='ltr'><strong>ad</strong></span> <span class='ocrx_word' id='word_1_748' title='bbox 730 4829 893 4884; x_wconf 79' lang='lat' dir='ltr'><strong>libertatemr</strong></span> <span class='ocrx_word' id='word_1_749' title='bbox 917 4833 944 4884; x_wconf 91' lang='lat' dir='ltr'><strong>et</strong></span> <span class='ocrx_word' id='word_1_750' title='bbox 967 4829 1051 4884; x_wconf 87' lang='lat' dir='ltr'><strong>scien·</strong></span> 
     </span>
     <span class='ocr_line' id='line_1_66' title="bbox 250 4843 1053 4978; baseline 0.005 -32"><span class='ocrx_word' id='word_1_751' title='bbox 250 4843 309 4950; x_wconf 60' lang='lat' dir='ltr'><strong>gum</strong></span> <span class='ocrx_word' id='word_1_752' title='bbox 324 4899 376 4952; x_wconf 90' lang='lat' dir='ltr'><strong>hoc</strong></span> <span class='ocrx_word' id='word_1_753' title='bbox 392 4845 623 4978; x_wconf 56' lang='lat' dir='ltr'><strong>alfstatulibercs</strong></span> <span class='ocrx_word' id='word_1_754' title='bbox 634 4895 717 4952; x_wconf 86' lang='lat' dir='ltr'><strong>omnis</strong></span> <span class='ocrx_word' id='word_1_755' title='bbox 736 4913 815 4952; x_wconf 83' lang='lat' dir='ltr'><strong>sexus</strong></span> <span class='ocrx_word' id='word_1_756' title='bbox 850 4897 972 4978; x_wconf 62' lang='lat' dir='ltr'><strong>attinere.</strong></span> <span class='ocrx_word' id='word_1_757' title='bbox 998 4913 1053 4952; x_wconf 87' lang='lat' dir='ltr'><strong>noa</strong></span> 
     </span>
     <span class='ocr_line' id='line_1_67' title="bbox 251 4963 1053 5030; baseline 0.009 -16"><span class='ocrx_word' id='word_1_758' title='bbox 251 4963 332 5018; x_wconf 88' lang='lat' dir='ltr'><strong>solum</strong></span> <span class='ocrx_word' id='word_1_759' title='bbox 361 4969 450 5020; x_wconf 87' lang='lat' dir='ltr'><strong>antem</strong></span> <span class='ocrx_word' id='word_1_760' title='bbox 477 4981 500 5020; x_wconf 88' lang='grc' dir='ltr'><strong>ει</strong></span> <span class='ocrx_word' id='word_1_761' title='bbox 526 4965 662 5030; x_wconf 58' lang='grc' dir='ltr'>ιειιιειιιι,</span> <span class='ocrx_word' id='word_1_762' title='bbox 689 4963 757 5018; x_wconf 89' lang='lat' dir='ltr'><strong>haec</strong></span> <span class='ocrx_word' id='word_1_763' title='bbox 785 4981 835 5018; x_wconf 89' lang='lat' dir='ltr'><strong>con</strong></span> <span class='ocrx_word' id='word_1_764' title='bbox 864 4965 906 5020; x_wconf 90' lang='lat' dir='ltr'><strong>cio</strong></span> <span class='ocrx_word' id='word_1_765' title='bbox 932 4963 966 5020; x_wconf 88' lang='lat' dir='ltr'><strong>ad</strong></span> <span class='ocrx_word' id='word_1_766' title='bbox 992 4981 1053 5020; x_wconf 89' lang='lat' dir='ltr'><strong>eum</strong></span> 
     </span>
     <span class='ocr_line' id='line_1_68' title="bbox 251 5031 1053 5104; baseline 0.007 -22"><span class='ocrx_word' id='word_1_767' title='bbox 251 5031 342 5086; x_wconf 81' lang='lat' dir='ltr'><strong>bausit</strong></span> <span class='ocrx_word' id='word_1_768' title='bbox 359 5031 405 5102; x_wconf 89' lang='lat' dir='ltr'><strong>qui</strong></span> <span class='ocrx_word' id='word_1_769' title='bbox 421 5033 498 5098; x_wconf 89' lang='lat' dir='ltr'><strong>emit,</strong></span> <span class='ocrx_word' id='word_1_770' title='bbox 515 5047 605 5088; x_wconf 82' lang='lat' dir='ltr'><strong>renim</strong></span> <span class='ocrx_word' id='word_1_771' title='bbox 621 5031 702 5088; x_wconf 89' lang='lat' dir='ltr'><strong>etiam</strong></span> <span class='ocrx_word' id='word_1_772' title='bbox 719 5031 753 5086; x_wconf 91' lang='lat' dir='ltr'><strong>ad</strong></span> <span class='ocrx_word' id='word_1_773' title='bbox 771 5047 876 5098; x_wconf 88' lang='lat' dir='ltr'><strong>omnes,</strong></span> <span class='ocrx_word' id='word_1_774' title='bbox 895 5033 1053 5104; x_wconf 85' lang='lat' dir='ltr'><strong>quicumque</strong></span> 
     </span>
     <span class='ocr_line' id='line_1_69' title="bbox 251 5101 1052 5178; baseline 0.009 -27"><span class='ocrx_word' id='word_1_775' title='bbox 251 5113 353 5178; x_wconf 81' lang='lat' dir='ltr'><strong>quoquo</strong></span> <span class='ocrx_word' id='word_1_776' title='bbox 369 5101 427 5156; x_wconf 87' lang='lat' dir='ltr'><strong>iure</strong></span> <span class='ocrx_word' id='word_1_777' title='bbox 444 5101 589 5158; x_wconf 86' lang='lat' dir='ltr'><strong>dominium</strong></span> <span class='ocrx_word' id='word_1_778' title='bbox 601 5101 630 5156; x_wconf 91' lang='lat' dir='ltr'><strong>in</strong></span> <span class='ocrx_word' id='word_1_779' title='bbox 643 5101 800 5158; x_wconf 89' lang='lat' dir='ltr'><strong>statulibero</strong></span> <span class='ocrx_word' id='word_1_780' title='bbox 813 5101 887 5158; x_wconf 88' lang='lat' dir='ltr'><strong>nacti</strong></span> <span class='ocrx_word' id='word_1_781' title='bbox 901 5107 971 5156; x_wconf 90' lang='lat' dir='ltr'><strong>suut.</strong></span> <span class='ocrx_word' id='word_1_782' title='bbox 998 5105 1052 5158; x_wconf 83' lang='lat' dir='ltr'><strong>sive</strong></span> 
     </span>
     <span class='ocr_line' id='line_1_70' title="bbox 251 5167 1051 5242; baseline 0.01 -22"><span class='ocrx_word' id='word_1_783' title='bbox 251 5173 326 5242; x_wconf 67' lang='lat' dir='ltr'><strong>quun</strong></span> <span class='ocrx_word' id='word_1_784' title='bbox 347 5167 451 5238; x_wconf 82' lang='lat' dir='ltr'><strong>legatus</strong></span> <span class='ocrx_word' id='word_1_785' title='bbox 473 5169 509 5224; x_wconf 89' lang='lat' dir='ltr'><strong>sit</strong></span> <span class='ocrx_word' id='word_1_786' title='bbox 530 5169 581 5224; x_wconf 92' lang='lat' dir='ltr'><strong>tibi</strong></span> <span class='ocrx_word' id='word_1_787' title='bbox 600 5171 636 5224; x_wconf 90' lang='lat' dir='ltr'><strong>ab</strong></span> <span class='ocrx_word' id='word_1_788' title='bbox 656 5169 755 5224; x_wconf 89' lang='lat' dir='ltr'><strong>herede</strong></span> <span class='ocrx_word' id='word_1_789' title='bbox 776 5171 916 5226; x_wconf 88' lang='lat' dir='ltr'><strong>statuliber</strong></span> <span class='ocrx_word' id='word_1_790' title='bbox 933 5171 987 5228; x_wconf 86' lang='lat' dir='ltr'><strong>sive</strong></span> <span class='ocrx_word' id='word_1_791' title='bbox 1004 5171 1051 5228; x_wconf 89' lang='lat' dir='ltr'><strong>ad·</strong></span> 
     </span>
     <span class='ocr_line' id='line_1_71' title="bbox 251 5233 1052 5310; baseline 0.014 -25"><span class='ocrx_word' id='word_1_792' title='bbox 251 5233 379 5308; x_wconf 68' lang='lat' dir='ltr'><strong>qudicatus</strong></span> <span class='ocrx_word' id='word_1_793' title='bbox 396 5237 450 5292; x_wconf 87' lang='lat' dir='ltr'><strong>sire</strong></span> <span class='ocrx_word' id='word_1_794' title='bbox 467 5245 614 5308; x_wconf 90' lang='lat' dir='ltr'><strong>usucaptus</strong></span> <span class='ocrx_word' id='word_1_795' title='bbox 632 5253 648 5292; x_wconf 89' lang='lat' dir='ltr'><strong>a</strong></span> <span class='ocrx_word' id='word_1_796' title='bbox 664 5245 691 5296; x_wconf 90' lang='lat' dir='ltr'><strong>te</strong></span> <span class='ocrx_word' id='word_1_797' title='bbox 710 5239 764 5294; x_wconf 84' lang='lat' dir='ltr'><strong>sire</strong></span> <span class='ocrx_word' id='word_1_798' title='bbox 777 5239 893 5294; x_wconf 90' lang='lat' dir='ltr'><strong>traditus</strong></span> <span class='ocrx_word' id='word_1_799' title='bbox 907 5239 948 5294; x_wconf 83' lang='lat' dir='ltr'><strong>rel</strong></span> <span class='ocrx_word' id='word_1_800' title='bbox 962 5239 1052 5310; x_wconf 91' lang='lat' dir='ltr'><strong>aliquo</strong></span> 
     </span>
     <span class='ocr_line' id='line_1_72' title="bbox 251 5305 1052 5384; baseline 0.005 -25"><span class='ocrx_word' id='word_1_801' title='bbox 251 5311 306 5380; x_wconf 65' lang='lat' dir='ltr'><strong>lbra</strong></span> <span class='ocrx_word' id='word_1_802' title='bbox 321 5309 384 5384; x_wconf 74' lang='lat' dir='ltr'><strong>tuus</strong></span> <span class='ocrx_word' id='word_1_803' title='bbox 401 5305 502 5370; x_wconf 83' lang='lat' dir='ltr'><strong>factus,</strong></span> <span class='ocrx_word' id='word_1_804' title='bbox 526 5307 584 5362; x_wconf 90' lang='lat' dir='ltr'><strong>sine</strong></span> <span class='ocrx_word' id='word_1_805' title='bbox 605 5307 687 5364; x_wconf 90' lang='lat' dir='ltr'><strong>dubio</strong></span> <span class='ocrx_word' id='word_1_806' title='bbox 710 5307 827 5362; x_wconf 89' lang='lat' dir='ltr'><strong>dicemus</strong></span> <span class='ocrx_word' id='word_1_807' title='bbox 848 5323 944 5378; x_wconf 87' lang='lat' dir='ltr'><strong>parere</strong></span> <span class='ocrx_word' id='word_1_808' title='bbox 961 5309 1052 5364; x_wconf 86' lang='lat' dir='ltr'><strong>condi·</strong></span> 
     </span>
     <span class='ocr_line' id='line_1_73' title="bbox 252 5371 1051 5452; baseline 0.018 -32"><span class='ocrx_word' id='word_1_809' title='bbox 252 5371 360 5426; x_wconf 86' lang='lat' dir='ltr'><strong>oronim</strong></span> <span class='ocrx_word' id='word_1_810' title='bbox 391 5387 488 5428; x_wconf 81' lang='lat' dir='ltr'><strong>ersom</strong></span> <span class='ocrx_word' id='word_1_811' title='bbox 502 5379 551 5428; x_wconf 88' lang='lat' dir='ltr'><strong>tua</strong></span> <span class='ocrx_word' id='word_1_812' title='bbox 582 5391 651 5430; x_wconf 88' lang='lat' dir='ltr'><strong>csse.</strong></span> <span class='ocrx_word' id='word_1_813' title='bbox 677 5377 723 5434; x_wconf 87' lang='lat' dir='ltr'><strong>sed</strong></span> <span class='ocrx_word' id='word_1_814' title='bbox 739 5377 933 5432; x_wconf 85' lang='lat' dir='ltr'><strong>etinherede⁵</strong></span> <span class='ocrx_word' id='word_1_815' title='bbox 950 5383 1051 5452; x_wconf 88' lang='lat' dir='ltr'><strong>empto·</strong></span> 
     </span>
     <span class='ocr_line' id='line_1_74' title="bbox 251 5391 1051 5522; baseline 0.009 -29"><span class='ocrx_word' id='word_1_816' title='bbox 251 5437 267 5486; x_wconf 81' lang='lat'>4</span> <span class='ocrx_word' id='word_1_817' title='bbox 298 5437 361 5494; x_wconf 87' lang='lat' dir='ltr'><strong>risi</strong></span> <span class='ocrx_word' id='word_1_818' title='bbox 380 5455 421 5494; x_wconf 90' lang='lat' dir='ltr'><strong>em</strong></span> <span class='ocrx_word' id='word_1_819' title='bbox 434 5439 539 5522; x_wconf 72' lang='lat' dir='ltr'><strong>dcitur.</strong></span> <span class='ocrx_word' id='word_1_820' title='bbox 562 5391 595 5498; x_wconf 55' lang='lat' dir='ltr'><strong>gi</strong></span> <span class='ocrx_word' id='word_1_821' title='bbox 610 5443 681 5500; x_wconf 81' lang='lat' dir='ltr'><strong>filins</strong></span> <span class='ocrx_word' id='word_1_822' title='bbox 697 5445 810 5502; x_wconf 77' lang='lat' dir='ltr'><strong>familias</strong></span> <span class='ocrx_word' id='word_1_823' title='bbox 828 5445 906 5500; x_wconf 89' lang='lat' dir='ltr'><strong>heres</strong></span> <span class='ocrx_word' id='word_1_824' title='bbox 923 5445 959 5502; x_wconf 88' lang='lat' dir='ltr'><strong>sit</strong></span> <span class='ocrx_word' id='word_1_825' title='bbox 974 5445 1051 5500; x_wconf 87' lang='lat' dir='ltr'><strong>insti-</strong></span> 
     </span>
     <span class='ocr_line' id='line_1_75' title="bbox 251 5503 1053 5584; baseline 0.017 -26"><span class='ocrx_word' id='word_1_826' title='bbox 251 5503 321 5560; x_wconf 85' lang='lat' dir='ltr'><strong>tutus</strong></span> <span class='ocrx_word' id='word_1_827' title='bbox 338 5513 365 5562; x_wconf 89' lang='lat' dir='ltr'><strong>et</strong></span> <span class='ocrx_word' id='word_1_828' title='bbox 380 5507 522 5564; x_wconf 87' lang='lat' dir='ltr'><strong>statnhber</strong></span> <span class='ocrx_word' id='word_1_829' title='bbox 536 5509 591 5566; x_wconf 86' lang='lat' dir='ltr'><strong>fibo</strong></span> <span class='ocrx_word' id='word_1_830' title='bbox 609 5511 674 5568; x_wconf 88' lang='lat' dir='ltr'><strong>dara</strong></span> <span class='ocrx_word' id='word_1_831' title='bbox 689 5513 779 5572; x_wconf 88' lang='lat' dir='ltr'><strong>iussus</strong></span> <span class='ocrx_word' id='word_1_832' title='bbox 797 5521 837 5572; x_wconf 88' lang='lat' dir='ltr'><strong>est</strong></span> <span class='ocrx_word' id='word_1_833' title='bbox 857 5519 885 5572; x_wconf 91' lang='lat' dir='ltr'><strong>et</strong></span> <span class='ocrx_word' id='word_1_834' title='bbox 901 5513 968 5572; x_wconf 90' lang='lat' dir='ltr'><strong>liber</strong></span> <span class='ocrx_word' id='word_1_835' title='bbox 984 5529 1053 5584; x_wconf 87' lang='lat' dir='ltr'><strong>esse,</strong></span> 
     </span>
    </p>
   </div>
   <div class='ocr_carea' id='block_1_7' title="bbox 1100 3255 1951 5572">
    <p class='ocr_par' dir='ltr' id='par_1_12' title="bbox 1100 3255 1944 3462">
     <span class='ocr_line' id='line_1_76' title="bbox 1100 3255 1944 3322; baseline 0.002 -12"><span class='ocrx_word' id='word_1_836' title='bbox 1100 3255 1214 3310; x_wconf 90' lang='lat' dir='ltr'><strong>toribus.</strong></span> <span class='ocrx_word' id='word_1_837' title='bbox 1250 3257 1341 3312; x_wconf 84' lang='lat' dir='ltr'><strong>Labeo</strong></span> <span class='ocrx_word' id='word_1_838' title='bbox 1361 3261 1450 3310; x_wconf 90' lang='lat' dir='ltr'><strong>autem</strong></span> <span class='ocrx_word' id='word_1_839' title='bbox 1467 3257 1518 3322; x_wconf 89' lang='lat' dir='ltr'><strong>ait,</strong></span> <span class='ocrx_word' id='word_1_840' title='bbox 1543 3257 1691 3314; x_wconf 89' lang='lat' dir='ltr'><strong>sinomina</strong></span> <span class='ocrx_word' id='word_1_841' title='bbox 1708 3257 1848 3312; x_wconf 85' lang='lat' dir='ltr'><strong>dumtaxat</strong></span> <span class='ocrx_word' id='word_1_842' title='bbox 1865 3259 1911 3312; x_wconf 89' lang='lat' dir='ltr'><strong>he·</strong></span> <span class='ocrx_word' id='word_1_843' title='bbox 1942 3259 1944 3266; x_wconf 83' lang='grc'><strong>“</strong></span> 
     </span>
     <span class='ocr_line' id='line_1_77' title="bbox 1100 3323 1913 3396; baseline 0.005 -18"><span class='ocrx_word' id='word_1_844' title='bbox 1100 3323 1194 3380; x_wconf 90' lang='lat' dir='ltr'><strong>redum</strong></span> <span class='ocrx_word' id='word_1_845' title='bbox 1217 3325 1247 3378; x_wconf 91' lang='lat' dir='ltr'><strong>in</strong></span> <span class='ocrx_word' id='word_1_846' title='bbox 1268 3329 1428 3380; x_wconf 87' lang='lat' dir='ltr'><strong>testamento</strong></span> <span class='ocrx_word' id='word_1_847' title='bbox 1451 3325 1540 3396; x_wconf 88' lang='lat' dir='ltr'><strong>posita</strong></span> <span class='ocrx_word' id='word_1_848' title='bbox 1562 3325 1629 3390; x_wconf 89' lang='lat' dir='ltr'><strong>sint,</strong></span> <span class='ocrx_word' id='word_1_849' title='bbox 1652 3325 1741 3382; x_wconf 80' lang='lat' dir='ltr'><strong>viriles</strong></span> <span class='ocrx_word' id='word_1_850' title='bbox 1763 3331 1855 3394; x_wconf 88' lang='lat' dir='ltr'><strong>partes</strong></span> <span class='ocrx_word' id='word_1_851' title='bbox 1874 3327 1913 3382; x_wconf 90' lang='lat' dir='ltr'><strong>eis</strong></span> 
     </span>
     <span class='ocr_line' id='line_1_78' title="bbox 1102 3391 1911 3462; baseline 0.002 -16"><span class='ocrx_word' id='word_1_852' title='bbox 1102 3391 1218 3448; x_wconf 86' lang='lat' dir='ltr'><strong>dandas:</strong></span> <span class='ocrx_word' id='word_1_853' title='bbox 1237 3393 1260 3446; x_wconf 89' lang='lat' dir='ltr'><strong>si</strong></span> <span class='ocrx_word' id='word_1_854' title='bbox 1277 3407 1338 3446; x_wconf 81' lang='lat' dir='ltr'><strong>sero</strong></span> <span class='ocrx_word' id='word_1_855' title='bbox 1356 3393 1395 3446; x_wconf 90' lang='lat' dir='ltr'><strong>ita</strong></span> <span class='ocrx_word' id='word_1_856' title='bbox 1412 3393 1444 3448; x_wconf 87' lang='lat' dir='ltr'><strong>‘si</strong></span> <span class='ocrx_word' id='word_1_857' title='bbox 1461 3393 1605 3448; x_wconf 88' lang='lat' dir='ltr'><strong>heredibus</strong></span> <span class='ocrx_word' id='word_1_858' title='bbox 1623 3393 1712 3462; x_wconf 85' lang='lat' dir='ltr'><strong>dedit&#39;,</strong></span> <span class='ocrx_word' id='word_1_859' title='bbox 1730 3395 1911 3448; x_wconf 85' lang='lat' dir='ltr'><strong>hereditarias.</strong></span> 
     </span>
    </p>

    <p class='ocr_par' dir='ltr' id='par_1_13' title="bbox 1101 3457 1951 5182">
     <span class='ocr_line' id='line_1_79' title="bbox 1136 3457 1911 3518; baseline -0.005 0"><span class='ocrx_word' id='word_1_860' title='bbox 1136 3457 1155 3518; x_wconf 83' lang='grc'><strong>9</strong></span> <span class='ocrx_word' id='word_1_861' title='bbox 1184 3459 1329 3516; x_wconf 74' lang='lat' dir='ltr'><strong>Ulmanus</strong></span> <span class='ocrx_word' id='word_1_862' title='bbox 1348 3461 1416 3514; x_wconf 84' lang='lat' dir='ltr'><strong>libro</strong></span> <span class='ocrx_word' id='word_1_863' title='bbox 1440 3463 1582 3514; x_wconf 78' lang='lat' dir='ltr'><strong>vicensimo</strong></span> <span class='ocrx_word' id='word_1_864' title='bbox 1607 3465 1699 3514; x_wconf 84' lang='lat' dir='ltr'><strong>octavo</strong></span> <span class='ocrx_word' id='word_1_865' title='bbox 1724 3461 1761 3516; x_wconf 83' lang='lat' dir='ltr'><strong>ad</strong></span> <span class='ocrx_word' id='word_1_866' title='bbox 1781 3461 1911 3516; x_wconf 81' lang='lat' dir='ltr'><strong>Sabinam</strong></span> 
     </span>
     <span class='ocr_line' id='line_1_80' title="bbox 1102 3527 1911 3596; baseline 0.002 -14"><span class='ocrx_word' id='word_1_867' title='bbox 1102 3527 1294 3582; x_wconf 87' lang='lat' dir='ltr'><strong>Statuliberum</strong></span> <span class='ocrx_word' id='word_1_868' title='bbox 1302 3529 1388 3582; x_wconf 89' lang='lat' dir='ltr'><strong>medio</strong></span> <span class='ocrx_word' id='word_1_869' title='bbox 1403 3533 1523 3596; x_wconf 89' lang='lat' dir='ltr'><strong>tempore</strong></span> <span class='ocrx_word' id='word_1_870' title='bbox 1534 3543 1638 3584; x_wconf 86' lang='lat' dir='ltr'><strong>servum</strong></span> <span class='ocrx_word' id='word_1_871' title='bbox 1649 3529 1753 3584; x_wconf 88' lang='lat' dir='ltr'><strong>heredis</strong></span> <span class='ocrx_word' id='word_1_872' title='bbox 1766 3545 1825 3584; x_wconf 89' lang='lat' dir='ltr'><strong>esse</strong></span> <span class='ocrx_word' id='word_1_873' title='bbox 1834 3545 1911 3586; x_wconf 88' lang='lat' dir='ltr'><strong>nemo</strong></span> 
     </span>
     <span class='ocr_line' id='line_1_81' title="bbox 1103 3595 1911 3668; baseline 0.002 -18"><span class='ocrx_word' id='word_1_874' title='bbox 1103 3595 1205 3666; x_wconf 86' lang='lat' dir='ltr'><strong>estqui</strong></span> <span class='ocrx_word' id='word_1_875' title='bbox 1222 3595 1344 3664; x_wconf 83' lang='lat' dir='ltr'><strong>ignorare</strong></span> <span class='ocrx_word' id='word_1_876' title='bbox 1362 3595 1472 3650; x_wconf 82' lang='lat' dir='ltr'><strong>debeat:</strong></span> <span class='ocrx_word' id='word_1_877' title='bbox 1495 3601 1639 3666; x_wconf 85' lang='lat' dir='ltr'><strong>eapropter</strong></span> <span class='ocrx_word' id='word_1_878' title='bbox 1654 3613 1740 3652; x_wconf 79' lang='lat' dir='ltr'><strong>noxae</strong></span> <span class='ocrx_word' id='word_1_879' title='bbox 1758 3595 1818 3652; x_wconf 89' lang='lat' dir='ltr'><strong>dedi</strong></span> <span class='ocrx_word' id='word_1_880' title='bbox 1834 3603 1911 3668; x_wconf 91' lang='lat' dir='ltr'><strong>pote·</strong></span> 
     </span>
     <span class='ocr_line' id='line_1_82' title="bbox 1101 3663 1911 3736; baseline 0.002 -18"><span class='ocrx_word' id='word_1_881' title='bbox 1101 3665 1144 3718; x_wconf 90' lang='lat' dir='ltr'><strong>rit.</strong></span> <span class='ocrx_word' id='word_1_882' title='bbox 1182 3663 1260 3720; x_wconf 80' lang='grc' dir='ltr'><strong>εει110</strong></span> <span class='ocrx_word' id='word_1_883' title='bbox 1281 3663 1385 3719; x_wconf 89' lang='lat' dir='ltr'><strong>deditus</strong></span> <span class='ocrx_word' id='word_1_884' title='bbox 1402 3667 1510 3734; x_wconf 88' lang='lat' dir='ltr'><strong>sperare</strong></span> <span class='ocrx_word' id='word_1_885' title='bbox 1527 3665 1616 3718; x_wconf 89' lang='lat' dir='ltr'><strong>adhuc</strong></span> <span class='ocrx_word' id='word_1_886' title='bbox 1634 3665 1782 3720; x_wconf 89' lang='lat' dir='ltr'><strong>libertatern</strong></span> <span class='ocrx_word' id='word_1_887' title='bbox 1799 3667 1911 3736; x_wconf 82' lang='lat' dir='ltr'><strong>poterit:</strong></span> 
     </span>
     <span class='ocr_line' id='line_1_83' title="bbox 1105 3731 1911 3802; baseline 0.005 -18"><span class='ocrx_word' id='word_1_888' title='bbox 1105 3737 1117 3784; x_wconf 90' lang='lat' dir='ltr'><strong>l</strong></span> <span class='ocrx_word' id='word_1_889' title='bbox 1153 3747 1203 3786; x_wconf 89' lang='lat' dir='ltr'><strong>nec</strong></span> <span class='ocrx_word' id='word_1_890' title='bbox 1226 3731 1296 3786; x_wconf 89' lang='lat' dir='ltr'><strong>enim</strong></span> <span class='ocrx_word' id='word_1_891' title='bbox 1317 3731 1416 3786; x_wconf 90' lang='lat' dir='ltr'><strong>deditio</strong></span> <span class='ocrx_word' id='word_1_892' title='bbox 1439 3747 1515 3802; x_wconf 88' lang='lat' dir='ltr'><strong>spem</strong></span> <span class='ocrx_word' id='word_1_893' title='bbox 1537 3733 1576 3786; x_wconf 92' lang='lat' dir='ltr'><strong>illi</strong></span> <span class='ocrx_word' id='word_1_894' title='bbox 1599 3733 1691 3786; x_wconf 82' lang='lat' dir='ltr'><strong>adindt</strong></span> <span class='ocrx_word' id='word_1_895' title='bbox 1706 3733 1848 3790; x_wconf 86' lang='lat' dir='ltr'><strong>hbertatis.</strong></span> <span class='ocrx_word' id='word_1_896' title='bbox 1883 3733 1911 3788; x_wconf 86' lang='lat' dir='ltr'><strong>Si</strong></span> 
     </span>
     <span class='ocr_line' id='line_1_84' title="bbox 1103 3799 1910 3868; baseline 0.001 -14"><span class='ocrx_word' id='word_1_897' title='bbox 1103 3799 1289 3854; x_wconf 89' lang='lat' dir='ltr'><strong>statuliberum</strong></span> <span class='ocrx_word' id='word_1_898' title='bbox 1316 3815 1371 3854; x_wconf 88' lang='lat' dir='ltr'><strong>non</strong></span> <span class='ocrx_word' id='word_1_899' title='bbox 1397 3799 1488 3854; x_wconf 88' lang='lat' dir='ltr'><strong>eadem</strong></span> <span class='ocrx_word' id='word_1_900' title='bbox 1517 3799 1674 3856; x_wconf 89' lang='lat' dir='ltr'><strong>condicione</strong></span> <span class='ocrx_word' id='word_1_901' title='bbox 1700 3801 1778 3856; x_wconf 86' lang='lat' dir='ltr'><strong>heres</strong></span> <span class='ocrx_word' id='word_1_902' title='bbox 1805 3801 1910 3868; x_wconf 80' lang='lat' dir='ltr'><strong>vendat,</strong></span> 
     </span>
     <span class='ocr_line' id='line_1_85' title="bbox 1103 3867 1912 3940; baseline 0 -18"><span class='ocrx_word' id='word_1_903' title='bbox 1103 3883 1187 3922; x_wconf 85' lang='lat' dir='ltr'><strong>causa</strong></span> <span class='ocrx_word' id='word_1_904' title='bbox 1204 3867 1260 3922; x_wconf 88' lang='lat' dir='ltr'><strong>cius</strong></span> <span class='ocrx_word' id='word_1_905' title='bbox 1277 3867 1449 3922; x_wconf 90' lang='lat' dir='ltr'><strong>immutabilis</strong></span> <span class='ocrx_word' id='word_1_906' title='bbox 1466 3871 1508 3922; x_wconf 89' lang='lat' dir='ltr'><strong>est</strong></span> <span class='ocrx_word' id='word_1_907' title='bbox 1524 3873 1551 3922; x_wconf 89' lang='lat' dir='ltr'><strong>et</strong></span> <span class='ocrx_word' id='word_1_908' title='bbox 1573 3867 1647 3922; x_wconf 89' lang='lat' dir='ltr'><strong>luere</strong></span> <span class='ocrx_word' id='word_1_909' title='bbox 1669 3883 1698 3922; x_wconf 88' lang='lat' dir='ltr'><strong>sa</strong></span> <span class='ocrx_word' id='word_1_910' title='bbox 1720 3871 1754 3924; x_wconf 89' lang='lat' dir='ltr'><strong>ab</strong></span> <span class='ocrx_word' id='word_1_911' title='bbox 1778 3871 1839 3924; x_wconf 87' lang='lat' dir='ltr'><strong>eo¹¹</strong></span> <span class='ocrx_word' id='word_1_912' title='bbox 1862 3885 1912 3940; x_wconf 89' lang='lat' dir='ltr'><strong>po-</strong></span> 
     </span>
     <span class='ocr_line' id='line_1_86' title="bbox 1101 3935 1912 4006; baseline 0.005 -18"><span class='ocrx_word' id='word_1_913' title='bbox 1101 3939 1157 3992; x_wconf 86' lang='lat' dir='ltr'><strong>test</strong></span> <span class='ocrx_word' id='word_1_914' title='bbox 1173 3935 1252 3990; x_wconf 86' lang='lat' dir='ltr'><strong>simili</strong></span> <span class='ocrx_word' id='word_1_915' title='bbox 1268 3935 1346 3990; x_wconf 90' lang='lat' dir='ltr'><strong>modo</strong></span> <span class='ocrx_word' id='word_1_916' title='bbox 1364 3941 1396 3988; x_wconf 91' lang='lat' dir='ltr'><strong>ut</strong></span> <span class='ocrx_word' id='word_1_917' title='bbox 1412 3937 1447 3990; x_wconf 87' lang='lat' dir='ltr'><strong>ab</strong></span> <span class='ocrx_word' id='word_1_918' title='bbox 1465 3937 1570 3992; x_wconf 89' lang='lat' dir='ltr'><strong>herede.</strong></span> <span class='ocrx_word' id='word_1_919' title='bbox 1598 3937 1723 3994; x_wconf 76' lang='lat' dir='ltr'><strong>simmaa</strong></span> <span class='ocrx_word' id='word_1_920' title='bbox 1733 3937 1912 4006; x_wconf 81' lang='lat' dir='ltr'><strong>suppresserit</strong></span> 
     </span>
     <span class='ocr_line' id='line_1_87' title="bbox 1103 4003 1911 4076; baseline 0 -16"><span class='ocrx_word' id='word_1_921' title='bbox 1103 4005 1286 4060; x_wconf 88' lang='lat' dir='ltr'><strong>condicionem</strong></span> <span class='ocrx_word' id='word_1_922' title='bbox 1303 4003 1502 4058; x_wconf 78' lang='lat' dir='ltr'><strong>statuliberi12?</strong></span> <span class='ocrx_word' id='word_1_923' title='bbox 1519 4009 1547 4060; x_wconf 90' lang='lat' dir='ltr'><strong>et</strong></span> <span class='ocrx_word' id='word_1_924' title='bbox 1562 4019 1597 4060; x_wconf 87' lang='lat' dir='ltr'><strong>ex</strong></span> <span class='ocrx_word' id='word_1_925' title='bbox 1614 4009 1701 4074; x_wconf 87' lang='lat' dir='ltr'><strong>empto</strong></span> <span class='ocrx_word' id='word_1_926' title='bbox 1717 4005 1823 4076; x_wconf 87' lang='lat' dir='ltr'><strong>quidem</strong></span> <span class='ocrx_word' id='word_1_927' title='bbox 1837 4011 1911 4060; x_wconf 88' lang='lat' dir='ltr'><strong>tene-</strong></span> 
     </span>
     <span class='ocr_line' id='line_1_88' title="bbox 1102 4071 1910 4142; baseline 0.002 -16"><span class='ocrx_word' id='word_1_928' title='bbox 1102 4077 1160 4126; x_wconf 89' lang='lat' dir='ltr'><strong>tur:</strong></span> <span class='ocrx_word' id='word_1_929' title='bbox 1187 4071 1322 4142; x_wconf 82' lang='lat' dir='ltr'><strong>graviores</strong></span> <span class='ocrx_word' id='word_1_930' title='bbox 1344 4077 1434 4126; x_wconf 90' lang='lat' dir='ltr'><strong>autern</strong></span> <span class='ocrx_word' id='word_1_931' title='bbox 1456 4073 1537 4126; x_wconf 86' lang='lat' dir='ltr'><strong>etiam</strong></span> <span class='ocrx_word' id='word_1_932' title='bbox 1559 4073 1725 4126; x_wconf 90' lang='lat' dir='ltr'><strong>stellionatus</strong></span> <span class='ocrx_word' id='word_1_933' title='bbox 1748 4073 1848 4128; x_wconf 88' lang='lat' dir='ltr'><strong>crimen</strong></span> <span class='ocrx_word' id='word_1_934' title='bbox 1870 4075 1910 4128; x_wconf 90' lang='lat' dir='ltr'><strong>in-</strong></span> 
     </span>
     <span class='ocr_line' id='line_1_89' title="bbox 1103 4139 1912 4210; baseline 0 -14"><span class='ocrx_word' id='word_1_935' title='bbox 1103 4145 1212 4210; x_wconf 88' lang='lat' dir='ltr'><strong>portant</strong></span> <span class='ocrx_word' id='word_1_936' title='bbox 1227 4141 1262 4206; x_wconf 82' lang='lat' dir='ltr'><strong>ei,</strong></span> <span class='ocrx_word' id='word_1_937' title='bbox 1280 4139 1326 4210; x_wconf 90' lang='lat' dir='ltr'><strong>qui</strong></span> <span class='ocrx_word' id='word_1_938' title='bbox 1343 4141 1430 4196; x_wconf 87' lang='lat' dir='ltr'><strong>sciens</strong></span> <span class='ocrx_word' id='word_1_939' title='bbox 1447 4139 1611 4194; x_wconf 88' lang='lat' dir='ltr'><strong>dissimulata</strong></span> <span class='ocrx_word' id='word_1_940' title='bbox 1625 4139 1780 4196; x_wconf 88' lang='lat' dir='ltr'><strong>condicione</strong></span> <span class='ocrx_word' id='word_1_941' title='bbox 1793 4145 1912 4198; x_wconf 87' lang='lat' dir='ltr'><strong>statutae</strong></span> 
     </span>
     <span class='ocr_line' id='line_1_90' title="bbox 1103 4207 1911 4278; baseline 0 -14"><span class='ocrx_word' id='word_1_942' title='bbox 1103 4215 1119 4264; x_wconf 81' lang='lat'><strong>2</strong></span> <span class='ocrx_word' id='word_1_943' title='bbox 1153 4209 1284 4264; x_wconf 90' lang='lat' dir='ltr'><strong>libertatis</strong></span> <span class='ocrx_word' id='word_1_944' title='bbox 1307 4207 1462 4278; x_wconf 87' lang='lat' dir='ltr'><strong>simpliciter</strong></span> <span class='ocrx_word' id='word_1_945' title='bbox 1482 4223 1543 4264; x_wconf 83' lang='lat' dir='ltr'><strong>eunt</strong></span> <span class='ocrx_word' id='word_1_946' title='bbox 1563 4207 1717 4264; x_wconf 76' lang='lat' dir='ltr'><strong>vendiderit.</strong></span> <span class='ocrx_word' id='word_1_947' title='bbox 1751 4209 1822 4264; x_wconf 89' lang='lat' dir='ltr'><strong>Illud</strong></span> <span class='ocrx_word' id='word_1_948' title='bbox 1839 4213 1911 4264; x_wconf 90' lang='lat' dir='ltr'><strong>trac·</strong></span> 
     </span>
     <span class='ocr_line' id='line_1_91' title="bbox 1102 4277 1913 4400; baseline 0 -68"><span class='ocrx_word' id='word_1_949' title='bbox 1102 4283 1188 4332; x_wconf 89' lang='lat' dir='ltr'><strong>tatum</strong></span> <span class='ocrx_word' id='word_1_950' title='bbox 1206 4283 1254 4346; x_wconf 89' lang='lat' dir='ltr'><strong>est,</strong></span> <span class='ocrx_word' id='word_1_951' title='bbox 1273 4293 1308 4332; x_wconf 91' lang='lat' dir='ltr'><strong>en</strong></span> <span class='ocrx_word' id='word_1_952' title='bbox 1324 4277 1446 4332; x_wconf 89' lang='lat' dir='ltr'><strong>liberatio</strong></span> <span class='ocrx_word' id='word_1_953' title='bbox 1464 4277 1602 4348; x_wconf 72' lang='lat' dir='ltr'><strong>confingat</strong></span> <span class='ocrx_word' id='word_1_954' title='bbox 1618 4277 1701 4400; x_wconf 54' lang='lat' dir='ltr'><strong>sithri</strong></span> <span class='ocrx_word' id='word_1_955' title='bbox 1712 4293 1799 4334; x_wconf 86' lang='lat' dir='ltr'><strong>noxae</strong></span> <span class='ocrx_word' id='word_1_956' title='bbox 1810 4277 1913 4334; x_wconf 89' lang='lat' dir='ltr'><strong>dederit</strong></span> 
     </span>
     <span class='ocr_line' id='line_1_92' title="bbox 1103 4345 1912 4402; baseline -0.002 0"><span class='ocrx_word' id='word_1_957' title='bbox 1103 4345 1296 4402; x_wconf 88' lang='lat' dir='ltr'><strong>statuliberum.</strong></span> <span class='ocrx_word' id='word_1_958' title='bbox 1323 4351 1350 4402; x_wconf 91' lang='lat' dir='ltr'><strong>et</strong></span> <span class='ocrx_word' id='word_1_959' title='bbox 1363 4345 1514 4402; x_wconf 82' lang='lat' dir='ltr'><strong>Octarenus</strong></span> <span class='ocrx_word' id='word_1_960' title='bbox 1550 4347 1645 4402; x_wconf 84' lang='lat' dir='ltr'><strong>utebat</strong></span> <span class='ocrx_word' id='word_1_961' title='bbox 1673 4345 1780 4400; x_wconf 77' lang='lat' dir='ltr'><strong>&#39;berariz</strong></span> <span class='ocrx_word' id='word_1_962' title='bbox 1798 4351 1827 4400; x_wconf 88' lang='lat' dir='ltr'><strong>et</strong></span> <span class='ocrx_word' id='word_1_963' title='bbox 1842 4345 1912 4400; x_wconf 88' lang='lat' dir='ltr'><strong>idem</strong></span> 
     </span>
     <span class='ocr_line' id='line_1_93' title="bbox 1103 4363 1912 4482; baseline 0 -14"><span class='ocrx_word' id='word_1_964' title='bbox 1103 4415 1210 4468; x_wconf 88' lang='lat' dir='ltr'><strong>dicebat</strong></span> <span class='ocrx_word' id='word_1_965' title='bbox 1232 4419 1259 4468; x_wconf 91' lang='lat' dir='ltr'><strong>et</strong></span> <span class='ocrx_word' id='word_1_966' title='bbox 1281 4413 1305 4468; x_wconf 90' lang='lat' dir='ltr'><strong>si</strong></span> <span class='ocrx_word' id='word_1_967' title='bbox 1326 4429 1360 4468; x_wconf 87' lang='lat' dir='ltr'><strong>ex</strong></span> <span class='ocrx_word' id='word_1_968' title='bbox 1384 4413 1514 4482; x_wconf 88' lang='lat' dir='ltr'><strong>stipulatu</strong></span> <span class='ocrx_word' id='word_1_969' title='bbox 1531 4363 1652 4470; x_wconf 55' lang='lat' dir='ltr'><strong>Stichum</strong></span> <span class='ocrx_word' id='word_1_970' title='bbox 1673 4413 1782 4470; x_wconf 90' lang='lat' dir='ltr'><strong>deberet</strong></span> <span class='ocrx_word' id='word_1_971' title='bbox 1799 4429 1912 4480; x_wconf 89' lang='lat' dir='ltr'><strong>eumque</strong></span> 
     </span>
     <span class='ocr_line' id='line_1_94' title="bbox 1103 4482 1911 4540; baseline -0.009 0"><span class='ocrx_word' id='word_1_972' title='bbox 1103 4483 1288 4540; x_wconf 90' lang='lat' dir='ltr'><strong>statuliberum</strong></span> <span class='ocrx_word' id='word_1_973' title='bbox 1306 4483 1447 4538; x_wconf 76' lang='lat' dir='ltr'><strong>solvissetr</strong></span> <span class='ocrx_word' id='word_1_974' title='bbox 1463 4483 1556 4538; x_wconf 68' lang='grc' dir='ltr'><strong>ιιειιι18</strong></span> <span class='ocrx_word' id='word_1_975' title='bbox 1578 4489 1606 4540; x_wconf 89' lang='grc' dir='ltr'><strong>ει</strong></span> <span class='ocrx_word' id='word_1_976' title='bbox 1628 4483 1652 4540; x_wconf 88' lang='lat' dir='ltr'><strong>si</strong></span> <span class='ocrx_word' id='word_1_977' title='bbox 1674 4487 1736 4538; x_wconf 89' lang='lat' dir='ltr'><strong>ante</strong></span> <span class='ocrx_word' id='word_1_978' title='bbox 1753 4482 1911 4538; x_wconf 87' lang='lat' dir='ltr'><strong>solutionem</strong></span> 
     </span>
     <span class='ocr_line' id='line_1_95' title="bbox 1103 4549 1909 4630; baseline -0.005 -22"><span class='ocrx_word' id='word_1_979' title='bbox 1103 4551 1138 4608; x_wconf 87' lang='lat' dir='ltr'><strong>ad</strong></span> <span class='ocrx_word' id='word_1_980' title='bbox 1160 4551 1310 4606; x_wconf 89' lang='lat' dir='ltr'><strong>libertatem</strong></span> <span class='ocrx_word' id='word_1_981' title='bbox 1332 4551 1497 4630; x_wconf 79' lang='lat' dir='ltr'><strong>pervenisset</strong></span> <span class='ocrx_word' id='word_1_982' title='bbox 1505 4553 1535 4618; x_wconf 80' lang='lat'><strong>¹⁴,</strong></span> <span class='ocrx_word' id='word_1_983' title='bbox 1562 4551 1761 4622; x_wconf 85' lang='lat' dir='ltr'><strong>extingueretur</strong></span> <span class='ocrx_word' id='word_1_984' title='bbox 1783 4549 1909 4618; x_wconf 78' lang='lat' dir='ltr'><strong>obligatio</strong></span> 
     </span>
     <span class='ocr_line' id='line_1_96' title="bbox 1103 4619 1909 4690; baseline -0.004 -16"><span class='ocrx_word' id='word_1_985' title='bbox 1103 4627 1173 4674; x_wconf 88' lang='lat' dir='ltr'><strong>tota:</strong></span> <span class='ocrx_word' id='word_1_986' title='bbox 1198 4635 1230 4674; x_wconf 90' lang='lat' dir='ltr'><strong>ea</strong></span> <span class='ocrx_word' id='word_1_987' title='bbox 1247 4621 1315 4676; x_wconf 91' lang='lat' dir='ltr'><strong>enim</strong></span> <span class='ocrx_word' id='word_1_988' title='bbox 1331 4637 1360 4674; x_wconf 87' lang='grc' dir='ltr'><strong>ιιι</strong></span> <span class='ocrx_word' id='word_1_989' title='bbox 1378 4619 1538 4690; x_wconf 79' lang='lat' dir='ltr'><strong>obligatione</strong></span> <span class='ocrx_word' id='word_1_990' title='bbox 1556 4621 1713 4684; x_wconf 86' lang='lat' dir='ltr'><strong>consistere,</strong></span> <span class='ocrx_word' id='word_1_991' title='bbox 1738 4633 1806 4686; x_wconf 82' lang='lat' dir='ltr'><strong>quae</strong></span> <span class='ocrx_word' id='word_1_992' title='bbox 1827 4633 1909 4686; x_wconf 88' lang='lat' dir='ltr'><strong>pecu-</strong></span> 
     </span>
     <span class='ocr_line' id='line_1_97' title="bbox 1102 4685 1911 4760; baseline -0.009 -16"><span class='ocrx_word' id='word_1_993' title='bbox 1102 4687 1148 4744; x_wconf 88' lang='lat' dir='ltr'><strong>nia</strong></span> <span class='ocrx_word' id='word_1_994' title='bbox 1163 4689 1202 4744; x_wconf 93' lang='lat' dir='ltr'><strong>lui</strong></span> <span class='ocrx_word' id='word_1_995' title='bbox 1218 4691 1402 4758; x_wconf 86' lang='lat' dir='ltr'><strong>praestarique</strong></span> <span class='ocrx_word' id='word_1_996' title='bbox 1418 4695 1545 4760; x_wconf 87' lang='lat' dir='ltr'><strong>possunt,</strong></span> <span class='ocrx_word' id='word_1_997' title='bbox 1562 4689 1672 4744; x_wconf 86' lang='lat' dir='ltr'><strong>libertas</strong></span> <span class='ocrx_word' id='word_1_998' title='bbox 1688 4691 1777 4740; x_wconf 87' lang='lat' dir='ltr'><strong>autem</strong></span> <span class='ocrx_word' id='word_1_999' title='bbox 1794 4685 1911 4754; x_wconf 90' lang='lat' dir='ltr'><strong>pecunia</strong></span> 
     </span>
     <span class='ocr_line' id='line_1_98' title="bbox 1102 4755 1911 4836; baseline -0.002 -24"><span class='ocrx_word' id='word_1_1000' title='bbox 1102 4759 1140 4812; x_wconf 88' lang='lat' dir='ltr'><strong>lui</strong></span> <span class='ocrx_word' id='word_1_1001' title='bbox 1163 4773 1218 4812; x_wconf 91' lang='lat' dir='ltr'><strong>non</strong></span> <span class='ocrx_word' id='word_1_1002' title='bbox 1239 4763 1329 4828; x_wconf 90' lang='lat' dir='ltr'><strong>potest</strong></span> <span class='ocrx_word' id='word_1_1003' title='bbox 1351 4773 1401 4814; x_wconf 89' lang='lat' dir='ltr'><strong>uec</strong></span> <span class='ocrx_word' id='word_1_1004' title='bbox 1424 4759 1545 4828; x_wconf 88' lang='lat' dir='ltr'><strong>reparari</strong></span> <span class='ocrx_word' id='word_1_1005' title='bbox 1560 4763 1658 4826; x_wconf 88' lang='lat' dir='ltr'><strong>potest.</strong></span> <span class='ocrx_word' id='word_1_1006' title='bbox 1684 4769 1761 4836; x_wconf 62' lang='lat' dir='ltr'><strong>.qu</strong></span> <span class='ocrx_word' id='word_1_1007' title='bbox 1778 4755 1911 4810; x_wconf 82' lang='lat' dir='ltr'><strong>sententis</strong></span> 
     </span>
     <span class='ocr_line' id='line_1_99' title="bbox 1103 4821 1910 4904; baseline -0.005 -22"><span class='ocrx_word' id='word_1_1008' title='bbox 1103 4831 1119 4882; x_wconf 85' lang='lat'><strong>3</strong></span> <span class='ocrx_word' id='word_1_1009' title='bbox 1153 4825 1218 4882; x_wconf 90' lang='lat' dir='ltr'><strong>mihi</strong></span> <span class='ocrx_word' id='word_1_1010' title='bbox 1229 4827 1331 4882; x_wconf 86' lang='lat' dir='ltr'><strong>ridetur</strong></span> <span class='ocrx_word' id='word_1_1011' title='bbox 1342 4843 1413 4882; x_wconf 82' lang='lat' dir='ltr'><strong>vera.</strong></span> <span class='ocrx_word' id='word_1_1012' title='bbox 1441 4825 1596 4882; x_wconf 87' lang='lat' dir='ltr'><strong>Statuliberi</strong></span> <span class='ocrx_word' id='word_1_1013' title='bbox 1613 4825 1737 4904; x_wconf 76' lang='lat' dir='ltr'><strong>conducto</strong></span> <span class='ocrx_word' id='word_1_1014' title='bbox 1750 4827 1788 4876; x_wconf 85' lang='lat' dir='ltr'><strong>rte</strong></span> <span class='ocrx_word' id='word_1_1015' title='bbox 1805 4821 1910 4878; x_wconf 89' lang='lat' dir='ltr'><strong>demum</strong></span> 
     </span>
     <span class='ocr_line' id='line_1_100' title="bbox 1103 4891 1910 4972; baseline -0.002 -22"><span class='ocrx_word' id='word_1_1016' title='bbox 1103 4895 1272 4952; x_wconf 87' lang='lat' dir='ltr'><strong>immutabilis</strong></span> <span class='ocrx_word' id='word_1_1017' title='bbox 1294 4901 1348 4962; x_wconf 87' lang='lat' dir='ltr'><strong>est,</strong></span> <span class='ocrx_word' id='word_1_1018' title='bbox 1376 4897 1399 4950; x_wconf 87' lang='lat' dir='ltr'><strong>si</strong></span> <span class='ocrx_word' id='word_1_1019' title='bbox 1422 4897 1495 4950; x_wconf 87' lang='lat' dir='ltr'><strong>adita</strong></span> <span class='ocrx_word' id='word_1_1020' title='bbox 1516 4893 1649 4948; x_wconf 86' lang='lat' dir='ltr'><strong>hereditas</strong></span> <span class='ocrx_word' id='word_1_1021' title='bbox 1670 4891 1764 4946; x_wconf 77' lang='lat' dir='ltr'><strong>fuerat:</strong></span> <span class='ocrx_word' id='word_1_1022' title='bbox 1787 4897 1910 4972; x_wconf 32' lang='lat' dir='ltr'><strong>‘ceterum</strong></span> 
     </span>
     <span class='ocr_line' id='line_1_101' title="bbox 1103 4961 1908 5032; baseline -0.005 -12"><span class='ocrx_word' id='word_1_1023' title='bbox 1103 4969 1165 5020; x_wconf 88' lang='lat' dir='ltr'><strong>ante</strong></span> <span class='ocrx_word' id='word_1_1024' title='bbox 1183 4963 1281 5018; x_wconf 89' lang='lat' dir='ltr'><strong>aditam</strong></span> <span class='ocrx_word' id='word_1_1025' title='bbox 1297 4963 1471 5020; x_wconf 88' lang='lat' dir='ltr'><strong>hereditatem</strong></span> <span class='ocrx_word' id='word_1_1026' title='bbox 1487 4963 1515 5018; x_wconf 92' lang='lat' dir='ltr'><strong>in</strong></span> <span class='ocrx_word' id='word_1_1027' title='bbox 1532 4961 1668 5032; x_wconf 89' lang='lat' dir='ltr'><strong>propriam</strong></span> <span class='ocrx_word' id='word_1_1028' title='bbox 1682 4963 1841 5028; x_wconf 88' lang='lat' dir='ltr'><strong>usucaprtur</strong></span> <span class='ocrx_word' id='word_1_1029' title='bbox 1855 4975 1908 5016; x_wconf 83' lang='lat' dir='ltr'><strong>ser·</strong></span> 
     </span>
     <span class='ocr_line' id='line_1_102' title="bbox 1103 5027 1951 5116; baseline 0.001 -30"><span class='ocrx_word' id='word_1_1030' title='bbox 1103 5033 1212 5088; x_wconf 83' lang='lat' dir='ltr'><strong>vitutem</strong></span> <span class='ocrx_word' id='word_1_1031' title='bbox 1226 5033 1408 5116; x_wconf 80' lang='lat' dir='ltr'><strong>libertatisque</strong></span> <span class='ocrx_word' id='word_1_1032' title='bbox 1418 5047 1479 5104; x_wconf 89' lang='lat' dir='ltr'><strong>spes</strong></span> <span class='ocrx_word' id='word_1_1033' title='bbox 1487 5029 1653 5098; x_wconf 72' lang='lat' dir='ltr'><strong>infringitur:</strong></span> <span class='ocrx_word' id='word_1_1034' title='bbox 1670 5027 1717 5084; x_wconf 87' lang='lat' dir='ltr'><strong>sed</strong></span> <span class='ocrx_word' id='word_1_1035' title='bbox 1730 5029 1803 5084; x_wconf 85' lang='lat' dir='ltr'><strong>adita</strong></span> <span class='ocrx_word' id='word_1_1036' title='bbox 1815 5035 1910 5102; x_wconf 87' lang='lat' dir='ltr'><strong>postea</strong></span> <span class='ocrx_word' id='word_1_1037' title='bbox 1949 5087 1951 5092; x_wconf 81' lang='grc'><em>,</em></span> 
     </span>
     <span class='ocr_line' id='line_1_103' title="bbox 1102 5095 1908 5182; baseline -0.001 -24"><span class='ocrx_word' id='word_1_1038' title='bbox 1102 5101 1249 5158; x_wconf 89' lang='lat' dir='ltr'><strong>hereditate</strong></span> <span class='ocrx_word' id='word_1_1039' title='bbox 1270 5119 1332 5174; x_wconf 90' lang='lat' dir='ltr'><strong>spes</strong></span> <span class='ocrx_word' id='word_1_1040' title='bbox 1354 5101 1484 5158; x_wconf 86' lang='lat' dir='ltr'><strong>hbertatis</strong></span> <span class='ocrx_word' id='word_1_1041' title='bbox 1507 5097 1599 5154; x_wconf 83' lang='lat' dir='ltr'><strong>farore</strong></span> <span class='ocrx_word' id='word_1_1042' title='bbox 1619 5095 1662 5152; x_wconf 89' lang='lat' dir='ltr'><strong>sui</strong></span> <span class='ocrx_word' id='word_1_1043' title='bbox 1676 5097 1908 5182; x_wconf 67' lang='lat' dir='ltr'><strong>redintegrabitur.</strong></span> 
     </span>
    </p>

    <p class='ocr_par' dir='ltr' id='par_1_14' title="bbox 1103 5165 1910 5572">
     <span class='ocr_line' id='line_1_104' title="bbox 1139 5165 1910 5240; baseline -0.004 -10"><span class='ocrx_word' id='word_1_1044' title='bbox 1139 5167 1177 5230; x_wconf 84' lang='lat'><strong>10</strong></span> <span class='ocrx_word' id='word_1_1045' title='bbox 1196 5171 1316 5228; x_wconf 78' lang='lat' dir='ltr'><strong>Parrus</strong></span> <span class='ocrx_word' id='word_1_1046' title='bbox 1334 5171 1403 5226; x_wconf 79' lang='lat' dir='ltr'><strong>libro</strong></span> <span class='ocrx_word' id='word_1_1047' title='bbox 1427 5169 1520 5240; x_wconf 83' lang='lat' dir='ltr'><strong>quinio</strong></span> <span class='ocrx_word' id='word_1_1048' title='bbox 1544 5167 1581 5222; x_wconf 81' lang='lat' dir='ltr'><strong>ud</strong></span> <span class='ocrx_word' id='word_1_1049' title='bbox 1597 5165 1726 5224; x_wconf 79' lang='lat' dir='ltr'><strong>saraam</strong></span> <span class='ocrx_word' id='word_1_1050' title='bbox 1766 5167 1795 5224; x_wconf 82' lang='lat' dir='ltr'><strong>Sr</strong></span> <span class='ocrx_word' id='word_1_1051' title='bbox 1819 5169 1910 5226; x_wconf 90' lang='lat' dir='ltr'><strong>decem</strong></span> 
     </span>
     <span class='ocr_line' id='line_1_105' title="bbox 1103 5235 1910 5312; baseline 0 -16"><span class='ocrx_word' id='word_1_1052' title='bbox 1103 5241 1167 5296; x_wconf 84' lang='lat' dir='ltr'><strong>dare</strong></span> <span class='ocrx_word' id='word_1_1053' title='bbox 1184 5239 1285 5296; x_wconf 88' lang='lat' dir='ltr'><strong>iussum</strong></span> <span class='ocrx_word' id='word_1_1054' title='bbox 1302 5241 1379 5296; x_wconf 87' lang='lat' dir='ltr'><strong>heres</strong></span> <span class='ocrx_word' id='word_1_1055' title='bbox 1396 5235 1587 5294; x_wconf 83' lang='lat' dir='ltr'><strong>vendideritet</strong></span> <span class='ocrx_word' id='word_1_1056' title='bbox 1603 5235 1741 5296; x_wconf 86' lang='lat' dir='ltr'><strong>tradiderit</strong></span> <span class='ocrx_word' id='word_1_1057' title='bbox 1762 5239 1910 5312; x_wconf 87' lang='lat' dir='ltr'><strong>dixeritque</strong></span> 
     </span>
     <span class='ocr_line' id='line_1_106' title="bbox 1103 5305 1910 5380; baseline -0.002 -16"><span class='ocrx_word' id='word_1_1058' title='bbox 1103 5311 1265 5380; x_wconf 89' lang='lat' dir='ltr'><strong>adscriptum</strong></span> <span class='ocrx_word' id='word_1_1059' title='bbox 1277 5307 1404 5374; x_wconf 90' lang='lat' dir='ltr'><strong>libertati,</strong></span> <span class='ocrx_word' id='word_1_1060' title='bbox 1422 5305 1446 5362; x_wconf 90' lang='lat' dir='ltr'><strong>si</strong></span> <span class='ocrx_word' id='word_1_1061' title='bbox 1461 5305 1553 5376; x_wconf 79' lang='lat' dir='ltr'><strong>viginti</strong></span> <span class='ocrx_word' id='word_1_1062' title='bbox 1569 5305 1692 5376; x_wconf 89' lang='lat' dir='ltr'><strong>dedisset,</strong></span> <span class='ocrx_word' id='word_1_1063' title='bbox 1710 5325 1743 5366; x_wconf 81' lang='lat' dir='ltr'><strong>ex</strong></span> <span class='ocrx_word' id='word_1_1064' title='bbox 1755 5313 1845 5380; x_wconf 87' lang='lat' dir='ltr'><strong>empto</strong></span> <span class='ocrx_word' id='word_1_1065' title='bbox 1859 5309 1910 5364; x_wconf 90' lang='lat' dir='ltr'><strong>erit</strong></span> 
     </span>
     <span class='ocr_line' id='line_1_107' title="bbox 1103 5373 1908 5450; baseline 0.001 -16"><span class='ocrx_word' id='word_1_1066' title='bbox 1103 5379 1173 5434; x_wconf 90' lang='lat' dir='ltr'><strong>actio</strong></span> <span class='ocrx_word' id='word_1_1067' title='bbox 1192 5395 1252 5434; x_wconf 92' lang='lat' dir='ltr'><strong>cum</strong></span> <span class='ocrx_word' id='word_1_1068' title='bbox 1268 5377 1418 5440; x_wconf 79' lang='lat' dir='ltr'><strong>venditore,</strong></span> <span class='ocrx_word' id='word_1_1069' title='bbox 1435 5379 1496 5440; x_wconf 90' lang='lat' dir='ltr'><strong>ant,</strong></span> <span class='ocrx_word' id='word_1_1070' title='bbox 1514 5375 1537 5430; x_wconf 90' lang='lat' dir='ltr'><strong>si</strong></span> <span class='ocrx_word' id='word_1_1071' title='bbox 1554 5373 1637 5448; x_wconf 86' lang='lat' dir='ltr'><strong>dupla</strong></span> <span class='ocrx_word' id='word_1_1072' title='bbox 1651 5379 1783 5450; x_wconf 88' lang='lat' dir='ltr'><strong>promissa</strong></span> <span class='ocrx_word' id='word_1_1073' title='bbox 1799 5383 1855 5446; x_wconf 85' lang='lat' dir='ltr'><strong>est,</strong></span> <span class='ocrx_word' id='word_1_1074' title='bbox 1874 5381 1908 5434; x_wconf 90' lang='lat' dir='ltr'><strong>ob</strong></span> 
     </span>
     <span class='ocr_line' id='line_1_108' title="bbox 1103 5443 1908 5570; baseline 0.005 -70"><span class='ocrx_word' id='word_1_1075' title='bbox 1103 5443 1413 5570; x_wconf 48' lang='lat' dir='ltr'><strong>effationedrgacidumtaxat</strong></span> <span class='ocrx_word' id='word_1_1076' title='bbox 1430 5443 1527 5514; x_wconf 87' lang='lat' dir='ltr'><strong>duplae</strong></span> <span class='ocrx_word' id='word_1_1077' title='bbox 1543 5447 1665 5518; x_wconf 86' lang='lat' dir='ltr'><strong>repetitio</strong></span> <span class='ocrx_word' id='word_1_1078' title='bbox 1682 5449 1745 5516; x_wconf 91' lang='lat' dir='ltr'><strong>erit,</strong></span> <span class='ocrx_word' id='word_1_1079' title='bbox 1768 5463 1801 5504; x_wconf 81' lang='lat' dir='ltr'><strong>ex</strong></span> <span class='ocrx_word' id='word_1_1080' title='bbox 1819 5453 1908 5518; x_wconf 84' lang='lat' dir='ltr'><strong>empto</strong></span> 
     </span>
     <span class='ocr_line' id='line_1_109' title="bbox 1103 5527 1328 5572; baseline -0.018 0"><span class='ocrx_word' id='word_1_1081' title='bbox 1103 5533 1119 5572; x_wconf 92' lang='lat' dir='ltr'><strong>o</strong></span> <span class='ocrx_word' id='word_1_1082' title='bbox 1155 5529 1216 5570; x_wconf 87' lang='lat' dir='ltr'><strong>men</strong></span> <span class='ocrx_word' id='word_1_1083' title='bbox 1275 5527 1328 5568; x_wconf 89' lang='lat' dir='ltr'><strong>um.</strong></span> 
     </span>
    </p>
   </div>
   <div class='ocr_carea' id='block_1_8' title="bbox 257 5613 1906 5644">
    <p class='ocr_par' dir='ltr' id='par_1_15' title="bbox 257 5613 1906 5644">
     <span class='ocr_line' id='line_1_110' title="bbox 257 5613 1906 5644; baseline 0 -16"><span class='ocrx_word' id='word_1_1084' title='bbox 257 5613 1906 5644; x_wconf 42' lang='lat' dir='ltr'><strong>mmmm-„—</strong></span> 
     </span>
    </p>
   </div>
   <div class='ocr_carea' id='block_1_9' title="bbox 253 5641 1914 5752">
    <p class='ocr_par' dir='ltr' id='par_1_16' title="bbox 253 5641 1914 5752">
     <span class='ocr_line' id='line_1_111' title="bbox 253 5641 1914 5752; baseline 0.007 -26"><span class='ocrx_word' id='word_1_1085' title='bbox 253 5671 280 5734; x_wconf 76' lang='grc' dir='ltr'>(ι)</span> <span class='ocrx_word' id='word_1_1086' title='bbox 297 5675 400 5728; x_wconf 86' lang='lat' dir='ltr'><strong>milesF</strong></span> <span class='ocrx_word' id='word_1_1087' title='bbox 448 5681 486 5740; x_wconf 80' lang='grc' dir='ltr'>(ι’)</span> <span class='ocrx_word' id='word_1_1088' title='bbox 503 5679 635 5734; x_wconf 78' lang='lat' dir='ltr'><strong>fnturosF</strong></span> <span class='ocrx_word' id='word_1_1089' title='bbox 685 5685 718 5748; x_wconf 84' lang='lat' dir='ltr'><strong>(a)</strong></span> <span class='ocrx_word' id='word_1_1090' title='bbox 736 5687 811 5738; x_wconf 66' lang='lat' dir='ltr'><strong>aaa</strong></span> <span class='ocrx_word' id='word_1_1091' title='bbox 860 5689 893 5750; x_wconf 81' lang='lat' dir='ltr'><strong>(a)</strong></span> <span class='ocrx_word' id='word_1_1092' title='bbox 911 5687 1059 5752; x_wconf 78' lang='lat' dir='ltr'><strong>oporteatF</strong></span> <span class='ocrx_word' id='word_1_1093' title='bbox 1103 5641 1537 5752; x_wconf 6' lang='lat' dir='ltr'><strong>aumwexactioaemapudheredem</strong></span> <span class='ocrx_word' id='word_1_1094' title='bbox 1550 5705 1675 5742; x_wconf 80' lang='lat' dir='ltr'><strong>mmanere</strong></span> <span class='ocrx_word' id='word_1_1095' title='bbox 1689 5691 1734 5742; x_wconf 80' lang='grc' dir='ltr'>ιἰιι.</span> <span class='ocrx_word' id='word_1_1096' title='bbox 1808 5693 1841 5752; x_wconf 80' lang='lat' dir='ltr'><strong>(a)</strong></span> <span class='ocrx_word' id='word_1_1097' title='bbox 1859 5689 1914 5740; x_wconf 70' lang='lat' dir='ltr'><strong>ria</strong></span> 
     </span>
    </p>
   </div>
   <div class='ocr_carea' id='block_1_10' title="bbox 253 5737 1056 5886">
    <p class='ocr_par' dir='ltr' id='par_1_17' title="bbox 253 5737 1056 5886">
     <span class='ocr_line' id='line_1_112' title="bbox 253 5737 1056 5818; baseline 0.005 -20"><span class='ocrx_word' id='word_1_1098' title='bbox 253 5737 282 5798; x_wconf 76' lang='lat' dir='ltr'><strong>(ll</strong></span> <span class='ocrx_word' id='word_1_1099' title='bbox 302 5743 541 5808; x_wconf 62' lang='lat' dir='ltr'><strong>trinitatatem</strong></span> <span class='ocrx_word' id='word_1_1100' title='bbox 615 5753 647 5812; x_wconf 86' lang='grc' dir='ltr'><strong>(ε)</strong></span> <span class='ocrx_word' id='word_1_1101' title='bbox 665 5751 778 5804; x_wconf 84' lang='lat' dir='ltr'><strong>heredem</strong></span> <span class='ocrx_word' id='word_1_1102' title='bbox 793 5755 818 5804; x_wconf 78' lang='lat' dir='ltr'><em>F</em></span> <span class='ocrx_word' id='word_1_1103' title='bbox 888 5755 920 5818; x_wconf 87' lang='grc' dir='ltr'><strong>(ε)</strong></span> <span class='ocrx_word' id='word_1_1104' title='bbox 938 5757 964 5804; x_wconf 88' lang='lat' dir='ltr'><strong>et</strong></span> <span class='ocrx_word' id='word_1_1105' title='bbox 977 5753 1056 5804; x_wconf 66' lang='lat' dir='ltr'><strong>oali</strong></span> 
     </span>
     <span class='ocr_line' id='line_1_113' title="bbox 254 5805 1053 5886; baseline 0.003 -16"><span class='ocrx_word' id='word_1_1106' title='bbox 254 5805 294 5872; x_wconf 63' lang='grc' dir='ltr'>ιε’)</span> <span class='ocrx_word' id='word_1_1107' title='bbox 310 5809 515 5862; x_wconf 65' lang='lat' dir='ltr'><strong>emeritanus</strong></span> <span class='ocrx_word' id='word_1_1108' title='bbox 579 5819 612 5884; x_wconf 81' lang='grc' dir='ltr'>(ι)</span> <span class='ocrx_word' id='word_1_1109' title='bbox 629 5819 697 5884; x_wconf 74' lang='lat' dir='ltr'><strong>aa]</strong></span> <span class='ocrx_word' id='word_1_1110' title='bbox 707 5821 797 5872; x_wconf 71' lang='lat' dir='ltr'><strong>orexin</strong></span> <span class='ocrx_word' id='word_1_1111' title='bbox 808 5839 855 5872; x_wconf 59' lang='lat' dir='ltr'><strong>aa.</strong></span> <span class='ocrx_word' id='word_1_1112' title='bbox 908 5821 958 5886; x_wconf 68' lang='grc' dir='ltr'>’(ει</span> <span class='ocrx_word' id='word_1_1113' title='bbox 977 5823 1053 5872; x_wconf 72' lang='lat' dir='ltr'><strong>atro</strong></span> 
     </span>
    </p>
   </div>
   <div class='ocr_carea' id='block_1_11' title="bbox 1103 5753 1909 5894">
    <p class='ocr_par' dir='ltr' id='par_1_18' title="bbox 1103 5753 1909 5894">
     <span class='ocr_line' id='line_1_114' title="bbox 1103 5753 1909 5824; baseline 0.009 -23"><span class='ocrx_word' id='word_1_1114' title='bbox 1103 5755 1149 5814; x_wconf 83' lang='lat' dir='ltr'><strong>(lt)</strong></span> <span class='ocrx_word' id='word_1_1115' title='bbox 1166 5753 1226 5802; x_wconf 67' lang='lat' dir='ltr'><strong>eali</strong></span> <span class='ocrx_word' id='word_1_1116' title='bbox 1282 5755 1323 5818; x_wconf 83' lang='lat' dir='ltr'><strong>(ll)</strong></span> <span class='ocrx_word' id='word_1_1117' title='bbox 1341 5753 1553 5824; x_wconf 76' lang='lat' dir='ltr'><strong>eo]einptorescr·</strong></span> <span class='ocrx_word' id='word_1_1118' title='bbox 1617 5761 1659 5822; x_wconf 80' lang='lat'><strong>(12)</strong></span> <span class='ocrx_word' id='word_1_1119' title='bbox 1678 5759 1739 5822; x_wconf 85' lang='lat' dir='ltr'><strong>quid</strong></span> <span class='ocrx_word' id='word_1_1120' title='bbox 1747 5759 1909 5810; x_wconf 66' lang='lat' dir='ltr'><strong>detestemi-</strong></span> 
     </span>
     <span class='ocr_line' id='line_1_115' title="bbox 1104 5821 1836 5894; baseline 0.008 -22"><span class='ocrx_word' id='word_1_1121' title='bbox 1104 5821 1194 5872; x_wconf 81' lang='lat' dir='ltr'><strong>b&#39;or&#39;aa</strong></span> <span class='ocrx_word' id='word_1_1122' title='bbox 1261 5821 1536 5894; x_wconf 62' lang='lat' dir='ltr'><strong>(reparatarum</strong></span> <span class='ocrx_word' id='word_1_1123' title='bbox 1603 5827 1647 5890; x_wconf 77' lang='lat' dir='ltr'><strong>[lat</strong></span> <span class='ocrx_word' id='word_1_1124' title='bbox 1664 5825 1836 5892; x_wconf 66' lang='lat' dir='ltr'><strong>pervenisset*</strong></span> 
     </span>
    </p>
   </div>
   <div class='ocr_carea' id='block_1_12' title="bbox 0 0 2194 6258">
    <p class='ocr_par' dir='ltr' id='par_1_19' title="bbox 0 0 2194 6258">
     <span class='ocr_line' id='line_1_116' title="bbox 0 0 2194 6258; baseline 0 0"><span class='ocrx_word' id='word_1_1125' title='bbox 0 0 2194 6258; x_wconf 95' lang='lat' dir='ltr'><strong> </strong></span> 
     </span>
    </p>
   </div>
  </div>
 </body>
</html>
