4376 6266
1030 353 1123 420 XXV
1598 363 1713 416 sousa.
1737 363 1913 416 Aaronem

253 379 361 428 CONST.
383 377 491 424 TAN'I'A

251 545 382 606 hnmanae,
401 555 468 608 qnae
485 537 644 592 naturaliter
659 537 738 602 inest,
760 537 813 592 lroc
829 535 967 600 inscribat,
986 537 1050 606 quia
1101 537 1155 600 ίξω
1178 535 1284 594 δικαίαο
1306 535 1451 626 ἀπολομίαο
1472 531 1536 590 aar
1554 535 1635 590 τούτο
1652 531 1758 600 δόξειεν
1773 537 1863 592 alvear
1883 535 1914 590 τὸ

251 609 476 674 omniumhabere
493 607 645 660 memoriam
661 609 689 660 et
705 605 811 674 penitus
828 605 856 658 in
873 605 964 660 nullo¹
986 619 1050 672 pec·
1100 603 1151 678 μὰρ
1175 603 1221 658 διὰ
1242 605 1358 662 πάντων
1379 603 1536 660 πνεύθννον
1553 603 1629 658 θείαο
1646 599 1682 660 ἂν
1699 605 1739 676 τίη
1755 603 1839 678 μόνηο
1854 601 1911 658 ἀλλ’

251 691 309 732 aare
325 675 465 730 divinitatis
482 673 566 740 mans
584 687 662 740 qnam
678 673 849 728 mortalitatis
866 675 920 726 est:
938 671 1010 742 qnod
1024 675 1052 726 et
1100 669 1149 724 σύν
1174 669 1355 750 ἀνθρωπίνην
1380 673 1481 742 ἰσχύοι,
1508 671 1583 728 καθὰ
1609 679 1656 726 καί
1679 679 1735 728 τοῖο
1760 673 1814 750 πρὸ
1837 669 1914 744 ἡμῶν

251 759 266 798 a
287 741 426 798 maioribus
450 741 549 794 dietum
573 747 621 794 est.
656 737 750 794 deinde
768 741 848 804 sciat,
870 739 942 808 quod
958 739 1050 794 sinili-
1101 741 1214 812 εἴρηται.
1249 741 1320 810 πλὴν
1343 747 1419 798 ἐστιν
1435 741 1490 812 ὅπη
1507 747 1552 798 καί
1570 739 1621 812 τὴν
1637 743 1696 798 ταῖν
1712 737 1815 814 ὁμοίων
1834 759 1914 814 napa.

250 813 309 864 tudo
327 811 354 864 in
371 807 528 878 quibusdam
545 807 630 860 ethis
649 807 810 864 brevissimis
832 807 973 876 adsumpta
996 823 1051 862 non
1101 803 1242 876 δεξαίμεθα
1267 811 1362 876 θέσιν,
1394 807 1410 880 ἢ
1440 801 1499 866 auio
1529 809 1714 898 ύποκιιμίοιων
1745 809 1914 888 πραγμύτων

252 879 345 936 unalis
368 883 422 942 est,
445 881 473 930 et
495 877 563 930 nec²
586 873 654 928 citra
676 881 797 930 nostram
815 873 981 944 propositum
998 875 1051 930 hoo
1100 879 1182 928 τοῦτο
1205 875 1399 932 ἀπαιτούντων
1421 878 1470 932 τδι
1494 879 1551 936 δεῖν
1574 879 1658 934 anari
1685 879 1808 936 τίσωσιν
1832 883 1846 932 t
1868 899 1911 952 up·

251 945 428 1002 subsecutam:
459 947 506 996 aut
529 941 599 996 enim
621 941 660 996 ita
682 943 727 996 lex
749 943 900 996 necessaria
923 947 994 1008 erat,
1020 947 1052 996 ut
1100 945 1241 1012 μασθῆναι
1263 943 1370 1008 τόποις,
1394 939 1494 1012 ἢτούδ
1517 949 1756 1020 σοναναμεμῖχθαί
1770 967 1826 1000 τινι
1844 901 1912 1012 {torp

251 1011 353 1066 diversis
375 1011 458 1066 titulis
481 1015 592 1080 propter
613 1023 702 1062 rerum
721 1011 904 1080 cognationem
921 1009 1052 1078 applicari
1100 1009 1133 1062 τὸ
1157 1007 1256 1064 δοκοῦν
1278 1007 1374 1080 ὅμοιον
1395 1013 1437 1078 τῷ
1455 1015 1582 1088 πρόσθεν
1598 1023 1644 1070 καί
1661 1015 1806 1092 δύσκριτον
1824 1011 1914 1068 αὐτῶν

251 1095 304 1134 eam
319 1083 447 1148 oporteat,
465 1083 519 1144 ant,
539 1093 597 1130 cum
611 1077 700 1130 brerat
715 1077 773 1132 aliis
788 1077 897 1132 diversis
911 1077 1051 1146 permixta,
1101 1077 1152 1144 τὴν
1178 1077 1311 1152 διαίρεσιν
1334 1079 1415 1142 εἶναι,
1439 1075 1457 1146 ἢ
1478 1089 1524 1134 καί
1539 1085 1581 1152 τῷ
1598 1083 1725 1140 πολλάκις
1742 1081 1914 1158 φυλαχθῆναι

251 1147 405 1214 impossibile
428 1149 486 1200 erat
509 1161 568 1200 eam
584 1159 633 1214 per
649 1149 739 1212 partes
757 1145 860 1200 detrahi
868 1147 886 1210 ³,
910 1161 944 1200 ue
964 1149 1052 1200 totum
1101 1145 1133 1198 τὸ
1157 1149 1202 1214 τῆς
1224 1145 1287 1214 δληο
1309 1147 1430 1220 θεωρίαι
1452 1155 1557 1216 σονεχὲο
1579 1157 1625 1206 καὶ
1646 1153 1683 1222 μὴ
1706 1149 1914 1218 διασπασθῆναι

251 1213 431 1270 confundatur.
467 1219 493 1266 et
515 1213 543 1266 in
566 1213 607 1266 his
632 1213 766 1280 partibus,
788 1213 817 1266 in
833 1213 930 1280 quibus
947 1215 1050 1282 perfec·
1100 1211 1151 1266 τὸν
1174 1215 1240 1268 νούν
1263 1215 1297 1286 τῇ
1319 1215 1380 1266 τῶν
1396 1209 1446 1278 ἤδη
1463 1223 1657 1296 μεμραμμύνων
1674 1215 1813 1302 ιλμαιοίσει
1832 1217 1908 1286 ῥημιί·

251 1281 362 1336 tissimue
388 1281 501 1334 visiones
527 1281 663 1350 expositae
689 1287 805 1336 veterum
831 1281 951 1346 lucrant,
980 1281 1052 1350 quod
1101 1297 1173 1332 των·
1192 1279 1263 1348 πλὴν
1281 1287 1328 1332 καί
1345 1281 1426 1334 τούτο
1444 1283 1467 1332 st
1481 1299 1534 1334 πον
1548 1291 1593 1336 καί
1608 1271 1791 1362 παρείληπται
1806 1281 1850 1338 διὰ
1864 1283 1914 1350 τὴν

250 1347 422 1418 particulatim
438 1347 466 1400 in
483 1363 529 1402 eas
546 1347 634 1402 iuerat
651 1363 786 1416 sparsum,
810 1349 862 1404 boo
880 1347 996 1404 dividere
1019 1363 1052 1404 ac
1101 1349 1153 1398 roi
1170 1347 1327 1422 πράγματος
1344 1341 1472 1420 ἀνάγκην,
1495 1345 1552 1400 ἀλλ’
1576 1353 1653 1404 ἐστὶν
1673 1355 1761 1428 μρομδ
1778 1357 1823 1408 καί
1840 1345 1911 1404 ούδε·

251 1431 368 1486 suparare
385 1415 490 1482 penitus
509 1421 567 1468 erat
583 1415 699 1480 incivile,
722 1431 756 1470 ne
780 1421 836 1470 tam
860 1431 951 1470 sensus
971 1433 1051 1484 qnam
1102 1419 1133 1466 14
1167 1423 1236 1482 μίαν
1249 1417 1345 1468 ἑαυτοῦ
1358 1413 1454 1480 σχεδὸν
1469 1413 1653 1488 παρεχόμενον
1665 1423 1806 1488 αἴσθησιν.
1829 1415 1911 1472 Ταύτδ

253 1489 280 1536 li
313 1497 388 1538 aures
406 1481 546 1550 legentium
564 1497 597 1536 ex
614 1485 666 1536 hoo
682 1485 881 1552 perturbentur.
915 1483 1051 1554 Similique
1103 1479 1133 1536 ii
1149 1485 1231 1536 τούτο
1248 1487 1295 1536 καὶ
1312 1485 1358 1536 iai
1373 1485 1433 1536 τῶν
1450 1477 1500 1548 ἤδη
1523 1485 1782 1556 νενομοθετημένων
1805 1491 1836 1542 ἐν
1856 1491 1913 1542 ταῖς

251 1551 322 1606 modo
345 1551 368 1602 si
391 1551 453 1618 quid
476 1551 666 1620 principalibus
690 1551 923 1608 constitutionibus
941 1557 1051 1608 uantum
1100 1549 1253 1618 βασιλικαῖε
1271 1547 1426 1612 διαιίιίσσιν
1448 1547 1631 1620 ἓννύάξαιισν·
1654 1553 1689 1604 τὰ
1709 1553 1779 1628 γὰρ3
1801 1559 1912 1608 ἐκείνων

251 1623 295 1686 est,
312 1617 361 1672 hou
378 1617 406 1670 in
424 1617 585 1686 digestorum
602 1619 732 1674 volumine
749 1621 814 1688 poni
828 1621 901 1674 nullo
917 1621 1050 1674 concessi·
1102 1619 1228 1688 ιίρημίνα
1251 1617 1322 1670 κατὰ
1340 1617 1422 1698 μούνα
1440 1617 1558 1684 τεθῆναι
1576 1615 1608 1668 τὸ
1624 1617 1734 1738 βιβλίον
1751 1617 1782 1674 ού
1799 1639 1911 1688 σννεχω·

251 1701 303 1740 mus
326 1685 415 1752 modo,
443 1685 518 1752 quasi
546 1685 766 1750 consdtntionum
792 1689 948 1742 recitatione
974 1689 1050 1742 sulii·
1118 1683 1449 1752 transmutationem
1466 1685 1526 1736 τιύν
1542 1685 1647 1756 strupra
1670 1707 1701 1740 εν
1718 1683 1781 1754 ἡμῖν
1801 1683 1912 1760 ιύρισμί-

251 1755 343 1808 ciente:
369 1753 420 1806 uisi
446 1757 472 1806 et
497 1754 547 1807 hoa
572 1767 633 1806 raro
661 1769 694 1806 ex
719 1755 801 1808 isdem
825 1757 925 1820 causis,
953 1755 1050 1822 quibus
1101 1705 1133 1806 λδ
1169 1773 1227 1806 νων
1242 1751 1394 1824 προηνοίσιι1
1409 1753 1456 1818 τῆο
1469 1745 1626 1820 ὁμοιότητος
1640 1753 1745 1806 αἰτιῶν.
1768 1751 1913 1808 macretas

254 1827 279 1874 15
313 1821 453 1874 similitudo
472 1819 613 1890 adsumpta
630 1827 678 1876 cst.
706 1823 876 1878 Contrarium
894 1829 983 1876 antem
1001 1821 1050 1876 ali·

251 1887 308 1956 quid
324 1887 350 1940 in
368 1887 419 1940 boo
437 1887 529 1942 codiee
544 1887 660 1956 positum
678 1891 780 1944 nullam
798 1889 849 1944 sibi
863 1891 951 1944 laeum
966 1889 1050 1944 vind·

251 1955 318 2010 uabit
333 1971 381 2008 neo
398 1955 537 2022 invenitur,
558 1957 581 2010 si
598 1957 656 2026 quis
674 1959 765 2026 suptili
782 1959 871 2010 auimo
890 1955 1051 2012 diversitatis

251 2023 360 2076 rabones
383 2023 513 2076 excutiets
537 2023 585 2076 scd
608 2029 648 2076 est
672 2025 773 2104 aliquid
795 2041 893 2078 novum
915 2025 1051 2078 iuventam

251 2091 287 2144 vel
309 2091 410 2142 occulte
432 2091 561 2160 positum,
588 2091 675 2160 quodi
701 2093 882 2148 dissonantiae
907 2093 1050 2160 querellam

251 2157 363 2214 dissolvit
386 2163 412 2210 et
434 2157 513 2212 aliam
536 2163 658 2212 naturam
681 2159 784 2214 inducit
808 2159 959 2214 discordiae
983 2159 1050 2214 fines

254 2229 281 2278 16
312 2223 484 2292 effugientem.
518 2225 570 2280 Sed
587 2233 614 2280 et
632 2225 654 2280 si
671 2227 735 2292 quid
751 2227 866 2282 forsitan
882 2227 1050 2296 praetermis·

251 2307 305 2346 snm
322 2297 372 2358 est,
398 2291 468 2358 quod
490 2293 620 2346 intentis
642 2293 747 2348 milibus
772 2295 849 2362 quasi
871 2295 898 2348 in
915 2293 1050 2362 profundo

250 2359 357 2428 positum
382 2359 519 2424 latitabat,
547 2365 587 2424 ct,
617 2375 676 2412 eum
705 2361 830 2416 idoneum
859 2361 948 2414 luerat
975 2363 1050 2430 poni,

251 2427 423 2480 obscuritate5
456 2427 600 2480 involutum
633 2429 782 2484 necessario
812 2427 968 2482 derelictum
995 2435 1049 2484 est:

251 2493 304 2560 quis
326 2493 377 2556 buo
399 2493 616 2562 adprehendere6
638 2501 711 2550 rectu
729 2499 816 2550 animo
834 2497 939 2564 possit?
964 2499 1049 2564 primo

251 2559 348 2628 quidem
365 2569 474 2630 propter
487 2561 585 2628 ingenii
601 2563 719 2618 mortalis
735 2565 776 2616 ani
795 2565 936 2618 nitatem'b
956 2565 1050 2618 deinde

251 2633 352 2698 propter
369 2629 453 2696 ipsius
470 2629 509 2682 rei
525 2629 624 2694 maram,
644 2631 714 2698 quod
732 2581 822 2686 inuitis
836 2631 973 2686 inutilibus
988 2647 1050 2702 per-

251 2697 353 2748 mixtum
376 2697 475 2748 nullam
500 2697 596 2748 suiad
620 2697 763 2752 eruendum
785 2699 909 2766 praebuit
932 2701 1049 2766 copiam:

252 2761 324 2816 dein8
347 2763 417 2828 quod
439 2763 521 2816 multo
543 2763 634 2818 utilius
651 2769 693 2818 ast
710 2781 797 2832 pauca
813 2765 909 2820 idonea
926 2765 1049 2834 effugere,

254 2835 279 2882 11
312 2845 388 2898 quam
404 2829 492 2884 miultis
507 2829 642 2886 inutilibus
658 2831 777 2886 homines
793 2833 970 2902 praegravari.
998 2835 1050 2886 Mi-

252 2897 329 2952 rabile
345 2903 433 2952 autem
452 2897 551 2964 aliquid
569 2913 601 2952 ex
618 2899 659 2952 bis
674 2899 748 2952 libris
764 2901 878 2964 emersit,
898 2899 969 2970 quod
983 2901 1049 2952 mal-

252 2965 330 3020 titudo
353 2967 462 3034 antiqua
478 2971 619 3034 praesente
635 2967 763 3020 brevitate
779 2967 891 3036 paucior
908 2969 1049 3020 invenitur.

253 3033 361 3088 homines
380 3033 484 3098 etenim,
503 3033 547 3102 qui
566 3039 644 3088 antea
661 3033 720 3088 lites
735 3037 857 3102 agebant,
875 3035 937 3090 licet
951 3035 1050 3090 multae

251 3099 315 3168 leges
331 3101 436 3154 inerant
453 3101 568 3168 positae,
590 3107 678 3154 tamen
697 3117 729 3154 ex
746 3103 840 3168 paucis
857 3103 916 3156 lites
934 3103 1050 3168 periere-

253 3169 312 3222 bant
328 3169 366 3222 vel
383 3175 493 3236 propter
509 3169 626 3236 inopiam
647 3167 789 3232 librorum,
814 3185 879 3236 qnos
903 3183 1050 3236 conparare

253 3235 286 3288 eis
307 3235 460 3302 inpossibile
484 3239 552 3300 erat,
576 3235 615 3288 vel
638 3241 748 3302 propter
770 3235 857 3304 ipsam
875 3237 1049 3300 inscientiam,

253 3309 276 3356 et
296 3303 427 3356 voluntate
450 3303 567 3354 iudicum
590 3303 672 3368 magis
695 3317 773 3372 quam
795 3303 912 3372 legitima
935 3303 1049 3356 auctori·

253 3375 302 3424 tate
318 3371 375 3424 lites
393 3369 592 3424 dirimebantur.
624 3369 651 3422 in
668 3371 803 3438 praesenti
820 3375 909 3424 antem
927 3385 1049 3424 consum·

252 3437 359 3492 natione
382 3441 533 3492 nostrornm
557 3437 716 3504 digestorum
733 3453 748 3492 e
765 3439 846 3492 tantis
863 3439 935 3504 leges
953 3439 1050 3492 codec-

1101 1815 1132 1872 it
1148 1825 1203 1872 reis
1220 1817 1308 1872 ἄλλοις
1325 1815 1420 1884 apocri
1432 1837 1497 1870 τινα
1511 1817 1596 1886 νόμιον
1610 1817 1670 1872 τῶν
1684 1821 1729 1872 ἐπὶ
1744 1821 1793 1872 τοῦ
1805 1821 1911 1890 βιβλίον

1100 1885 1197 1938 τούτου
1221 1891 1354 1956 κειμένων
1376 1881 1424 1938 οὐκ
1447 1881 1482 1938 ἄν
1504 1903 1544 1938 τις
1567 1879 1639 1956 εὕροι
1661 1883 1774 1956 ῥᾳδίως,
1798 1887 1851 1958 ei‘ys
1868 1887 1913 1938 διύι

1100 1953 1216 2008 πάντων
1232 1955 1292 2006 τῶν
1308 1955 1355 2022 τῆο
1371 1951 1560 2020 ἐναντιότητος
1577 1947 1650 2024 ὅρων
1668 1951 1819 2016 διεξελθεῖν
1834 1955 1912 2008 σπεύ-

1102 2037 1186 2074 σειεν·
1209 2017 1267 2074 ἀλλ’
1290 2021 1368 2074 ίστιν
1382 2019 1460 2086 τιτὸ
1478 2019 1615 2094 διάφορον,
1640 2017 1655 2074 ὃ
1674 2019 1854 2094 προσληφθέν
1868 2015 1912 2074 ἀλ·

1101 2087 1242 2162 λοιοτίραν
1264 2089 1329 2142 abac
1350 2085 1425 2160 παρὰ
1448 2085 1569 2160 θάτερον
1592 2093 1665 2142 ποιεῖ
1686 2087 1737 2154 τὴν
1758 2091 1808 2142 τοῦ
1830 2087 1913 2156 νόμιον

1103 2163 1134 2210 16
1169 2157 1260 2208 θέσιν.
1286 2157 1322 2208 Ei
1339 2155 1369 2208 ii
1385 2159 1431 2208 καί
1446 2173 1474 2208 τι
1488 2153 1569 2222 τυχὸν
1583 2161 1710 2228 παρεῖται
1724 2155 1782 2208 τῶν
1796 2157 1913 2224 τεθῆναι

1101 2221 1224 2276 δεόντων
1242 2223 1321 2288 (aiacis
1335 2221 1387 2296 γὰρ
1404 2229 1449 2274 καί
1467 2241 1494 2274 τι
1513 2223 1617 2274 τοιαῦτα
1639 2223 1727 2292 σκμβ”
1745 2243 1773 2274 αι
1796 2221 1841 2274 iaci
1864 2221 1914 2286 τὴν

1100 2293 1146 2372 τῆς
1163 2285 1341 2362 ἀνθρωπίνην
1358 2287 1507 2342 intimetur
1530 2287 1653 2360 φύσεως),
1676 2289 1710 2342 ἀλ
1733 2289 1739 2304 “
1764 2289 1806 2356 τῷ
1829 2295 1914 2342 παντί

1100 2355 1209 2410 καλλίων
1231 2353 1267 2410 io
1292 2357 1333 2424 εἴη
1358 2361 1414 2410 τοῖο
1439 2351 1516 2424 ἡμῶν
1541 2351 1668 2422 tirannicae
1694 2355 1805 2412 actam
1829 2353 1911 2422 ιλπηλ-

1101 2423 1203 2490 λάχθαι
1226 2427 1319 2478 κακοῖν
1339 2427 1389 2478 τοῦ
1409 2421 1569 2478 καταλιπεῖν
1590 2423 1656 2478 ἴσως
1676 2421 1754 2496 ὀλίγα
1774 2423 1837 2478 τινὰ
1853 2423 1912 2476 τοῖν

1101 2489 1256 2546 δοκούντων
1273 2487 1442 2560 ἐπιτηδείων,
1460 2491 1587 2566 μυριάσιν
1604 2491 1700 2556 σχεδὸν
1714 2493 1912 2566 ἀναριθμήτοις

1100 2561 1356 2644 ἐνκατορωρνμμίνα
1377 2579 1408 2614 τε
1430 2563 1476 2612 καί
1497 2559 1661 2624 ἀποκείμενοι
1683 2565 1729 2614 καὶ
1747 2557 1836 2612 οὐδενί
1854 2575 1911 2624 σχε-

1100 2625 1149 2680 δὸν
1172 2647 1230 2682 τιον
1253 2647 1368 2682 παντων
1388 2625 1525 2700 μνοίριμα,
1549 2625 1647 2680 τούτου
1664 2649 1694 2682 τε
1711 2631 1802 2682 ἕνεκεν
1819 2625 1910 2680 dania·

1103 2699 1131 2746 ll
1169 2693 1261 2748 θόντα
1279 2691 1386 2766 ῥαδίως.
1423 2697 1566 2748 Tereiana
1583 2691 1614 2748 di
1631 2691 1721 2748 ὄντων
1738 2697 1797 2748 τῶν
1814 2697 1832 2748 δ’
1847 2715 1908 2766 προ-

1101 2761 1173 2814 σθεν
1188 2783 1271 2834 γεγρα
1292 2767 1383 2832 μένων
1399 2761 1518 2832 βιβλίων
1535 2763 1564 2824 ἐξ
1582 2759 1731 2826 ἐλαχίστων
1748 2717 1911 2832 repeilatur

1100 2847 1130 2880 τε
1147 2837 1192 2880 καὶ
1208 2783 1328 2898 βιβλίων
1345 2831 1464 2902 ἐκρίνετο
1481 2829 1516 2882 τὰ
1528 2831 1587 2884 τοῖν
1602 2831 1632 2880 ἐν
1647 2829 1827 2902 δικαστηρίοιν
1841 2827 1910 2902 ἀγαλ-

1100 2915 1166 2960 νων,
1181 2899 1240 2950 arria
1254 2901 1312 2964 μίν,
1328 2895 1422 2964 ἐπειδὴ
1434 2895 1553 2966 βιβλίων
1568 2895 1695 2980 ἠπόρουν,
1713 2899 1771 2952 ταῖν
1786 2895 1825 2964 (λε’,
1842 2901 1910 2952 ἐπεί·

1100 2981 1152 3036 περ
1169 2961 1217 3016 οὐκ
1235 2961 1332 3038 ἤρκουν
1349 2961 1443 3018 πόνοις
1457 2963 1587 3030 πλείοσιν,
1604 2971 1690 3038 capeio
1704 2963 1838 3018 τὰπολλὰ
1852 2967 1907 3018 auio

1099 3039 1240 3100 χρησίμων
1257 3027 1305 3084 ou'u
1323 3031 1485 3098 ἰσχυόντων·
1508 3035 1558 3084 νύν
1581 3029 1763 3102 isturicie
1780 3033 1911 3096 σύνταξιν

1100 3097 1248 3168 ἥθροισται
1270 3099 1373 3166 ταύτην
1394 3099 1475 3154 πολίω
1491 3097 1584 3168 νόμων
1601 3121 1617 3152 κ
1635 3099 1777 3156 ατοιλνσων
1793 3099 1911 3174 &palingis

1101 3167 1130 3216 ia
1152 3165 1271 3234 βιβλίων
1294 3171 1422 3218 σπανίων
1444 3171 1490 3218 καί
1511 3165 1585 3236 μόλιο
1608 3119 1791 3240 ἐξευρημένων
1806 3175 1852 3220 καί
1870 3169 1911 3222 cir

1100 3227 1164 3282 ούὸἒ
1186 3231 1233 3284 τὰς
1255 3249 1342 3306 προση
1359 3237 1433 3306 ορίαε
1453 3233 1480 3284 οἱ
1496 3231 1590 3288 πολλοὶ
1606 3241 1653 3288 καὶ
1669 3237 1728 3300 σοῖν
1746 3231 1853 3308 σφόδρα
1869 3231 1909 3288 εύ-

1100 3297 1287 3366 δοκιμούντων
1305 3253 1359 3354 iai
1367 3299 1459 3382 νόμαια
1476 3303 1632 3372 ἐγίνωσκον.
1668 3301 1709 3356 ων
1726 3299 1759 3370 δὴ
1774 3301 1825 3370 τὴν
1841 3297 1908 3368 ὕλην

1101 3363 1163 3432 ἡμῖν
1180 3363 1377 3438 ἆμθονοτολτην
1395 3387 1410 3420 o
1427 3369 1522 3438 ῥηθείς
1534 3365 1708 3432 ἐνδοξότατον
1727 3369 1908 3444 Τρεβωνιανόε

253 3511 291 3560 tue
308 3511 368 3560 aaut
384 3505 568 3570 voluminibus,
590 3519 702 3572 quoram
721 3507 747 3558 et
763 3505 871 3560 nomina
888 3503 1050 3574 antiquiores

254 3573 363 3626 homines
384 3587 437 3626 non
460 3573 573 3626 dicimus
594 3573 760 3638 nesciebant,
785 3573 831 3628 sed
854 3587 903 3626 nee
926 3587 1051 3640 umquam

254 3639 413 3694 audientum.
449 3655 516 3706 qnae
549 3639 636 3694 omnia
667 3639 780 3702 collecta
812 3645 876 3694 sunt
901 3639 1052 3692 substantia

253 3707 405 3776 amplissima
437 3711 609 3774 congregata,
640 3711 671 3758 ut
700 3723 783 3774 egena
809 3705 915 3774 quidem
941 3705 1051 3774 andana

253 3775 383 3828 multitudo
406 3775 568 3838 inveniatur,
596 3775 795 3840 opulentissima
821 3781 909 3828 antem
935 3773 1050 3828 brevitas

253 3849 338 3898 nostra
352 3841 491 3896 efficiatur.
518 3843 641 3910 autiquae
655 3845 744 3896 antem
758 3841 906 3910 sapientiae
922 3841 1052 3896 librorum

254 3909 349 3982 copiam
374 3911 486 3964 maxime
512 3909 690 3964 Tribonianns
717 3909 757 3964 vir
784 3909 1051 3964 excellentissimus¹⁰

255 4081 280 4144 ll)
296 4079 346 4130 nilo
363 4083 390 4132 F
475 4079 508 4144 (a)
527 4083 551 4128 at
564 4079 618 4144 neo]
633 4081 690 4128 otae
704 4081 729 4128 F
818 4081 851 4142 (3)
869 4077 974 4128 distrahi
989 4077 1051 4128 Hal.
1103 4077 1134 4140 (l)
1151 4077 1248 4144 τρίτον.
1301 4081 1332 4146 (ε)
1349 4077 1446 4146 τούτου.
1498 4081 1530 4146 λδ)
1548 4081 1752 4134 ίνίοτ.Ηανολεν
1808 4083 1839 4144 (t)
1859 4083 1905 4146 (εκ)

254 4149 282 4212 (t)
300 4149 393 4212 qnosF
449 4147 480 4210 (1)
499 4145 696 4222 obsoruritath
755 4149 787 4212 (b)
806 4145 984 4224 reprehendere
995 4147 1050 4196 dett.
1103 4143 1182 4210 τ(ω)ν
1204 4145 1383 4220 εμ(πρ)οσθεν
1403 4163 1470 4214 ημιν
1493 4161 1643 4218 οριαμενων
1667 4149 1820 4220 (apopores
1844 4151 1868 4200 iu
1886 4149 1912 4200 F

254 4213 519 4346 fflfflffllilteagssiffigs
528 4215 587 4332 F(8)
605 4213 771 4266 denuderis
811 4215 845 4280 (a)
863 4213 1051 4264 audierantscr.
1103 4213 1167 4280 lepit,
1184 4215 1214 4266 de
1231 4217 1315 4268 litteris
1329 4217 1573 4282 iutraaucospositis
1589 4217 1710 4278 dubitans,
1721 4217 1815 4282 primus
1823 4215 1904 4266 Kree·

509 4403 629 4412 —---·--···-·-
632 4405 1068 4414 1-------ι..--.-----ιιι-ι---------ι---·--------

254 4483 432 4550 reputantibus
448 4497 481 4536 ue
498 4479 549 4536 λοι
566 4481 671 4552 quidem
689 4485 758 4536 citra
779 4483 876 4536 λασίοισι
899 4483 1051 4536 excusatio·
1101 4481 1263 4536 diversitatis
1280 4483 1398 4536 rationes
1415 4495 1461 4536 eas
1478 4481 1588 4550 eripere
1604 4479 1682 4534 velit:
1703 4479 1807 4534 sedeat
1842 4497 1905 4536 uae-

256 4563 308 4600 uem
321 4549 440 4604 accidere
454 4549 599 4602 uidebitur:
617 4565 679 4602 uum
692 4551 719 4602 in
734 4551 853 4606 omnious
866 4551 946 4622 οαίμα
958 4565 1051 4604 carcre
1101 4549 1163 4602 dano
1180 4549 1342 4620 differentia,
1359 4563 1430 4620 qaae
1446 4547 1588 4618 adsumpta
1606 4545 1766 4616 diversificat
1783 4549 1812 4602 oi
1828 4549 1905 4602 elieet

255 4615 352 4668 diuinae
369 4617 462 4682 soleant,
479 4631 534 4670 uon
551 4615 684 4668 tumarice
704 4617 810 4670 virtutis
827 4623 874 4684 est,
893 4623 921 4670 ut
936 4617 1052 4672 maiores
1103 4621 1134 4672 16
1168 4619 1197 4672 iu
1211 4617 1323 4670 alteram
1337 4623 1425 4670 κίτακι
1434 4621 1543 4684 partem
1558 4613 1626 4684 lepis
1637 4619 1830 4686 arpumentum.
1851 4615 1918 4672 Sccl¹

256 4697 355 4752 quoque
371 4683 507 4738 uiuerent.
536 4689 599 4736 suut
613 4689 700 4736 tornea
718 4685 765 4740 ubi
780 4685 905 4740 similium
922 4701 982 4740 rece
1003 4687 1052 4740 tio·
1100 4689 1127 4738 et
1143 4685 1251 4754 siquid
1268 4683 1388 4752 forsitan
1404 4681 1626 4752 praetermissum
1648 4687 1689 4734 est
1710 4701 1811 4748 aarum,
1835 4701 1905 4754 quac

256 4765 309 4800 nem
324 4751 400 4804 etium
414 4749 633 4816 admisimus,er
648 4751 713 4820 quta
728 4755 941 4822 respropositae
957 4701 1000 4806 inp
1022 4769 1051 4806 a·
1095 4753 1226 4822 pauenda
1243 4755 1331 4806 essent
1348 4753 1420 4814 (nana
1433 4747 1577 4818 probabile
1598 4751 1637 4802 est
1648 4751 1686 4804 ,iel
1707 4767 1813 4822 quoque
1835 4755 1905 4806 acci-

255 4815 370 4882 pitoiant
386 4825 534 4888 propterea
557 4817 630 4886 ηαοιί
650 4817 718 4870 talem
739 4819 863 4886 pluribus
880 4821 946 4874 loeis
963 4819 1051 4890 appii·
1101 4819 1172 4872 disse
1180 4823 1297 4888 propter
1308 4815 1441 4870 humanae
1453 4819 1566 4868 naturae
1577 4815 1800 4884 imbecillitatem),
1817 4825 1905 4872 lamen

257 4881 363 4934 candum
380 4891 446 4948 erat,
464 4887 513 4936 aut
528 4885 592 4952 puta
608 4883 635 4936 td
648 4883 722 4950 quoa
736 4891 798 4938 aute
806 4889 951 4956 proposito
966 4885 1052 4940 simile
1101 4887 1130 4938 in
1147 4887 1299 4938 unioasam
1317 4881 1410 4936 utilius
1426 4885 1485 4934 erat
1502 4881 1614 4938 subditis
1630 4887 1731 4940 nostris
1745 4887 1836 4940 mattis
1850 4903 1905 4940 ma-

256 4963 308 5000 esse
319 4949 450 5004 viduetur
458 4951 627 5020 permiatum
638 4953 697 5002 erat
709 4965 777 5004 nouo
788 4953 896 5006 cuidam
908 4971 957 5008 nec
966 4953 1053 5022 facile
1102 4951 1136 5004 lis
1161 4951 1274 5008 liberari
1298 4965 1378 5020 quam
1403 4949 1518 5004 retinere
1544 4949 1673 5018 quaedum
1700 4971 1808 5020 aarum,
1837 4971 1906 5024 quae

256 5019 390 5084 ulnamque
403 5019 529 5086 separari
539 5021 655 5088 peterat,
674 5023 723 5070 aut
739 5019 804 5088 quia
820 5035 902 5090 saepe
919 5021 1052 5076 custodita
1101 5019 1179 5072 utilia
1195 5017 1315 5088 fortasse
1337 5015 1424 5070 νίσοντ’
1439 5023 1566 5086 possent,
1583 5019 1712 5088 plurimis
1733 5025 1759 5076 et
1782 5023 1844 5092 fere
1867 5023 1906 5076 in·

257 5085 291 5132 est
305 5083 369 5136 artis
383 5087 522 5138 universae
534 5085 627 5156 forma
641 5085 768 5138 continua
782 5101 832 5140 uec
845 5089 975 5142 sententia
986 5103 1052 5156 per·
1100 5087 1220 5138 numeris
1237 5085 1376 5154 implicata
1392 5087 1419 5136 et
1435 5083 1590 5140 abscondita
1605 5103 1690 5158 nequo
1703 5089 1765 5156 fere
1780 5091 1905 5160 cuiquam

257 5147 381 5202 turbanda
404 5157 462 5202 erat
483 5151 595 5206 sublatis
617 5151 704 5204 uerbis
729 5153 888 5220 quibusdum
911 5155 978 5208 alibi
997 5155 1050 5208 iam
1105 5157 1131 5204 l'l
1167 5157 1232 5206 nota
1247 5157 1274 5204 et
1285 5155 1433 5220 propterea
1445 5151 1530 5220 facile
1546 5153 1663 5210 latentia.
1683 5157 1832 5210 Totautem
1845 5173 1905 5210 canu

256 5213 355 5268 relatis:
367 5223 482 5270 ceteram
494 5217 545 5272 boe
557 5233 663 5288 praeque
674 5217 721 5272 ubi
731 5217 876 5274 admissum
888 5225 990 5288 estpro
1012 5225 1051 5274 ter
1100 5223 1188 5272 essent
1205 5219 1269 5274 libri
1284 5223 1364 5272 autea
1380 5221 1533 5292 consumpti,
1570 5223 1601 5274 αι’
1612 5237 1656 5276 res
1671 5223 1826 5278 iudicabant
1835 5241 1905 5294 pen-

256 5281 294 5334 rei
316 5285 507 5348 αοεεεοίίαίοαι,
534 5287 611 5340 breve
636 5289 676 5338 est
702 5289 729 5338 et
753 5287 802 5340 oia
822 5289 978 5358 persentient
998 5305 1050 5340 ura.
1081 5285 1200 5340 ‘debunt
1215 5301 1254 5340 ea
1290 5237 1602 5344 communicatorias
1617 5289 1753 5358 librisque,
1771 5291 1820 5356 alii
1833 5291 1907 5358 quoa

259 5351 285 5400 tt
317 5349 351 5402 Ιιί
373 5349 459 5418 aprum
482 5353 543 5406 item
567 5353 595 5406 iu
618 5351 664 5418 iis,
688 5367 757 5420 quae
774 5355 802 5404 in
819 5353 1052 5406 couaitutiouibas
1102 5351 1176 5406 libris
1194 5369 1257 5406 care
1274 5355 1330 5420 ant,
1349 5353 1400 5408 alii
1414 5355 1488 5424 puocl
1504 5355 1602 5410 maiori
1617 5355 1706 5412 labori
1718 5373 1771 5410 non
1786 5357 1905 5426 sufficio-

257 5415 428 5492 imperatom'is
450 5419 504 5472 iam
522 5419 617 5488 posita
638 5425 729 5482 erant,
752 5421 837 5472 secuti
858 5433 964 5472 samus:
987 5435 1051 5472 uana
1101 5419 1165 5474 aaut
1183 5419 1320 5490 pleraque
1340 5421 1445 5476 utilium
1466 5421 1585 5492 reperire
1606 5437 1661 5474 nore
1682 5423 1813 5476 ualentes:
1835 5437 1907 5490 uarro

257 5481 292 5534 rbi
307 5485 459 5552 perscripta
480 5485 568 5556 repeti
587 5487 615 5538 iu
632 5483 683 5538 laec
701 5487 768 5542 labro
785 5487 914 5540 vetuimus
930 5491 1051 5554 praeter-
1100 5497 1164 5538 vero
1181 5489 1209 5538 iu
1226 5483 1278 5542 λασ
1295 5489 1485 5558 compositione
1506 5493 1647 5568 conpertus
1669 5493 1709 5542 est
1730 5505 1845 5558 mapuas
1868 5489 1908 5540 ri.

258 5563 331 5616 qaam
344 5549 487 5604 secundam
503 5569 534 5604 ea
549 5565 619 5622 quae
631 5567 717 5622 supra
731 5553 899 5622 definivimus
913 5553 1053 5606 occasione
1100 5553 1220 5620 pontium
1238 5553 1327 5624 tapam
1344 5571 1471 5608 uumerus
1487 5571 1524 5608 ca
1541 5553 1617 5608 labris
1633 5557 1706 5608 raris
1723 5559 1749 5606 et
1765 5555 1814 5606 aia
1830 5567 1908 5620 repc-

260 5619 286 5670 15
337 5617 484 5670 uerelmnm
508 5617 742 5674 insimilitudine.
785 5619 940 5674 Contrarias
963 5621 1051 5670 autem
1100 5617 1203 5672 ciendis
1219 5625 1247 5672 et
1262 5637 1376 5690 qaorum
1388 5621 1515 5694 plerique
1531 5623 1611 5674 etiam
1635 5619 1668 5674 eb
1691 5621 1759 5672 iuris
1773 5619 1905 5688 ¹peritiam

258 5683 306 5736 siti
320 5631 389 5754 λιμοι
404 5685 474 5738 inter
491 5701 550 5748 eas,
572 5701 642 5754 qaae
665 5685 693 5738 in
716 5687 767 5742 boc
789 5687 910 5740 uolumen
929 5689 1052 5752 receptae
1102 5685 1296 5740 celebratorum
1321 5703 1354 5740 ne
1379 5689 1488 5740 uomina
1512 5685 1617 5754 quidem
1640 5689 1755 5736 nossent.
1790 5697 1905 5750 pecorum

258 5751 318 5816 ant,
339 5765 392 5806 uon
407 5751 492 5822 facile
509 5751 570 5822 quis
587 5753 714 5818 inveniet,
730 5755 756 5808 si
771 5751 877 5822 quidem
889 5765 945 5820 per
962 5765 1053 5804 omnes
1101 5753 1242 5806 amatam
1264 5753 1425 5806 ubemimam
1448 5751 1536 5806 dietus
1557 5751 1599 5804 atr
1619 5749 1830 5816 ptoriosissimus
1848 5747 1905 5802 Tri·

1658 5841 1705 5880 1111
