4366 6258
271 349 311 414 Vl
337 353 392 414 tt
716 305 717 308 Ἴ
1059 349 1101 424 94
1546 325 1547 328 “
1645 363 1692 410 nn
1712 361 1911 412 66666666

271 539 279 586 i
317 551 429 604 aequum
446 543 493 592 est.
526 537 669 602 Ancillam,
686 551 753 606 quae
770 551 823 590 666
840 535 867 590 in
884 535 972 592 dotem
989 535 1059 598 data,
1110 533 1218 592 dabitur
1241 537 1317 592 actio.
1345 535 1435 592 endem
1459 539 1486 590 et
1508 531 1542 586 de
1565 529 1657 604 aeteus
1679 529 1758 586 rebus
1779 529 1911 598 intellege-

267 603 313 658 sed
329 605 356 658 in
372 607 503 674 peculium
519 605 588 658 tiliae
602 619 728 658 concessa
741 607 789 668 est,
806 605 909 672 peculio
926 603 994 658 filiae
1009 619 1074 658 non
1109 619 1173 658 mus.
1768 629 1769 632 ¹

267 671 351 740 legato
366 673 522 740 mancipium
530 673 716 726 hereditarium
725 685 782 726 esse
791 673 919 726 convenit.
938 673 960 724 si
974 675 1061 724 tamen
1145 667 1185 724 77
1210 669 1353 724 66616666
1380 669 1448 724 libro
1474 665 1585 736 septimo
1611 665 1712 722 decimo
1737 667 1774 720 od
1799 667 1913 724 edictum

285 745 342 794 ater
359 739 426 794 dotis
443 755 476 794 ac
492 739 588 808 peculii
610 737 830 808 contemplatione
851 739 931 794 filiam
954 739 1060 794 exhere-
1111 739 1246 808 Quaedam
1268 739 1360 792 mulier
1382 737 1512 792 666666ἱ
1535 751 1589 790 666
1613 735 1708 790 marito
1734 735 1842 790 donavit
1866 751 1914 804 per

267 757 339 862 6666
360 813 387 862 et
409 823 441 862 ea
462 807 564 862 ratione
587 807 688 862 reddita
704 805 770 862 nibil
787 805 810 860 ei
826 811 983 862 testamento
1001 807 1061 862 reli·
1112 805 1250 876 epistulam
1268 811 1295 860 et
1310 805 1550 860 euudemfundum
1567 805 1601 856 ab
1619 819 1649 858 eo
1669 805 1812 858 condunt:
1835 821 1914 874 posse

267 877 323 944 quit
340 881 386 928 ant
408 889 438 928 eo
462 875 555 930 miuus
570 875 680 944 legarit,
703 875 783 928 tiliam
806 873 922 930 defensio
946 875 1062 928 tuebitur
1111 873 1217 928 defendi
1233 875 1260 928 iu
1277 889 1332 928 rem
1354 875 1378 928 ei
1402 877 1564 940 competere,
1591 871 1666 940 qnasi
1690 889 1737 940 per
1760 873 1844 940 ipsam
1868 873 1914 928 ad·

266 941 415 998 voluntatis:
1112 941 1232 1012 quisierit
1248 943 1440 1010 possessionem
1462 937 1614 1008 velutiper
1639 941 1784 994 releuant
1817 957 1914 1012 propo-

300 1007 339 1066 66
357 1009 474 1064 Ptoios
488 1009 555 1066 labro
571 1009 686 1066 secundo
704 1009 887 1080 quaestionum
921 1009 981 1064 Non
992 1009 1062 1064 ,ideo
1112 1011 1239 1080 uebatur,
1263 1009 1335 1078 quod
1352 1009 1430 1062 etiam
1446 1007 1474 1060 iu
1491 1023 1522 1062 eo
1541 1023 1604 1078 agro
1622 1009 1667 1078 qui
1685 1009 1833 1062 donabatur
1850 1009 1914 1064 fuis·

266 1077 351 1132 ninus
366 1081 439 1132 recte
461 1077 522 1148 quid
543 1081 663 1132 nostrum
685 1093 744 1132 esse
766 1075 969 1144 vindicabimus,
992 1077 1063 1146 quod
1113 1081 1168 1144 set,
1192 1093 1252 1132 cnm
1276 1077 1386 1146 epistula
1410 1075 1585 1130 emitteretur:
1610 1093 1677 1146 quae
1700 1093 1743 1132 res
1766 1077 1917 1132 sufficiebat

266 1147 338 1200 abire
354 1161 372 1198 a
388 1145 464 1200 nobis
481 1145 622 1200 dominium
639 1151 773 1216 speratur,
795 1147 819 1200 si
841 1147 960 1202 condicio
984 1147 1063 1214 legati
1113 1147 1147 1200 ad
1166 1147 1290 1200 traditam
1307 1145 1506 1216 possessionem,
1525 1143 1587 1198 licet
1605 1145 1746 1198 conductio
1764 1161 1818 1200 666
1835 1147 1915 1198 inter-

264 1213 306 1268 661
322 1213 451 1266 libertatis
468 1213 590 1268 extiterit.
1114 1213 1234 1268 venisset.

300 1277 339 1336 67
358 1279 507 1336 Scaevoia
524 1279 592 1336 6666
604 1281 695 1352 primo
712 1297 900 1352 responsorum
934 1279 1063 1334 Abrtore
1148 1277 1188 1338 78
1206 1281 1303 1334 Lauro
1325 1281 1392 1336 libro
1416 1285 1513 1350 quarto
1532 1279 1671 1352 pirboum
1691 1297 1708 1334 a
1726 1279 1811 1336 Ponto
1835 1299 1848 1336 6
1869 1281 1917 1336 ito·

266 1349 357 1470 pibbilli
380 1347 484 1404 domum
500 1353 631 1428 mercatus
649 1349 684 1402 ad
701 1351 756 1404 eins
773 1349 942 1404 refectionem
959 1347 1064 1402 fabrum
1097 1357 1245 1410 ¹tiaratorum
1278 1349 1308 1402 Si
1329 1349 1392 1428 cius·
1408 1349 1495 1428 fundi,
1513 1363 1597 1472 ¹busin
1622 1349 1735 1404 alienum
1760 1297 1917 1418 6666166666,

265 1435 292 1472 in
311 1417 380 1470 uxit:
398 1417 421 1472 is
434 1433 573 1486 pecuniam
587 1417 699 1472 invenit:
717 1417 851 1488 quaeritur
865 1417 900 1470 ad
914 1431 989 1484 quem
1004 1431 1063 1486 per·
1113 1417 1229 1470 fruebim
1251 1433 1305 1470 non
1322 1423 1443 1486 coegisti,
1467 1417 1520 1472 nih'
1549 1417 1606 1472 eins
1624 1417 1701 1472 fundi
1717 1417 1851 1472 irnotnum
1868 1433 1917 1472 uo-

266 1485 356 1538 tiueat.
380 1485 510 1554 respondi,
529 1485 552 1540 si
568 1501 622 1540 non
638 1485 774 1540 thensauri
788 1485 903 1548 fuerunt,
922 1483 968 1536 sed
983 1501 1064 1552 pecu·
1114 1483 1218 1538 macte
1228 1485 1410 1552 dareoportet.
1437 1483 1559 1540 Peisius.
1577 1487 1661 1540 Immo
1676 1485 1825 1554 quaeritur:
1838 1487 1919 1540 buius

266 1553 310 1606 uia
334 1551 404 1606 iorte
425 1553 527 1622 perdita
549 1553 591 1606 vel
614 1569 661 1622 per
683 1569 798 1608 errorem
822 1552 855 1605 ab
879 1567 909 1606 eo
936 1551 1065 1620 adquam
1115 1551 1218 1606 fructus
1235 1551 1332 1606 idcirco
1350 1551 1439 1606 iactus
1457 1559 1512 1618 est,
1537 1555 1607 1622 quod
1631 1555 1653 1608 is
1672 1569 1796 1608 666666
1815 1553 1920 1606 nomine

266 1621 414 1690 pertinebat
437 1637 490 1676 666
512 1621 615 1686 ablata,
641 1621 722 1678 nihilo
747 1621 831 1674 miuus
851 1619 906 1672 eins
924 1633 981 1672 eam
999 1635 1064 1686 esse,
1115 1619 1281 1698 perceperit?
1306 1621 1501 1688 perceptionem
1524 1621 1629 1676 iunctus
1656 1621 1778 1690 accipere
1795 1621 1920 1674 debemus

266 1689 340 1744 cidus
358 1687 452 1744 tuerat.
1115 1703 1167 1742 non
1185 1689 1226 1740 sii
1244 1687 1355 1756 perlecti
1372 1687 1484 1752 collecti,
1502 1689 1550 1744 sed
1568 1689 1646 1742 etiarn
1661 1689 1748 1758 coepti
1760 1689 1798 1742 ita
1810 1689 1918 1758 percipi,

298 1753 337 1816 68
353 1757 495 1812 Uarianos
506 1757 573 1812 libro
588 1757 827 1838 quiuquopcnsimo
836 1755 929 1826 primo
944 1755 981 1810 ud
995 1755 1064 1810 edio·
1114 1759 1144 1810 ut
1167 1759 1239 1810 terra
1256 1755 1391 1810 continere
1408 1771 1437 1810 se
1454 1755 1557 1812 fructus
1576 1757 1716 1810 desierint:
1734 1757 1815 1810 veluti
1832 1757 1854 1810 si
1871 1759 1920 1810 oli-

263 1829 318 1878 tum
353 1825 403 1894 Qui
425 1825 563 1880 restituere
586 1843 674 1882 iussus
692 1825 773 1882 iudici
790 1839 843 1878 666
860 1829 937 1890 paret
954 1829 1063 1876 eonten-
1113 1837 1161 1878 vae
1179 1837 1246 1878 uvae
1262 1823 1355 1888 lectae,
1373 1823 1490 1876 nondum
1508 1831 1597 1878 autem
1608 1825 1697 1878 vinnm
1714 1825 1801 1878 oleum
1818 1825 1853 1876 ab
1871 1825 1919 1876 ali·

262 1893 327 1948 dens
351 1909 405 1948 nnn
426 1909 504 1962 posse
526 1893 676 1960 restituere,
703 1895 726 1948 si
750 1891 855 1960 quidem
878 1891 977 1944 habeat
999 1907 1062 1956 rem,
1114 1907 1165 1960 quo
1183 1891 1283 1944 laomim
1301 1891 1348 1944 sit:
1367 1891 1457 1944 statim
1475 1891 1543 1946 enim
1565 1891 1623 1960 ipse
1645 1891 1781 1960 accepisse
1802 1891 1919 1946 fructum

261 1979 342 2016 mauu
365 1963 471 2016 militari
493 1961 581 2016 officio
603 1963 699 2018 iudicis
723 1961 757 2014 ab
775 1975 807 2014 co
824 1959 956 2028 possessio
975 1963 1061 2014 trans·
1113 1957 1303 2014 existimandus
1322 1963 1368 2014 est.
1668 2007 1669 2010 ,

262 2029 346 2084 fertur
356 2037 382 2084 et
395 2029 530 2090 fructuum
544 2031 681 2086 dumtaxat
696 2029 831 2096 urnamque
846 2043 943 2082 censae
958 2029 1062 2082 nomine
1148 2023 1186 2086 79
1204 2027 1285 2080 lonii
1304 2027 1371 2082 libro
1394 2031 1473 2084 scuto
1492 2029 1629 2098 pitbouou
1645 2045 1662 2082 6
1680 2029 1768 2082 Ρ6676
1780 2059 1781 2062 =
1792 2029 1920 2100 epitoma-

261 2097 441 2154 condemuatio
465 2099 503 2152 iit.
536 2099 558 2152 si
581 2115 640 2152 vero
667 2115 720 2152 non
745 2101 834 2166 potest
859 2095 1010 2162 restituere,
1030 2097 1062 2160 vsi
1113 2099 1200 2152 torum
1235 2095 1263 2148 Si
1286 2095 1416 2150 hominem
1439 2113 1456 2150 a
1479 2113 1521 2150 ine
1545 2097 1651 2166 petieris
1676 2101 1702 2150 ct
1724 2095 1746 2150 is
1769 2101 1830 2164 post
1847 2095 1919 2150 litem

260 2167 365 2236 quidem
383 2167 441 2222 dolo
459 2167 522 2222 fecit
539 2183 590 2236 quo
608 2167 693 2220 miuus
711 2163 804 2234 possit,
821 2163 852 2230 is,
872 2171 999 2244 quantum
1014 2163 1061 2218 ad·
1094 2193 1095 2196 ¹
1114 2167 1288 2218 contestatam
1313 2167 1433 2218 mortuus
1460 2163 1508 2230 sit,
1535 2165 1639 2218 fructus
1665 2163 1753 2232 quoad
1778 2163 1800 2218 is
1826 2163 1921 2218 vixerit

259 2233 391 2290 versarius
416 2235 444 2290 iu
470 2235 540 2288 litem
566 2235 622 2288 sine
646 2233 701 2288 ulla
722 2233 860 2286 taxatione
883 2251 911 2286 iu
932 2233 1063 2284 infinitum
1114 2233 1246 2286 aestimari
1263 2237 1375 2300 oportet.
1404 2233 1526 2286 Peritos.
1544 2233 1587 2284 lta
1602 2233 1630 2284 id
1649 2247 1743 2286 ‘verum
1766 2245 1824 2284 esse
1865 2237 1920 2296 uto,

236 2303 395 2374 *iuraverit
419 2301 582 2358 damnandus
607 2305 653 2356 est.
685 2301 791 2356 sivero
815 2315 864 2356 nec
881 2305 970 2368 potest
986 2299 1062 2354 6666-
1114 2299 1137 2354 si
1160 2317 1214 2354 non
1236 2299 1310 2368 prius
1332 2299 1355 2354 is
1378 2299 1458 2354 homo
1475 2299 1503 2354 in
1521 2317 1579 2354 eain
1596 2299 1773 2354 valetudinem
1789 2249 1920 2364 16666666,

261 2375 333 2424 biera
350 2387 399 2426 nec
422 2371 482 2426 dolo
505 2369 569 2422 fecit
592 2385 643 2450 quo
670 2369 756 2424 miuus
779 2369 877 2436 possit,
902 2385 956 2422 uon
980 2369 1062 2448 pluris
1113 2373 1222 2436 propter
1240 2383 1319 2434 quam
1336 2383 1431 2436 operae
1450 2367 1506 2422 eins
1524 2367 1629 2422 inutiles
1647 2367 1736 2422 factae
1759 2371 1835 2422 sunt:
1859 2383 1920 2420 uam

277 2455 338 2490 uam
356 2437 446 2506 quanti
463 2453 504 2492 res
522 2443 577 2502 est,
600 2437 628 2490 id
655 2443 696 2490 est
712 2437 804 2506 quanti
822 2437 966 2490 adversarii
981 2441 1062 2492 inter·
1114 2449 1147 2488 ue
1165 2435 1188 2488 si
1204 2437 1311 2488 vixisset
1328 2435 1432 2502 quidem
1448 2437 1477 2488 in
1495 2449 1527 2490 66
1550 2437 1713 2500 valetudine,
1737 2435 1841 2488 fructus
1866 2435 1920 2488 eius

259 2455 324 2570 iura,
342 2505 555 2560 condemnandus
573 2509 620 2558 est.
647 2505 713 2558 haec
730 2503 860 2558 sententia
876 2505 1005 2572 generalis
1023 2509 1064 2560 est
1114 2509 1165 2556 tem
1187 2503 1239 2556 oris
1256 2503 1361 2556 nomine
1378 2503 1512 2556 aestimari
1530 2503 1689 2558 conveniret.
1706 2503 1709 2510 ’

259 2579 286 2626 et
303 2573 336 2626 ad
353 2573 441 2626 omnia
458 2573 510 2626 sive
527 2571 676 2636 interdicta,
695 2571 749 2626 sive
764 2573 882 2626 actiones
896 2573 924 2626 in
938 2589 995 2626 rem
1010 2575 1064 2626 sire
1148 2521 1187 2628 86
1211 2571 1325 2626 Frisios
1345 2571 1518 2626 Anrniinus
1545 2571 1612 2626 libro
1631 2571 1723 2640 primo
1747 2569 1784 2624 od
1806 2569 1921 2624 eiticturn

259 2641 286 2694 iii
302 2655 443 2708 personam
460 2645 534 2706 sunt,
558 2655 591 2692 eir
617 2641 711 2710 quibus
734 2639 866 2694 arbitratu
888 2641 983 2694 iudicis
1001 2641 1063 2710 quid
1113 2641 1144 2692 lu
1161 2653 1217 2692 rem
1241 2637 1371 2692 actionem
1394 2639 1451 2708 pati
1475 2653 1529 2692 uon
1552 2637 1747 2706 compellimur,
1773 2637 1836 2704 quia
1859 2637 1922 2692 licet

257 2707 414 2774 restituitur,
431 2707 519 2762 locum
536 2707 624 2764 habet.
1114 2707 1192 2760 ulicid
1210 2707 1296 2760 dicere
1314 2721 1342 2758 se
1358 2721 1413 2760 666
1430 2707 1581 2776 possidere,
1603 2707 1642 2758 ita
1659 2709 1702 2770 ut,
1726 2707 1749 2758 si
1771 2707 1856 2774 possit
1874 2705 1920 2758 ad-

293 2773 333 2832 66
357 2775 474 2830 Penios
494 2777 561 2832 libro
587 2779 663 2830 tertio
687 2775 789 2830 decimo
814 2775 851 2830 66
873 2773 1002 2830 Sabinum
1037 2777 1063 2830 ls
1113 2773 1245 2830 versarius
1277 2773 1433 2830 convincere
1464 2789 1520 2828 rem
1546 2773 1581 2826 ab
1607 2773 1758 2828 adversario
1781 2773 1920 2852 possideri,

258 2845 303 2914 qui
326 2843 387 2898 dolo
405 2845 469 2898 iecit
486 2861 538 2914 quo
556 2845 642 2900 miuus
658 2845 807 2914 possideret
823 2845 875 2898 hoc
893 2859 998 2912 quoque
1015 2861 1062 2898 uo·
1114 2841 1258 2896 transferat
1268 2841 1302 2896 ad
1317 2857 1346 2896 se
1358 2843 1554 2910 possessionem
1569 2857 1616 2910 per
1630 2841 1752 2908 iudicem,
1770 2841 1833 2896 licet
1847 2857 1922 2896 snam

257 2911 327 2966 mine
343 2913 459 2980 punitur,
477 2913 547 2982 qnod
564 2919 640 2968 actor
657 2929 750 2968 cavere
768 2911 792 2964 ei
810 2929 864 2966 uon
882 2911 962 2966 debet
979 2911 1062 2968 actio-
1115 2927 1171 2966 esse
1188 2927 1243 2966 uon
1260 2909 1453 2980 adprobaverit.

258 2995 312 3044 666,
328 2995 394 3048 quas
409 2981 464 3034 eius
477 2981 516 3036 rei
529 2983 634 3036 nomine
651 2982 756 3046 babeat,
774 2995 803 3034 se
818 2979 842 3034 ei
856 2985 1061 3048 praestaturum.
1411 2995 1412 2998 ’

281 3045 330 3106 ’76
350 3047 519 3104 Pomponius
539 3049 606 3104 libro
630 3049 771 3104 uicensimo
789 3065 861 3102 6666
879 3049 917 3102 ort
933 3047 1062 3102 Sabinum
1485 3049 1542 3110 11⁵,

257 3117 313 3172 Nec
339 3117 414 3184 quasi
431 3117 612 3196 mhi-leimam
631 3117 735 3196 qussdem
752 3115 882 3196 366670716ῧῖ
900 3115 925 3168 ei
949 3115 1063 3170 dandam
1223 3151 1269 3200 DE
1289 3149 1492 3200 PUBLIOIANA
1511 3151 1551 3200 IN
1568 3151 1641 3200 REM
1660 3149 1805 3200 ACTIONE
1916 3169 1919 3172 .

256 3185 365 3254 placuit,
383 3199 417 3238 66
433 3201 462 3238 ru
478 3191 610 3254 potestate
628 3201 756 3256 cuiusque
773 3191 807 3238 sit
824 3199 873 3254 per
889 3185 1011 3254 rapinam
1028 3185 1062 3238 ab
1096 3247 1097 3250 Ἰ
1506 3229 1507 3232 ,
1807 3187 1814 3200 “

257 3253 337 3308 invito
356 3253 460 3308 domiuo
477 3271 533 3308 rem
550 3251 620 3308 iusto
637 3255 722 3322 pretio
740 3269 903 3322 comparare.
1151 3247 1164 3306 1
1190 3247 1335 3304 Uarianos
1355 3251 1423 3304 libro
1447 3253 1526 3306 scuto
1550 3249 1652 3304 decimo
1677 3249 1714 3304 od
1729 3249 1844 3304 edictum
1880 3251 1925 3304 Ait

292 3319 328 3376 71
349 3321 467 3376 Panion
481 3321 548 3376 libro
566 3323 644 3376 tertio
661 3321 763 3376 666666
780 3321 818 3376 ud
830 3319 960 3376 Sabinum
987 3321 1063 3388 Quod
1115 3325 1234 3388 praetor:
1254 3317 1291 3372 ‘Si
1314 3319 1371 3388 quis
1395 3319 1422 3370 id
1463 3319 1518 3372 uod
1540 3317 1673 3370 traditur6
1691 3333 1723 3370 ex
1746 3317 1818 3370 iusta
1842 3333 1926 3372 causa

257 3391 279 3442 si
290 3403 434 3510 lpossessor
452 3389 555 3458 quidem
572 3389 633 3444 dolo
650 3391 722 3454 fecit,
740 3393 816 3444 actor
832 3405 893 3442 vero
908 3391 997 3444 iurare
1010 3405 1064 3442 666
1115 3391 1177 3440 ‘non
1195 3403 1212 3440 a
1229 3385 1335 3440 domiuo
1354 3335 1512 3440 66666666
1526 3391 1686 3454 usucaptum
1701 3391 1781 3454 petet,
1799 3385 1925 3440 iudicium

257 3463 319 3520 rut,
338 3457 385 3512 sed
402 3457 494 3526 quanti
510 3473 553 3514 res
571 3457 606 3512 sit
623 3457 803 3512 adversarium
821 3457 991 3510 condemnari
1008 3471 1062 3510 ma
1117 3459 1128 3508 1
1166 3455 1262 3508 ‘dabo’.
1297 3455 1394 3508 Merito
1412 3459 1519 3522 praetor
1538 3453 1575 3506 ait
1592 3455 1719 3508 ‘noudum
1742 3455 1924 3522 usucaptum’:

257 3525 312 3588 luit,
331 3541 388 3580 mos
407 3525 430 3578 ei
446 3523 576 3594 gerendus
594 3529 641 3580 est.
1115 3537 1176 3576 nam
1193 3521 1217 3576 si
1235 3527 1394 3642 usucalptum
1411 3527 1465 3602 est,
1489 3521 1572 3574 habet
1596 3523 1698 3576 civilem
1721 3523 1853 3600 actionem
1877 3539 1926 3576 nec

290 3589 330 3648 72
353 3593 498 3646 Uarianos
518 3593 586 3648 libro
609 3597 688 3648 sexto
711 3593 814 3648 666666
833 3591 870 3646 ud
886 3591 1001 3648 edictum
1036 3591 1064 3646 Si
1115 3593 1129 3640 2
1166 3589 1299 3644 desiderat
1334 3605 1491 3644 onoranam.
1526 3587 1579 3642 Sed
1598 3605 1647 3642 cnr
1663 3589 1831 3644 traditionis⁷
1849 3589 1925 3644 dnm-

255 3677 272 3714 a
290 3659 359 3714 Titio
377 3661 488 3714 fundum
505 3661 599 3714 emeris
617 3661 677 3714 Sem
696 3659 764 3714 ionii
782 3665 809 3714 et
825 3659 875 3712 tibi
891 3661 1005 3714 traditus
1029 3661 1065 3714 sit
1115 3661 1191 3710 taxat
1208 3663 1235 3712 et
1251 3657 1421 3726 usucapionis
1439 3655 1504 3712 fecit
1517 3657 1686 3722 mentionem,
1706 3673 1765 3712 cnm
1778 3659 1844 3712 satis
1859 3657 1926 3712 mul·

254 3727 339 3798 pretio
357 3729 453 3792 soluto,
472 3727 566 3782 deinde
581 3727 666 3784 Titius
677 3677 837 3796 6666666616
853 3727 930 3782 heres
949 3727 1065 3782 extiterit
1115 3729 1159 3778 tae
1177 3731 1239 3778 sunt
1256 3725 1321 3780 iuris
1338 3729 1443 3794 partes,
1462 3725 1557 3794 quibus
1581 3725 1725 3778 dominium
1744 3727 1802 3796 quis
1821 3727 1926 3780 nancis-

255 3801 282 3850 ct
299 3797 411 3850 eundem
428 3795 474 3850 alii
490 3795 635 3850 vendiderit
652 3801 679 3850 et
700 3795 853 3860 tradiderit,
878 3797 989 3863 aequius
1016 3801 1063 3862 est,
1115 3793 1239 3846 caretur?
1259 3799 1287 3848 ut
1304 3799 1371 3862 puta
1388 3793 1505 3862 legatum

255 3869 284 3918 ut
305 3869 335 3916 tu
358 3865 446 3932 potior
468 3865 512 3918 sis.
539 3879 601 3918 nam
626 3871 651 3918 et
676 3865 698 3916 si
720 3865 778 3934 ipse
796 3863 916 3916 venditor
933 3879 992 3916 earu
1008 3877 1064 3916 rem
1149 3857 1168 3916 2
1187 3859 1306 3916 Penios
1321 3861 1389 3916 libro
1406 3877 1479 3916 6666
1496 3861 1599 3916 decimo
1617 3861 1782 3916 odediunt:
1808 3863 1927 3916 velmor-

255 3947 272 3984 6
290 3937 317 3986 te
334 3937 450 4000 peteret,
469 3931 624 4000 exceptione
641 3947 700 3986 eum
719 3945 905 3986 summoveret.
934 3931 981 3984 sed
998 3937 1026 3984 et
1043 3931 1065 3984 si
1115 3927 1149 3982 tis
1169 3943 1251 3982 causa
1268 3931 1424 3984 donationes
1442 3927 1545 3982 factae:
1564 3943 1627 3982 nam
1645 3931 1743 3984 amissa
1760 3931 1929 3998 possessione

253 3999 311 4068 ipse
328 3999 475 4066 possideret
492 4003 519 4054 et
536 4005 566 4052 tu
588 4003 707 4068 peteres,
731 3997 858 4054 adversus
882 3997 1064 4066 exceptionem
1117 3997 1243 4064 competit
1268 3997 1438 4060 Publiciana,
1464 3997 1527 4066 quia
1550 3995 1586 4050 ad
1608 3997 1757 4066 exemplum
1781 3997 1929 4066 legatorum

254 4067 362 4120 dominii
379 4067 551 4136 replicatione
568 4065 687 4120 utereris.
1116 4081 1148 4118 ca
1167 4063 1264 4118 inntur.

289 4129 327 4192 73
346 4135 426 4188 1666
436 4135 505 4190 libro
518 4135 632 4206 septimo
647 4135 749 4190 decimo
763 4133 801 4188 66
809 4133 924 4188 edictum
959 4133 990 4186 ln
1004 4149 1063 4204 ape·
1148 4081 1341 4190 iniurium
1354 4133 1422 4188 libro
1440 4137 1520 4186 sexto
1538 4131 1641 4186 decimo
1658 4131 1697 4186 oct
1712 4133 1827 4186 edictum
1863 4133 1932 4186 Sunt

253 4201 315 4258 ciali
331 4203 431 4258 actione
452 4219 507 4258 non
524 4203 627 4270 cogitur
650 4217 789 4270 possessor
812 4201 914 4264 dicere,
938 4217 987 4270 pro
1011 4219 1064 4270 qua
1118 4205 1129 4252 1
1168 4205 1194 4254 et
1217 4201 1286 4254 aliae
1303 4201 1453 4280 pleraeque.
1489 4201 1536 4252 Ait
1558 4205 1680 4268 praetor:
1700 4203 1742 4254 ‘ex
1759 4201 1830 4254 iusta
1849 4215 1931 4254 causa

252 4275 330 4340 parte
353 4271 409 4324 eius
434 4271 482 4324 sit:
508 4271 560 4324 hoc
583 4271 652 4324 enim
675 4269 796 4338 petitoris
814 4285 911 4322 munus
929 4273 984 4334 est,
1010 4285 1065 4324 uon
1116 4269 1203 4338 petet’.
1241 4267 1286 4336 qni
1308 4269 1389 4334 igitur
1410 4267 1509 4322 iustam
1533 4283 1643 4322 causam
1666 4267 1816 4324 traditionis
1840 4271 1930 4332 habet,

255 4345 265 4392 l
294 4337 1063 4408 possessoris:quodetiuPublicianaobservatur.Super·
1116 4337 1200 4390 utitur
1216 4334 1385 4390 Publiciana:
1410 4339 1437 4388 et
1459 4351 1513 4390 non
1532 4335 1617 4390 solum
1635 4337 1749 4406 emptori
1765 4337 1852 4392 bonae
1870 4335 1932 4390 iidei

252 4405 361 4472 66666,
1117 4403 1243 4484 competit
1251 4401 1416 4468 Publiciana,
1435 4403 1482 4456 sed
1500 4407 1527 4456 et
1545 4405 1612 4468 aliis,
1631 4409 1662 4456 ut
1678 4409 1745 4474 puta
1761 4403 1785 4458 ei
1800 4405 1844 4458 eui
1862 4405 1932 4458 dotis

287 4471 327 4530 74
346 4475 464 4530 Patrios
483 4473 552 4528 libro
569 4473 711 4528 uicensimo
724 4473 817 4546 primo
835 4471 872 4526 66
888 4471 1004 4526 edictum
1038 4471 1065 4526 id
1116 4485 1223 4524 nomine
1238 4469 1340 4522 tradita
1355 4485 1400 4524 res
1425 4477 1466 4524 est
1488 4473 1605 4526 necdum
1626 4477 1773 4540 usucapta:
1799 4477 1841 4526 est
1864 4471 1933 4526 enim

254 4547 294 4596 est
311 4543 356 4610 qui
373 4543 402 4594 in
419 4543 505 4594 adeun
523 4541 580 4594 solo
598 4541 765 4610 superficiem
781 4541 821 4594 ita
838 4539 934 4602 habet,
960 4543 990 4592 nt
1007 4555 1063 4592 cer·
1116 4537 1261 4592 iustissima
1285 4551 1382 4602 causa,
1400 4537 1455 4592 sive
1472 4539 1615 4592 aestimata
1637 4555 1681 4594 res
1703 4539 1731 4592 iu
1756 4539 1846 4592 dotem
1870 4539 1935 4594 data

252 4615 308 4664 tam
324 4611 478 4678 pensionem
494 4613 621 4732 praestet,
1117 4605 1152 4660 sit
1169 4605 1224 4658 sive
1240 4621 1302 4658 uon.
1328 4603 1392 4684 item
1409 4605 1432 4660 si
1449 4621 1492 4660 res
1511 4621 1545 4660 ex
1563 4623 1645 4660 cansa
1661 4607 1772 4660 iudicati
1786 4607 1821 4660 sit
1835 4607 1934 4660 tradita

288 4675 327 4734 75
343 4677 488 4732 Uarianos
509 4675 568 4732 ibro
583 4679 661 4732 scuto
677 4675 780 4732 decimo
795 4675 832 4728 66
846 4675 963 4730 edictum
988 4689 1065 4744 prae·
1151 4669 1171 4728 4
1189 4671 1232 4726 in
1238 4687 1269 4726 iii
1275 4687 1308 4726 is
1322 4671 1390 4728 tetro
1409 4691 1480 4728 nouo
1499 4673 1602 4730 docimo
1620 4675 1657 4728 66
1673 4675 1788 4730 edictum
1823 4675 1864 4728 vel
1880 4675 1932 4730 sol-

252 4749 296 4798 tor
313 4761 395 4800 causa
412 4745 517 4816 cognita
533 4743 562 4798 in
578 4759 635 4798 rem
651 4743 784 4798 actionem
801 4743 951 4811 pollicetur.
1116 4741 1194 4794 vendi
1213 4749 1296 4796 cansa
1777 4779 1778 4782 ,
1902 4783 1903 4786 ,

290 4809 328 4870 76
355 4813 448 4868 Gaius
469 4813 538 4868 libro
561 4813 673 4882 septimo
697 4813 735 4866 od
758 4811 874 4864 edictum
893 4809 1067 4882 provinciola
1152 4807 1170 4864 5
1194 4807 1340 4864 Uarianos
1359 4809 1428 4864 libro
1452 4813 1532 4864 scuto
1556 4811 1658 4866 decimo
1682 4809 1720 4864 66
1742 4809 1858 4864 edictum
1892 4807 1934 4864 vel

206 4883 207 4886 ’
254 4879 378 4948 Quaado
396 4885 454 4934 tota
470 4897 499 4936 re
515 4877 675 4934 66666666
693 4879 858 4942 dictasunt,
877 4879 972 4932 eadem
989 4883 1016 4930 et
1033 4877 1066 4930 de
1118 4891 1151 4930 ex
1169 4891 1250 4930 causa
1268 4893 1354 4932 noxae
1372 4877 1529 4942 deditionis,
1554 4879 1610 4932 sive
1631 4891 1695 4932 vera
1720 4893 1804 4930 cansa
1827 4877 1863 4932 sit
1880 4879 1935 4932 sive

203 4985 207 5012 .,
253 4953 330 5014 parte
352 4947 527 5016 intellegenda
544 4951 621 5012 snut,
639 4945 782 5014 officioque
799 4945 895 5000 iudicis
914 4945 1065 5000 continetur
1117 4943 1193 4996 falsa.

204 5015 206 5026 ‘
252 5015 389 5082 promocio
404 5017 488 5082 partis
501 5029 533 5068 ea
548 5029 654 5084 quoqne
667 5013 772 5068 restitui
785 5011 885 5080 iubere,
904 5029 975 5084 qnae
989 5013 1066 5066 simul
1151 5009 1308 5068 tiPnoiis
1323 5013 1391 5068 libro
1409 5029 1480 5068 6666
1499 5013 1601 5068 decimo
1620 5011 1658 5066 66
1673 5009 1789 5066 edietum
1824 5011 1891 5064 Item
1912 5009 1935 5066 si

256 5087 266 5134 t
306 5099 366 5136 cum
389 5083 449 5150 ipsa
470 5087 547 5152 parte
570 5083 676 5136 restitui
693 5081 799 5136 debent.
835 5081 960 5134 Incertae
981 5081 1065 5148 partis
1116 5081 1222 5134 servuin
1238 5097 1270 5134 ex
1284 5095 1367 5134 causa
1382 5081 1481 5146 noxali,
1496 5081 1629 5150 quianon
1644 5077 1845 5146 defendebatur,
1859 5077 1935 5134 iussu

252 5149 395 5204 vindicatio
422 5149 515 5214 datur,
541 5149 565 5204 si
590 5151 661 5204 iusta
688 5163 777 5204 cansa.
796 5149 963 5202 interveniat.
995 5149 1068 5202 iusta
1116 5149 1248 5216 praetoris
1273 5149 1373 5204 duxero
1398 5155 1425 5202 et
1442 5149 1554 5204 amisero
1573 5147 1782 5216 possessiouem,
1808 5149 1936 5216 competit

253 5223 342 5270 autern
359 5233 442 5270 causa
459 5233 518 5272 csse
534 5221 631 5286 potest,
650 5219 673 5272 si
689 5217 760 5272 forte
773 5213 825 5284 legi
839 5215 978 5270 Falcidiae
992 5215 1067 5270 locus
1117 5215 1181 5270 inibi
1197 5215 1362 5270 Publiciana.
1632 5231 1635 5236 ·

253 5285 331 5338 sitin
348 5289 522 5350 testamento,
549 5301 598 5354 pro
618 5291 660 5338 ter
676 5285 805 5338 incertam
822 5283 1017 5338 detractionem
1034 5299 1067 5338 ex
1153 5281 1170 5338 7
1194 5283 1341 5338 Uarianos
1361 5283 1430 5338 libro
1454 5287 1534 5338 sexto
1557 5281 1659 5338 666666
1678 5281 1716 5336 66
1731 5281 1847 5336 edictum
1879 5281 1937 5336 beo

252 5351 360 5432 legatis,
379 5365 447 5428 quae
463 5351 524 5404 rix¹
542 5303 618 5430 6666
631 5353 746 5406 iudicem
763 5353 945 5404 examinatur:
969 5349 1067 5404 iustam
1118 5355 1145 5404 et
1162 5351 1185 5406 si
1202 5365 1245 5406 res
1263 5351 1417 5404 adiudicatae
1440 5353 1491 5416 sit,
1515 5349 1676 5404 Publiciana
1700 5349 1770 5404 actio
1796 5351 1934 5416 competit.

252 5435 323 5472 enirn
339 5417 421 5472 babet
437 5425 613 5486 munientium
631 5419 784 5488 legatarius,
803 5419 847 5470 cui
863 5419 945 5472 bomo
963 5417 1066 5486 legatus
1119 5423 1131 5470 1
1169 5419 1197 5472 Si
1214 5419 1247 5474 lis
1265 5419 1346 5472 fuerit
1363 5419 1518 5482 aestimata,
1543 5419 1635 5474 similis
1660 5423 1702 5472 est
1724 5417 1884 5472 venditioni:
1910 5423 1937 5474 et

252 5491 308 5552 est,
333 5491 442 5554 quotam
467 5489 571 5552 partein
593 5487 729 5542 vindicare
752 5485 863 5538 debeat:
887 5485 981 5554 itaque
1004 5485 1066 5540 talis
1119 5487 1157 5540 ait
1172 5487 1293 5540 Iulianus
1310 5485 1379 5540 libro
1397 5485 1542 5542 uoonsimo
1568 5485 1686 5540 secundo
1712 5485 1889 5554 digestorum,
1913 5487 1943 5554 si¹

1761 5601 1935 5614 ¹..—-.-....-2.,...

253 5655 283 5716 (1)
302 5653 354 5716 rii]
363 5653 486 5704 iuxtascr.
557 5653 588 5716 (2)
607 5653 645 5704 ita
653 5657 698 5706 iris.
708 5655 735 5706 F
739 5655 747 5686 ¹
827 5657 860 5720 (6)
878 5653 1068 5722 6666166616,
1122 5657 1189 5720 qnod
1203 5657 1322 5720 traditur]
1338 5657 1363 5708 in
1378 5657 1514 5724 edictofin't
1525 5651 1551 5704 id
1560 5653 1627 5718 quod
1637 5653 1704 5704 bona
1718 5657 1767 5708 fide
1781 5657 1842 5706 emit
1857 5659 1937 5710 tradi*

254 5719 370 5770 colonum
380 5719 419 5770 F²
475 5719 508 5786 (4)
525 5719 603 5770 sidet
632 5739 633 5742 ¹
925 5765 926 5768 ,
1122 5725 1936 5790 turn:euomuerbononadominopostcaadiectauiiienturesse

288 5787 321 5850 (t)
339 5789 388 5838 Ed.
398 5799 474 5852 ¹···¹4i
484 5787 545 5840 sat.
556 5797 588 5840 tt.
597 5799 636 5850 173
645 5789 708 5856 Pup.
719 5801 752 5842 ts.
761 5817 797 5826 -κ
806 5791 870 5842 Boi.
882 5791 924 5850 15,
935 5803 948 5842 a
1000 5791 1033 5854 (6)
1043 5791 1070 5842 id
1122 5795 1155 5856 (t)
1173 5809 1203 5842 ex
1212 5809 1288 5842 eausa
1297 5791 1432 5856 emptionis
1441 5795 1488 5846 ins.
