4366 6258
249 373 332 420 TEST.
355 371 528 428 QUEMADM.
550 373 646 416 APER.
668 371 789 418 msere.

1052 349 1114 418 407

1673 349 1828 412 XXVIIII
1849 355 1878 414 3.
1893 359 1914 416 4

929 445 1227 456 ...ffl—

251 541 365 594 sanctum
383 531 504 586 Cassium
526 537 677 598 praetorem
701 545 785 586 causa
809 533 915 600 cognita
935 531 1054 586 octones

251 601 416 662 hereffitarias
434 599 513 652 utiles
530 599 655 652 daturum
670 603 744 652 recte
761 599 909 668 pollicitum
927 601 964 662 ei,
986 613 1055 666 quae

251 673 282 728 ad
304 667 474 724 hereditatem
500 663 585 732 patris
611 671 765 718 accerserat
792 665 1055 736 denegaturumque¹

252 739 354 808 siquae
371 749 399 788 se
417 731 591 788 abstinuerat.

606 933 680 994 111².

278 1033 498 1090 TESTAMENTA
518 1033 786 1088 QUEMADMODUM
804 1031 1023 1080 APERIANTUR

353 1099 594 1150 INSPIOIANTUR
611 1099 657 1150 ET
674 1099 943 1150 DESCRIBANTUR.
969 1153 970 1156 Ἴ

284 1201 426 1260 1³Grrus
447 1199 516 1252 libro
538 1201 649 1270 septimo
674 1197 776 1254 eramo
800 1197 837 1252 od
859 1197 974 1252 edictam
986 1213 1055 1268 pro-

254 1267 357 1328 tinctula
403 1267 546 1332 OmnibnS,
596 1267 738 1336 uicemque
767 1263 920 1318 desiderant
948 1267 1054 1320 tabulas

253 1333 393 1396 testamenti
408 1333 540 1402 inspicere
554 1283 595 1388 rel
609 1333 689 1388 etiam
704 1333 862 1400 describere,
879 1333 1056 1402 inspiciendi⁴

254 1401 462 1470 describendiqne
477 1407 639 1470 potestatem
656 1401 791 1456 facturum
809 1417 838 1456 se
851 1407 962 1470 praetor
976 1401 1054 1470 polli-

256 1479 334 1528 retur:
359 1469 430 1538 quod
452 1471 492 1522 rel
516 1485 565 1522 suo
589 1471 630 1524 rel
653 1471 741 1524 aheno
764 1471 872 1522 nomine
895 1469 1056 1522 desideranti

258 1549 266 1594 l
298 1537 411 1592 tribuere
428 1551 489 1590 eum
506 1537 676 1590 manifestum
694 1541 742 1590 est.
769 1535 849 1588 Ratio
869 1541 959 1590 autem
974 1537 1054 1590 huius

256 1605 326 1662 edicti
342 1603 482 1656 manifesta
500 1609 552 1658 est:
577 1619 663 1672 neque
680 1603 751 1658 enim
768 1603 825 1658 sine
840 1603 928 1660 iudice
945 1603 1055 1672 transigi

255 1687 332 1742 neque
353 1671 424 1740 apud
446 1671 559 1726 indicem
583 1671 686 1740 exquiri
707 1671 807 1726 ueritas
830 1671 862 1726 de
884 1673 927 1726 his
947 1677 1054 1726 contro-

255 1741 350 1804 rersfis,
373 1755 441 1806 qnae
461 1753 494 1792 ex
511 1745 668 1794 testamento
686 1739 935 1810 proficiscerentur,
959 1739 1055 1794 aliter⁵

255 1811 335 1880 potest
356 1823 435 1874 quam
458 1807 585 1876 inspectis
606 1807 771 1876 cognitisque
788 1807 874 1862 verbis
892 1807 1053 1862 testamenti.

256 1883 268 1930 1
299 1873 326 1928 si
342 1875 399 1942 quis
416 1879 493 1942 neget
511 1873 624 1942 sigillum
641 1891 719 1930 sunm
737 1891 895 1944 agnoscere,
920 1891 975 1930 non
994 1875 1053 1928 ideo

257 1943 351 2062 qnidgm
361 1943 453 2062 truinas
471 1945 628 2010 apenuntur
644 1945 768 2008 tabulae,
793 1943 840 1998 sed
860 1945 927 1998 alias
945 1957 1054 2012 suspec-

257 2019 294 2066 tae
327 2025 381 2062 un.

285 2073 312 2136 2.
323 2077 465 2132 Uarianos
480 2077 548 2132 libro
567 2079 791 2148 quinquepesr'mo
806 2077 972 2132 adeliciam
1001 2077 1054 2130 Ta·
1097 2091 1099 2096 ·

256 2145 367 2200 bolarum
383 2145 535 2198 testamenti
551 2145 757 2200 lustramentum
779 2161 834 2200 non
852 2151 893 2200 est
908 2147 987 2200 unius
1005 2145 1054 2198 ho·

256 2211 331 2276 minis,
347 2213 399 2266 hoc
416 2217 456 2266 est
472 2213 585 2278 heredis,
604 2213 652 2268 sed
668 2213 861 2278 uniuersorum,
880 2213 975 2282 quibus
991 2211 1055 2282 quid

256 2281 302 2334 illic
323 2279 483 2348 adscriptum
506 2285 561 2334 est:
587 2281 651 2350 quin
674 2281 765 2350 potins
788 2281 925 2350 publicum
950 2287 990 2336 est
1012 2281 1053 2334 in-

259 2353 268 2400 1
300 2353 477 2402 strumentum.
519 2349 719 2402 Testamentum
746 2353 834 2402 autem
858 2347 966 2416 proprie
989 2347 1055 2402 illud

258 2415 357 2478 dicitur,
375 2415 447 2482 qnod
464 2415 522 2470 iure
539 2415 688 2484 perlectum
706 2419 759 2468 est:
781 2415 828 2468 sed
846 2417 955 2470 abusive
971 2419 1053 2470 testa-

257 2487 336 2536 menta
358 2497 389 2534 ea
411 2497 516 2550 quoque
539 2483 720 2552 appellamus,
746 2497 816 2550 quae
837 2483 906 2536 falsa
929 2487 993 2536 sunt
1013 2483 1055 2536 rel

257 2549 348 2602 iuinsta
363 2549 405 2602 rel
421 2551 496 2602 irrita
512 2551 554 2604 vel
571 2555 666 2620 rupta:
687 2551 804 2618 itemque
821 2549 969 2620 inperfecta
985 2551 1062 2604 sole.

258 2621 270 2670 2
300 2631 355 2668 nus
371 2621 531 2672 testamenta
548 2615 644 2672 dicere.
677 2617 721 2670 nt
739 2633 849 2672 causam
866 2623 956 2672 autem
972 2623 1054 2672 testa·

257 2683 329 2738 menti
351 2685 485 2752 pertinere
513 2685 617 2740 ridetur
644 2683 672 2740 id
701 2683 885 2754 quodcumque
914 2685 992 2754 quasi
1020 2685 1056 2738 ad

257 2757 432 2806 testamentum
449 2751 552 2806 facturn
569 2753 617 2818 slt,
637 2753 666 2806 in
683 2767 852 2820 quacumque
868 2753 981 2806 materia
996 2751 1055 2806 fue·

257 2819 287 2872 rit
302 2817 438 2886 scripturn,
463 2819 535 2888 qnod
559 2821 694 2872 contineat
710 2833 862 2888 supremam
878 2821 1056 2874 voluntatem:

257 2891 281 2940 et
302 2891 352 2938 tam
377 2887 536 2956 principales
564 2903 644 2954 quam
670 2887 805 2940 secundae
833 2887 941 2940 tabulae
969 2887 1055 2942 edicto

258 2959 270 3006 3
302 2953 473 3006 continentur.
510 2953 538 3006 Si
554 2955 633 3022 plura
650 2953 705 3006 sint
720 2959 887 3018 testamenta,
911 2969 979 3022 quae
997 2953 1056 3022 quis

259 3019 365 3074 exhiberi
383 3021 525 3086 desideret,
549 3021 734 3076 universorum
758 3021 782 3076 ei
801 3019 916 3074 incultas
933 3021 1056 3074 facienda

258 3093 271 3142 4
300 3093 345 3142 est.
379 3087 408 3140 Si
425 3089 574 3154 dubitetur,
598 3093 688 3142 utrum
710 3089 781 3142 visat
805 3103 839 3142 arr
863 3087 1007 3142 decesserit
1023 3089 1055 3152 is,

258 3155 324 3210 cidus
347 3157 403 3221 quis
427 3155 498 3222 quod
521 3155 556 3208 ad
580 3169 689 3208 causam
711 3157 864 3208 testamenti
883 3157 998 3222 pertinet
1013 3155 1055 3208 iu·

258 3223 316 3290 spici
338 3221 502 3290 describique
526 3223 658 3290 postulat,
683 3221 825 3276 dicendum
848 3227 888 3276 est
905 3227 1056 3290 praetorem

259 3305 331 3342 causa
344 3289 450 3356 cognita
464 3293 582 3342 statuere
596 3289 642 3342 idfl
660 3289 765 3354 debere,
783 3295 822 3352 ut,
840 3289 863 3342 si
874 3289 981 3358 liquerit
996 3303 1056 3342 eum

258 3361 288 3410 dc
316 3355 413 3420 urere,
436 3373 489 3410 non
513 3355 657 3424 permittat.
696 3355 797 3424 Inspici
818 3355 924 3408 tabulas
947 3361 1002 3420 est,
1025 3361 1056 3408 ut

257 3423 334 3490 ipsam
356 3423 513 3492 scripturam
537 3423 595 3492 quis
618 3423 746 3492 inspiciat
769 3429 795 3478 et
818 3423 903 3490 sigilla
926 3427 953 3476 et
976 3421 1056 3490 quid⁷

259 3495 272 3542 t
302 3491 370 3544 aliud
393 3491 545 3544 estabelis
570 3491 633 3544 velit
655 3495 786 3558 spectare.
822 3489 956 3556 Inspectio
976 3490 1055 3544 tabu·

260 3561 273 3610 6
301 3559 383 3612 larum
395 3559 473 3612 edam
485 3559 626 3610 lectionem
639 3571 729 3610 earum
742 3557 851 3610 indicat.
877 3555 955 3610 Diem
967 3561 1056 3610 autem

260 3631 282 3678 et
297 3626 426 3680 consulem
449 3625 602 3678 tabularum
624 3641 679 3678 nou
695 3625 799 3694 patitur
814 3629 924 3694 praetor
941 3623 1056 3676 describi

260 3693 294 3748 rel
308 3693 400 3760 iuspici
416 3691 525 3756 idcirco,
542 3707 577 3744 ne
595 3691 659 3760 quid
672 3691 734 3746 falsi
748 3691 810 3746 fiat:
830 3705 944 3758 namque
959 3691 1056 3744 etiam⁸
1085 3701 1086 3704 ’

260 3757 1056 3894 transnatat.frisahtsteenstraten

260 3895 295 3948 rel
315 3895 495 3948 describendi⁹
517 3895 591 3946 iubet
614 3911 650 3948 an
673 3893 836 3948 desideranti
859 3897 963 3962 tempus
981 3893 1056 3946 dabit

260 3963 290 4016 ad
301 3961 503 4016 exhibitionem?
527 3965 553 4014 et
567 3961 650 4028 magis
665 3967 715 4026 est,
733 3967 765 4014 ut
778 3961 837 4016 dari
851 3961 946 4014 debeat
960 3975 1055 4014 secun·

262 4033 274 4082 8
304 4029 363 4084 dum
379 4031 498 4084 locorum
515 4029 653 4096 angustias
671 4045 719 4084 sen
736 4029 909 4098 protritates.
944 4027 974 4080 st
997 4027 1056 4096 quis

260 4113 307 4150 non
328 4113 425 4166 negans
449 4097 521 4164 apud
543 4111 573 4150 se
594 4097 702 4152 tabulas
726 4113 785 4152 esse
807 4111 862 4150 non
878 4095 998 4164 patiatur·
1013 4095 1055 4150 in·

260 4165 318 4232 spici
335 4171 360 4216 et
377 4165 503 4228 desenbi,
527 4165 677 4216 omnimodo
700 4165 735 4218 ad
752 4165 804 4218 hoc
823 4163 1007 4232 compelletur:
1033 4163 1057 4216 si

260 4237 340 4284 tamen
362 4237 439 4300 neget
461 4245 542 4300 penes
566 4245 594 4284 se
616 4229 724 4286 tabulas
751 4245 822 4296 esse,
851 4229 993 4284 dicendum
1016 4235 1057 4284 est

260 4297 470 4420 {lemqessfficmm
486 4313 543 4352 renr
560 4297 628 4352 mitti
637 4301 658 4330 ¹⁰
682 4297 755 4370 quod
777 4303 819 4354 est
842 4297 875 4354 de
894 4297 993 4354 tabulis
1010 4311 1056 4352 ex·

302 4381 332 4420 en
374 4407 381 4420 .

290 4429 306 4492 3
326 4433 414 4490 erim
429 4435 497 4490 libro
514 4451 543 4488 sc
563 4435 626 4488 tinto
643 4435 745 4490 decimo
764 4433 801 4486 ud
817 4433 931 4490 edictum
943 4435 1057 4504 provin·

261 4501 321 4556 elale
352 4501 407 4570 Ipsi
428 4509 519 4556 tamen
537 4453 630 4556 lereti
653 4501 796 4556 nomentio
817 4501 971 4556 tabulanrm
987 4501 1058 4558 sinim

262 4573 399 4622 ceterarum
415 4569 634 4624 hereditariarum
656 4585 746 4624 rerum
769 4569 909 4638 competit,
933 4577 960 4624 et
978 4569 1012 4624 ob
1028 4569 1058 4624 id

261 4635 291 4690 ad
307 4637 478 4690 exhibendum
495 4651 600 4706 quoque
617 4651 695 4706 agere
710 4639 809 4706 potest.

290 4701 309 4758 4
330 4703 471 4758 Uarianos
484 4705 551 4758 libro
566 4705 789 4774 quinquagesimo
803 4703 840 4760 acl
850 4701 966 4758 edictam
991 4705 1058 4760 Cum

261 4771 291 4824 ab
306 4771 378 4826 initio
397 4771 553 4840 aperiendae
576 4771 630 4824 sint
645 4771 768 4834 tabulae,
792 4771 924 4840 praetoris
946 4771 975 4826 id
997 4771 1056 4828 offi-

262 4837 324 4892 cium
348 4843 401 4904 est,
431 4843 462 4894 ut
486 4847 564 4908 cogat
586 4841 733 4906 signatores
758 4837 898 4894 convenim
922 4845 949 4894 et
971 4841 1058 4908 sigilla

261 4919 305 4958 sue
321 4921 508 4974 recognoscere

291 4969 441 5028 5Prnnus
461 4975 528 5030 libro
551 4981 644 5028 octavo
668 4973 705 5028 ccl
720 4971 860 5026 Plautiam
899 4973 942 5026 vel
960 4991 1058 5044 negare

1141 525 1158 582 7
1183 529 1274 582 Gerus
1295 531 1363 586 libro
1386 535 1529 602 smttmoss
1553 529 1591 584 ad
1612 529 1727 584 edictam
1745 527 1915 594 praecantata

1107 595 1160 650 Sed
1175 595 1197 648 si
1212 595 1271 664 quis
1286 613 1319 650 ex
1333 601 1513 664 signatoribus
1529 597 1622 662 aberit,
1640 593 1710 648 mitti
1724 591 1822 646 debent
1835 595 1914 646 tabu-

1105 663 1147 716 lae
1163 663 1316 720 testamenti
1332 665 1378 716 ubi
1395 665 1453 732 ipse
1468 667 1510 730 sit,
1528 667 1568 720 uti
1584 663 1744 732 adgnoscat:
1762 673 1824 712 nanr
1838 673 1914 712 reru-

1106 729 1163 784 cari
1186 745 1245 782 eum
1268 729 1449 796 adgnoscendi
1472 749 1554 786 causa
1574 745 1714 786 onerosum
1733 733 1781 782 est.
1817 727 1915 794 quippe

1106 811 1187 864 saepe
1211 811 1270 850 cum
1293 811 1389 862 magna
1414 799 1536 864 captione
1556 815 1573 852 a
1591 801 1671 852 rebus
1689 795 1788 850 nostris
1804 807 1912 850 revoca-

1106 879 1166 916 mur
1184 867 1210 916 et
1227 863 1262 916 sit
1271 863 1292 894 ¹2
1308 863 1428 930 iniquum
1442 865 1598 918 damnosum
1613 867 1709 934 cuique
1724 877 1782 918 esse
1796 859 1914 916 officium

1107 945 1192 982 snum.
1228 943 1278 982 uec
1302 927 1338 982 ad
1360 943 1416 982 rem
1436 931 1564 998 pertinet,
1589 947 1658 984 unus
1676 933 1746 988 absit
1763 945 1799 984 an
1815 943 1914 982 omnes.

1107 1003 1134 1050 et
1154 997 1178 1050 si
1199 997 1270 1050 forte
1292 997 1413 1050 omnibus
1432 997 1587 1052 absentibus
1606 1015 1687 1054 causa
1705 999 1794 1068 aliqua
1811 997 1915 1066 aperire

1106 1063 1213 1118 tabulas
1236 1067 1363 1132 urgueat,
1387 1063 1467 1116 debet
1484 1067 1632 1140 proconsul
1652 1081 1760 1132 curare,
1785 1071 1816 1120 ut
1832 1067 1914 1120 inter·

1106 1131 1271 1186 venientibus
1289 1131 1406 1198 optimae
1420 1129 1550 1198 opinionis
1566 1131 1628 1186 viris
1643 1149 1659 1186 a
1679 1135 1798 1188 ertantur
1813 1137 1916 1212 etpost

1107 1199 1269 1268 descriptum
1292 1207 1319 1252 et
1341 1199 1505 1266 recognitum
1525 1195 1626 1252 lactum
1644 1151 1678 1254 nl
1696 1201 1794 1266 isdem,
1818 1201 1915 1270 qmbns

1106 1267 1340 1322 intervenientibus
1353 1271 1461 1334 apertae
1473 1273 1543 1330 sunt,
1554 1265 1733 1334 obsignentur,
1742 1277 1809 1324 tunc
1820 1269 1915 1324 deinde

1106 1349 1137 1414 eo
1148 1335 1302 1456 'ffittantun
1320 1335 1368 1390 nbi
1384 1335 1436 1404 ipsi
1454 1333 1601 1402 signatores
1619 1335 1678 1396 sint,
1698 1337 1732 1390 arl
1749 1337 1915 1408 inspicienda

1107 1419 1129 1458 sr
1176 1417 1266 1456 asna.

1129 1417 1159 1528 gl
1183 1471 1328 1526 Uarianos
1342 1471 1410 1524 libro
1428 1469 1650 1540 quiuquagesimo
1670 1471 1834 1526 acediosum
1860 1473 1913 1526 Pu·

1105 1537 1212 1606 pillares
1229 1537 1345 1604 tabulas,
1367 1537 1540 1592 etiamsinon
1557 1535 1639 1590 fuerit
1657 1539 1865 1610 superscriptum
1882 1555 1915 1594 ne

1106 1605 1915 1744 taratarasitstrstarantasiensis

1243 1715 1250 1738 l

1124 1743 1229 1796 atietur.

1104 1759 1122 1810 p
1139 1807 1158 1866 9
1176 1809 1296 1864 Parrus
1310 1809 1378 1866 libro
1397 1809 1605 1888 quadragesimo
1623 1807 1716 1876 quinto
1740 1807 1777 1862 acl
1799 1809 1913 1866 edictum

1106 1877 1134 1930 Si
1151 1879 1244 1930 mulier
1262 1879 1361 1940 uentris
1380 1879 1485 1932 nomine
1502 1895 1530 1930 ιιι
1547 1875 1716 1946 possessione
1733 1875 1776 1940 sit,
1795 1879 1914 1942 aperien-

1106 1945 1155 2000 dae
1172 1951 1236 1998 sunt
1253 1945 1386 1998 secundae
1403 1945 1525 2008 tabulae,
1549 1951 1580 1996 nt
1601 1945 1714 2008 sciatur,
1740 1943 1784 1996 cui
1808 1945 1914 2000 deman-

1106 2013 1170 2066 data
1187 2013 1221 2066 sit
1238 2013 1350 2066 curatio,

1142 2077 1179 2138 10
1203 2079 1348 2136 Uarianos
1363 2081 1431 2134 libro
1449 2083 1526 2134 tertio
1544 2079 1646 2134 decimo
1664 2079 1701 2134 ccl
1714 2079 1799 2150 legem
1814 2077 1914 2132 lullum

1106 2153 1131 2202 ct
1150 2147 1266 2218 Papium
1307 2147 1335 2200 Si
1358 2147 1387 2200 in
1411 2149 1515 2200 duobus
1539 2147 1705 2216 exemplariis
1729 2147 1858 2214 scriptum
1882 2147 1915 2200 stt

1105 2221 1300 2278 testamentum,
1314 2215 1441 2270 alterutro
1473 2215 1588 2270 ateiacto
1603 2221 1712 2284 apertae
1723 2215 1831 2268 tabulae
1843 2219 1914 2266 sunt.

1109 2289 1119 2338 1
1157 2281 1185 2336 si
1208 2283 1250 2338 sui
1272 2289 1370 2338 natura
1391 2285 1437 2338 tab
1468 2299 1499 2338 ae
1540 2283 1674 2338 atefactae
1691 2287 1768 2348 sunt,
1793 2287 1916 2350 apertum

1106 2349 1188 2404 rideri
1211 2355 1399 2404 testamentum
1416 2367 1470 2404 non
1488 2301 1638 2405 dulitatur:
1664 2367 1718 2404 non
1742 2351 1810 2404 enirn
1833 2363 1915 2416 quae·

1106 2423 1121 2472 2
1148 2433 1258 2484 remus,
1283 2433 1299 2470 a
1322 2433 1374 2486 quo
1398 2419 1559 2486 aperiantur.
1595 2419 1624 2472 Si
1641 2419 1747 2472 tabulae
1771 2431 1825 2470 non
1844 2431 1915 2470 com-

1124 2491 1220 2540 areant
1235 2485 1277 2540 vel
1295 2491 1405 2538 masiae
1421 2485 1480 2550 sint,
1499 2485 1619 2540 futurum
1636 2491 1683 2550 est,
1701 2491 1731 2538 ut
1746 2485 1885 2540 subvenire
1895 2483 1916 2516 ¹³

1105 2503 1241 2620 legatariis
1258 2553 1361 2606 debeat.
1396 2551 1465 2608 idem
1482 2559 1531 2618 est,
1550 2555 1573 2608 si
1591 2553 1749 2624 subpressae
1766 2553 1808 2608 rel
1824 2551 1915 2606 occul·

1105 2625 1150 2674 tae
1167 2621 1229 2674 siut.

1142 2685 1179 2744 ll
1208 2687 1299 2742 Gelos
1326 2687 1394 2742 libro
1423 2689 1561 2742 undecimo
1591 2689 1628 2740 od
1655 2689 1739 2758 lapaut
1764 2687 1864 2742 Iullum
1889 2691 1916 2740 ct

1106 2753 1223 2824 Papiam
1257 2755 1332 2810 Sicut
1349 2755 1464 2808 codicilli
1478 2771 1539 2824 pars
1554 2755 1741 2824 intelleguntur
1754 2755 1911 2818 testamenti,

1105 2821 1144 2876 ita
1161 2821 1295 2876 secundae
1311 2821 1422 2876 tabulae
1437 2821 1623 2892 principalium
1640 2823 1791 2878 tabularum
1812 2827 1914 2890 partem

1106 2889 1227 2958 optinere
1244 2889 1374 2942 ridentur.

1124 2953 1181 3012 ¹12
1204 2955 1349 3010 Uarianos
1364 2957 1432 3010 libro
1451 2957 1527 3010 tertio
1546 2957 1647 3010 decimo
1666 2957 1703 3010 ud
1715 2955 1800 3026 lapara
1815 2955 1915 3010 Iullum

1106 3027 1133 3076 ct
1146 3023 1263 3092 Papium
1298 3021 1326 3076 Si
1344 3023 1403 3090 quis
1420 3021 1512 3076 secent
1526 3027 1712 3076 testamentum
1727 3031 1753 3076 et
1768 3023 1915 3090 exemplum

1107 3091 1164 3144 eius
1175 3093 1202 3154 ¹⁴,
1228 3089 1347 3156 exemplo
1366 3089 1471 3158 quidem
1489 3097 1581 3158 aperto
1599 3091 1716 3144 nondum
1735 3097 1857 3160 apertum
1875 3095 1915 3144 'est

1106 3161 1306 3210 testamentum:
1333 3157 1405 3224 quod
1422 3157 1446 3210 si
1463 3157 1646 3212 authenticum
1662 3157 1857 3226 patefactum²⁵
1875 3163 1915 3212 est

1106 3227 1201 3286 totum,
1223 3227 1353 3290 apertum.

1464 3427 1560 3488 IIII¹⁶.

1141 3523 1173 3574 sr
1202 3523 1278 3580 oms
1310 3523 1431 3572 omissa
1462 3523 1567 3574 eausa
1593 3525 1812 3576 russurrensi
1838 3529 1880 3574 aa

1169 3589 1357 3640 rurasrnro
1376 3589 1443 3640 vnn
1462 3591 1541 3642 auro
1559 3593 1653 3642 nouo
1671 3595 1854 3644 rossrunnr

1382 3659 1640 3724 anueurrarnn.

1143 3754 1158 3813 1
1181 3755 1635 3828 [1116116611νοᾳιιῖιιᾳιιαᾳεεῐιιιο
1648 3757 1686 3814 cd
1695 3759 1809 3814 adieram
1832 3759 1912 3814 Prae-

1106 3829 1149 3878 tor
1162 3823 1311 3878 rolrmtates
1326 3823 1510 3880 defunctorum
1524 3831 1615 3880 tuetur
1631 3831 1656 3880 et
1670 3841 1761 3880 eorum
1775 3829 1914 3882 calliditati

1107 3891 1236 3954 occurrit,
1259 3893 1305 3958 qui
1328 3893 1426 3946 omissa
1450 3907 1532 3948 causa
1555 3895 1706 3948 testamenti
1728 3895 1763 3950 ab
1785 3895 1912 3950 intestato

1107 3959 1282 4012 hereditatem
1298 3965 1435 4028 partemve
1453 3961 1508 4016 eius
1525 3961 1662 4030 possident
1679 3961 1796 4026 adhoc,
1819 3969 1849 4016 ut
1868 3977 1913 4016 eos

1107 4027 1321 4094 ortumveniaut,
1340 4027 1436 4096 quibus
1452 4027 1514 4096 quid
1529 4045 1563 4082 ex
1576 4029 1673 4084 iudicio
1690 4029 1809 4084 defuncti
1823 4029 1913 4084 deberi

1107 4093 1202 4164 potuit,
1221 4093 1244 4148 si
1260 4111 1314 4148 non
1331 4097 1365 4148 ab
1383 4093 1509 4150 intestato
1529 4095 1707 4164 possideretur
1723 4095 1864 4162 hereditas,
1886 4101 1913 4150 et

1109 4167 1120 4216 t
1157 4161 1185 4216 in
1200 4177 1245 4216 eos
1260 4161 1392 4218 uodonem
1406 4163 1553 4232 pollicetur.
1580 4163 1618 4216 Et
1631 4165 1706 4232 parri
1718 4165 1809 4228 refert,
1823 4169 1913 4216 uuum

1107 4229 1166 4298 quis
1183 4243 1231 4296 per
1247 4231 1434 4300 semetipsum
1451 4247 1486 4284 an
1502 4245 1550 4300 per
1568 4231 1648 4282 alium
1665 4231 1805 4298 adquirere
1826 4229 1914 4296 potuit

1106 4297 1293 4350 hereditatem:
1324 4313 1387 4350 nam
1413 4297 1657 4366 quomodocumque
1679 4297 1782 4366 potuit,
1813 4297 1836 4348 si
1858 4311 1914 4350 non

1108 4363 1232 4434 adquisiit
1247 4363 1435 4432 hereditatem,
1460 4367 1488 4420 in
1505 4381 1537 4420 ea
1555 4381 1638 4420 causa
1655 4371 1704 4430 est,
1721 4371 1752 4418 ut
1768 4363 1869 4418 incidat
1885 4363 1914 4416 in

1109 4435 1123 4486 2
1159 4431 1274 4486 edictum
1292 4435 1437 4512 praetorisr
1461 4433 1670 4502 praetermittere
1693 4437 1781 4486 autern
1805 4447 1912 4484 cansam

1108 4501 1259 4554 testamenti
1275 4501 1386 4566 ridetur,
1406 4501 1459 4570 qui,
1483 4517 1544 4554 cum
1560 4505 1651 4568 posset
1667 4499 1766 4562 iubere,
1784 4499 1870 4550 noluit
1886 4497 1914 4552 id

1109 4573 1124 4622 3
1159 4567 1255 4624 iacere.
1291 4567 1359 4636 Quid
1380 4585 1441 4636 ergo
1466 4567 1488 4622 si
1511 4583 1602 4622 servus
1627 4567 1683 4620 eius
1702 4581 1762 4620 cum
1778 4565 1914 4618 iuberetur

1108 4635 1182 4690 adire
1197 4635 1377 4700 hereditatem,
1396 4635 1467 4690 dicto
1485 4635 1596 4690 audiens
1613 4637 1667 4688 non
1685 4633 1751 4686 fuit?
1777 4633 1824 4686 sed
1841 4649 1913 4686 cour-

1108 4703 1243 4774 pellendus
1262 4711 1302 4760 est
1319 4717 1410 4758 sersus
1427 4705 1479 4758 hoc
1496 4701 1584 4756 facere
1601 4699 1713 4768 ideoque
1736 4699 1857 4756 dominus
1879 4699 1913 4756 ab

1109 4777 1125 4826 4
1158 4771 1283 4828 intestato
1305 4771 1413 4828 remens
1434 4769 1528 4824 incidit
1549 4771 1578 4822 iu
1601 4767 1725 4822 edictum.
1761 4767 1808 4822 Sin
1824 4775 1913 4824 autem

1108 4855 1158 4894 nec
1182 4843 1339 4896 certioratus
1363 4843 1404 4894 est
1426 4837 1548 4894 dominns
1571 4853 1587 4890 a
1610 4851 1685 4890 serto
1698 4841 1729 4890 ‘et
1745 4843 1839 4906 postea
1857 4837 1915 4906 ipse

1109 4909 1143 4962 ab
1160 4909 1287 4964 intestato
1304 4905 1423 4976 possedit
1439 4903 1621 4970 hereditatem,
1640 4919 1693 4958 non
1707 4903 1786 4960 debet
1798 4905 1914 4962 incidere

1108 4981 1122 5030 5
1158 4977 1186 5030 in
1210 4975 1338 5040 edictum,
1361 4975 1413 5028 nisi
1436 4973 1459 5026 si
1481 4971 1557 5040 fingit
1579 4973 1763 5040 ignorantiam.
1799 4975 1828 5028 Si
1850 4991 1912 5044 pro·

261 5053 286 5092 se
301 5039 427 5118 signasse:
445 5041 552 5110 publice
570 5041 639 5096 enim
656 5039 763 5110 expedit
780 5055 904 5110 suprema
921 5041 1057 5098 hominum
1106 5049 1224 5114 ponatur
1240 5043 1309 5098 idern
1326 5047 1353 5096 et
1369 5041 1508 5096 institutus
1526 5045 1555 5098 et,
1569 5041 1727 5096 substitutus
1750 5047 1776 5098 et
1793 5049 1909 5112 praeter-

260 5105 350 5162 indrcia
366 5107 465 5164 exitum
480 5109 588 5164 habere.

273 5171 308 5254 ,t
330 5173 472 5232 Uarianos
485 5177 553 5234 libro
572 5175 794 5248 quinquepertitae
812 5175 980 5232 adsultatum
1006 5177 1059 5234 Sed

261 5255 281 5320 st
296 5245 376 5298 maior
392 5261 453 5314 pars
471 5245 634 5314 signatorum
650 5245 732 5300 hrerit
746 5245 861 5310 inuenta,
879 5245 980 5314 poterit
992 5247 1057 5316 ipsis

260 5313 484 5369 ntemenientibos
502 5313 629 5384 resignari
645 5319 834 5370 testamentum
851 5317 878 5368 et
894 5315 1010 5368 temtari

263 5481 291 5546 (1)
307 5485 432 5534 accederat
441 5485 661 5552 delegatorumqua
670 5487 696 5538 F

294 5551 326 5616 (ι)
343 5553 402 5604 sot.
411 5565 468 5608 rar.
479 5563 499 5606 e.
510 5567 538 5616 ες
552 5557 602 5608 Ed.
612 5569 631 5608 s.
643 5569 663 5608 ι.
674 5567 747 5608 aaa.
760 5585 795 5596 -·
812 5557 873 5608 Bm.
884 5557 925 5618 st,
938 5565 960 5608 t.
969 5583 1004 5594 -·-
1020 5557 1059 5624 Cs.

267 5617 319 5670 eon.
330 5623 352 5680 6,
362 5631 388 5674 61
437 5625 470 5688 (6)
484 5641 549 5690 pars
559 5631 571 5684 t
581 5623 675 5676 1=D.
686 5629 709 5688 2,
719 5635 750 5688 tt,
762 5635 774 5678 t
825 5627 857 5688 (1)
875 5623 1031 5692 despiciendi
1040 5627 1068 5676 F

266 5687 294 5752 (5)
311 5689 408 5740 alterF
457 5693 489 5754 (6)
507 5691 535 5742 id
544 5693 590 5744 del.
643 5697 675 5758 (1)
694 5693 870 5758 quidquidaer.
924 5695 956 5758 (8)
974 5695 1060 5758 etiarn]

265 5769 342 5808 esser.
425 5761 456 5824 (9)
475 5759 582 5812 flerir'rrs.
594 5763 759 5826 dettqmdom
841 5765 885 5828 (ιο)
904 5779 956 5812 rem
964 5763 1060 5812 remitti

1107 5113 1209 5168 miserit
1219 5109 1418 5174 institutionem,
1433 5125 1468 5164 an
1478 5107 1580 5162 incidat
1589 5109 1617 5162 in
1630 5109 1752 5176 edictum,
1767 5113 1912 5180 quaeritur.

1109 5185 1135 5236 et
1151 5197 1206 5236 non
1222 5185 1287 5248 puto
1304 5177 1435 5256 incidere,
1460 5177 1536 5246 quasi
1554 5181 1667 5234 testator
1682 5179 1753 5236 banc
1770 5179 1795 5236 ei
1813 5179 1914 5236 dederit

1109 5251 1124 5302 6
1159 5249 1320 5312 formatem,
1339 5261 1385 5314 qur
1403 5261 1463 5300 eum
1476 5245 1620 5302 substituit.
1646 5247 1860 5304 Praemrmittere
1874 5251 1915 5304 est

1109 5333 1218 5372 oausam
1234 5313 1400 5378 testamenti,
1424 5313 1446 5368 si
1463 5315 1521 5382 quis
1538 5317 1715 5386 repudiaverit
1731 5317 1912 5374 hereditatem.

1110 5489 1238 5542 Ruoktrus
1316 5489 1357 5550 (11)
1376 5487 1624 5544 dealmairaBlome
1705 5493 1747 5558 (11)
1766 5491 1809 5554 sit]
1820 5493 1911 5542 estscr.

1112 5553 1356 5676 {fflssbpr'euirisca
1417 5561 1462 5627 (11)
1479 5559 1729 5628 ιιιιιιιιιθιιιρῙιιιιιΡηε
1787 5559 1833 5626 (ts)
1850 5559 1914 5608 fate-

1145 5695 1191 5758 (11)
1209 5693 1337 5746 Sob.1...r.
1353 5705 1372 5746 a
1390 5707 1568 5762 s...1o.1a...ra;
1586 5701 1634 5750 Ed.
1645 5713 1665 5754 s.
1676 5711 1695 5750 r.
1706 5707 1734 5750 n.
1745 5707 1779 5750 rr.
1790 5705 1830 5756 aar
1850 5693 1911 5760 Pap.

1112 5773 1243 5816 1611-
1253 5763 1316 5816 Bas.
1327 5767 1367 5830 35,
1376 5775 1409 5818 rs.
1418 5795 1452 5806 -
1467 5767 1645 5834 01666631
