4384 6266
253 397 294 446 DE
314 395 403 442 Dora
424 391 646 440 sannuncurt

253 563 362 628 legatum
378 557 447 610 dotis
459 555 608 610 Falcidiam
622 569 771 622 passimam,
790 553 913 608 videlicet
929 553 994 620 quia
1010 551 1058 604 ad·

254 629 303 684 huc
322 629 461 680 constante
481 623 648 676 matrimonio
666 619 786 676 indebita
803 621 851 676 dos
868 621 974 674 videtur
990 619 1057 674 rele-

254 701 324 764 gata,
340 707 430 746 rerum
464 689 519 744 uod
536 689 659 742 Falcidia
674 689 800 754 reccidit,
817 689 847 740 in
863 687 981 742 familiae
997 687 1058 740 her·

254 759 390 818 oiscuudue
411 759 440 810 iu
469 757 510 812 cio
534 757 659 810 maritum
681 761 900 824 praecepturum,
932 753 1059 824 quemad-

254 829 354 884 modum
362 831 446 880 totam
458 823 548 878 dotem
558 821 732 892 praeciperet,
751 825 774 878 si
785 839 841 878 uon
851 825 921 876 esset
932 821 1059 890 relegata.

258 901 284 950 14
314 893 385 948 Mela
402 891 517 962 scripsit,
536 893 559 944 si
575 889 675 944 fundus
692 891 720 944 in
737 893 801 946 dote
818 891 1060 956 11111111111111111

256 965 416 1030 utlagatus,
440 975 502 1012 mox
525 959 684 1026 generaliter
707 959 756 1014 dos
777 959 909 1024 relegata,
932 957 1059 1022 11111111,

257 1039 283 1088 15
316 1029 362 1082 sed
386 1027 468 1082 semel
494 1025 586 1080 deberi
610 1025 730 1080 fundum.
770 1023 873 1078 Ibidem
896 1023 969 1076 Mela
996 1041 1060 1078 eon-

254 1097 346 1166 iungit,
369 1095 392 1148 si
415 1093 514 1148 laudus
537 1093 568 1154 iux
590 1093 653 1148 dote
674 1093 725 1148 fuit
747 1093 854 1148 locamus
878 1105 896 1142 a
911 1091 1007 1146 marito
1025 1091 1060 1144 ad

257 1173 349 1224 certum
365 1167 485 1230 tempus,
510 1177 621 1214 uxorem
642 1177 697 1214 nou
720 1161 786 1214 alias
809 1157 922 1212 fundum
944 1175 977 1212 eu
992 1159 1060 1214 rele-

257 1235 355 1304 gatione
372 1229 511 1298 consequi,
530 1245 610 1298 quam
627 1229 651 1280 si
668 1229 767 1282 caverit
783 1241 813 1280 se
829 1241 971 1296 passuram
988 1227 1060 1280 colo-

258 1315 315 1356 num
331 1297 392 1362 frui,
410 1295 551 1352 dummodo
568 1297 629 1364 ipsa
645 1295 787 1364 pensiones
804 1295 944 1364 pereipiat.

287 1365 305 1424 2
326 1365 470 1418 Uarianos
484 1363 552 1418 libro
569 1365 664 1432 quinto
681 1363 894 1432 disputationum
924 1361 991 1414 Cum
1002 1361 1061 1430 quis

257 1433 327 1490 uxori
344 1447 409 1486 suae
428 1433 516 1486 dotem
533 1433 635 1498 relegat
651 1429 765 1500 fideique
783 1429 952 1484 commissum
974 1429 1008 1484 ab
1029 1445 1062 1482 ea

257 1501 382 1568 relinquit,
400 1501 452 1554 hoc
469 1499 702 1554 fideicommissum
719 1513 752 1552 ex
770 1497 917 1562 commodo,
939 1497 1011 1566 quod
1029 1511 1062 1550 ex

257 1569 411 1636 relegatione
427 1569 521 1622 mulier
539 1567 634 1630 sentit,
653 1565 849 1630 aestimabitur,
869 1565 950 1620 etita
968 1565 1062 1620 delam

259 1653 356 1710 quoque
375 1637 444 1690 libro
468 1635 591 1690 ucesimo
616 1635 777 1702 digestorum
800 1635 915 1702 scripsit.
951 1631 1064 1702 quodsi

259 1705 417 1760 necessariae
433 1703 542 1758 luerunt
557 1703 707 1772 impensae,
731 1717 800 1772 quae
821 1701 881 1770 ipso
898 1703 957 1756 iure
973 1701 1063 1758 dotem

259 1775 386 1838 minuunt,
415 1773 527 1842 amplius
551 1771 604 1826 dici
626 1775 729 1838 potest,
756 1771 780 1826 si
806 1773 901 1824 tanta¹
927 1771 1062 1838 quantitas

260 1841 328 1904 dctis,
347 1855 427 1910 qnam
443 1841 554 1894 maritus
572 1839 684 1908 accepit,
703 1839 858 1908 eirelegata
872 1843 921 1904 est,
940 1843 1063 1906 oportere

260 1907 307 1964 dici
318 1909 396 1962 etiam
410 1925 469 1962 eam
482 1907 658 1976 quantitatem
669 1923 749 1976 posse
758 1905 992 1960 fideicommissum
1004 1919 1062 1958 ero-

260 1977 342 2046 11111,
366 1991 435 2044 quae
457 1977 516 2044 ipso
534 1977 593 2030 iure
609 1975 697 2030 dotem
714 1975 822 2028 minuit:
842 1989 900 2028 esse
917 1973 987 2028 euim
1004 1989 1062 2026 mu·

259 2045 341 2098 lierem
363 2043 518 2112 legatariarn
541 2057 617 2096 nemo
642 2049 682 2098 est
704 2043 750 2110 qui
771 2043 884 2096 dubitet.
920 2039 968 2096 sed
991 2045 1018 2096 et
1040 2039 1064 2094 si

260 2127 308 2166 uon
324 2111 384 2178 dos,
409 2111 456 2166 sed
497 2125 527 2164 ro
545 2109 608 2164 dote
630 2111 729 2180 aliquid
745 2111 824 2164 uxori
840 2109 921 2162 luerit
937 2109 1063 2176 legatum,

260 2179 339 2232 adhuc
367 2179 444 2248 quasi
470 2129 517 2232 ihs
544 2179 661 2246 relegata
686 2177 825 2246 accipitur.
865 2177 918 2232 hoc
949 2175 1063 2246 amplius

261 2245 372 2300 luhauus
389 2245 510 2316 scripsit,
536 2245 585 2300 etsi
605 2261 660 2300 non
682 2245 764 2298 fuerit
785 2245 918 2300 adiectum
935 2261 984 2312 pro
1001 2243 1065 2298 dote

261 2327 313 2368 esse
329 2315 452 2382 legatum,
470 2315 522 2366 hoc
539 2319 630 2366 11111111
647 2313 733 2366 animo
750 2313 881 2378 relictum,
901 2311 990 2366 adhuc
1009 2311 1065 2366 eius

261 2397 313 2436 esre
335 2381 511 2438 condicionis
541 2397 610 2436 uxor
632 2381 714 2450 igitur
735 2381 759 2434 si
781 2385 889 2450 rogetur
910 2379 953 2434 vel
976 2379 1065 2434 dotem

261 2449 297 2504 rel
317 2449 387 2516 quod
410 2465 459 2518 pro
482 2447 545 2504 dote
566 2449 683 2516 legatum
707 2453 747 2504 est
770 2449 813 2504 rel
836 2447 908 2516 quod
930 2447 1065 2502 invicem

262 2515 323 2570 dotis
340 2517 381 2570 ei³
398 2517 561 2586 adscriptum
579 2523 620 2570 est
636 2517 790 2582 restituere,
814 2531 869 2570 non
887 2519 997 2582 cogetur
1013 2515 1065 2570 nisi

261 2589 378 2648 eamnus,
400 2591 532 2654 quatenus
550 2583 672 2648 diximus,
689 2585 843 2638 restituere:
867 2589 894 2636 et
909 2583 969 2636 ideo
987 2585 1065 2644 heres

261 2651 375 2706 instituta
391 2657 539 2722 rogataque
556 2651 732 2720 quantitatem
752 2651 907 2706 hereditatis
924 2651 1065 2706 restituere

261 2719 285 2774 id
294 2719 395 2774 demum
402 2721 532 2784 restituet,
551 2719 623 2786 quod
635 2721 810 2788 quantitatem
824 2719 892 2772 dotis
906 2717 1012 2774 excedit
1025 2717 1065 2774 id·

262 2803 308 2858 que
323 2787 394 2856 quod
412 2803 444 2842 ex
463 2787 713 2856 repraesentationis
731 2785 869 2842 commodo
888 2789 977 2840 sentit.
1002 2803 1065 2840 nam

262 2861 286 2910 et
301 2855 321 2910 si
336 2855 402 2924 quis,
422 2873 482 2908 curu
497 2871 513 2908 a
528 2871 598 2908 nuru
613 2855 701 2910 dotem
715 2855 871 2924 accepisset,
887 2853 972 2908 lilium
986 2871 1065 2908 suum

261 2923 378 2978 heredem
400 2921 545 2976 instituerit
567 2939 679 2992 eumque
701 2923 848 2990 rogaverit,
878 2921 1006 2990 quidquid
1031 2921 1065 2976 ad

263 3005 316 3044 eum
332 3005 365 3044 eu
382 2991 529 3044 hereditate
545 2991 715 3058 pervenisset,
732 2991 882 3052 restituere,
900 3005 963 3042 mox
980 2993 1066 3044 morte

263 3059 363 3112 uxoris⁴
382 3057 470 3110 dotem
483 3057 565 3110 fuerit
578 3057 707 3122 lucratus,
725 3057 753 3110 id
767 3073 822 3110 non
836 3057 977 3110 restitnet⁵
994 3057 1067 3124 quod

263 3143 293 3180 ex
308 3125 368 3178 dote
383 3125 516 3194 percepit,
540 3125 602 3192 quia
623 3125 781 3178 matrimonii
803 3137 885 3176 eausa
901 3123 928 3176 id
945 3125 1065 3178 lucratus

308 3197 356 3256 est,
374 3209 426 3246 non
444 3209 477 3246 ex
494 3193 578 3260 patris
592 3191 698 3246 iudicio.
723 3191 822 3246 Mulier
839 3189 928 3244 dotem
963 3191 1066 3244 romisit

264 3261 507 3332 quadringentorum
533 3263 560 3312 et
586 3259 657 3314 dedit
677 3257 776 3314 fundos
800 3259 867 3314 duos
889 3257 918 3312 in
941 3207 1065 3326 habenta,

263 3334 393 3400 praeterea
425 3329 533 3382 nomina
565 3329 714 3382 debitorum
742 3329 771 3382 in
799 3325 908 3380 residua
935 3325 1064 3380 ducenta:

264 3415 320 3452 mox
335 3395 445 3450 maritus
464 3397 519 3450 eius
539 3395 668 3450 decedens
686 3411 735 3464 pro
753 3393 816 3448 dote
832 3393 930 3446 fundos
954 3395 978 3448 ei
998 3395 1065 3448 duos

264 3483 312 3520 non
329 3479 388 3530 eos,
413 3479 479 3532 quos
496 3463 525 3516 in
542 3463 630 3518 dotem
648 3467 801 3530 acceperat,
821 3461 927 3530 rehquit
944 3467 972 3514 et
987 3479 1064 3530 prae·

265 3539 331 3588 terea
348 3533 414 3584 duos
431 3533 489 3586 illos
508 3529 624 3598 dotales,
650 3545 715 3598 quos
739 3531 893 3584 aestimatos
914 3535 1065 3596 acceperat,

266 3601 381 3668 reliquit⁶
398 3599 511 3668 fideique
530 3599 585 3652 11111
604 3597 747 3662 commisit,
770 3603 814 3662 ut,
838 3595 965 3664 quidquid
986 3597 1067 3650 adse

266 3685 295 3722 ex
308 3667 450 3724 hereditate
465 3667 521 3720 eius
537 3667 707 3734 pervenisset,
725 3665 752 3718 id
766 3665 919 3720 restitueret
931 3663 990 3718 Seio
1007 3681 1066 3718 cum

266 3741 417 3792 moreretur:
442 3735 631 3804 quaerebatur,
654 3739 781 3812 quantum
800 3737 870 3788 esset
886 3731 914 3784 in
930 3731 1065 3786 fideicom-

266 3805 338 3860 missa
353 3803 461 3856 muliere
474 3801 608 3856 defuncta.
637 3801 756 3868 dicebam
774 3815 884 3854 uxorem
900 3799 980 3864 hanc,
998 3815 1067 3868 quae

266 3877 352 3940 rogata
368 3877 417 3936 est,
441 3867 568 3938 quidquid
586 3869 620 3922 ad
637 3883 666 3922 se
683 3869 831 3948 pervenerit
849 3883 882 3920 ex
897 3871 1066 3932 testamento,

266 3941 405 4004 restituere,
422 3939 450 3992 in
468 3953 500 3992 ea
517 3953 576 3992 esse
593 3935 756 4000 condiamus,
774 3941 805 3990 ut
822 3933 849 3988 id
867 3935 972 3988 demum
988 3935 1066 3988 resti-

266 4011 333 4062 tuere
350 4013 465 4076 rogetur‚
483 4003 555 4074 quod
572 4005 684 4058 deducta
701 4005 771 4058 dotis
789 4003 939 4074 quantitate
956 4001 990 4056 ad
1009 4017 1067 4056 eam

266 4075 390 4142 pervenit:
421 4073 509 4128 dotem
539 4073 609 4126 enim
636 4073 768 4142 recepisse
794 4087 852 4126 eam
878 4071 960 4138 magis
988 4085 1067 4136 quam

267 4145 402 4210 accepisse,
425 4141 498 4196 salvo
523 4157 561 4204 eo,
588 4139 658 4210 quod
676 4157 709 4194 ex
726 4139 864 4194 commodo
882 4153 911 4192 re
930 4143 1065 4190 111111111-

266 4211 339 4264 tionis
362 4211 396 4262 ab
420 4225 452 4264 ea
473 4207 663 4262 fideicommitti
684 4207 780 4276 potuit.
821 4205 898 4276 proin
918 4223 933 4260 e
956 4205 984 4258 id
1008 4205 1067 4272 qui-

268 4277 328 4344 dem,
347 4277 417 4346 quod
433 4293 481 4346 pro
499 4275 561 4330 dote
578 4277 687 4328 maritus
704 4275 729 4328 ei
744 4275 864 4344 reliquit,
886 4289 941 4328 nou
959 4277 1068 4340 cogetur

267 4347 412 4412 restituere,
434 4345 485 4400 nisi
508 4343 567 4412 plus
590 4343 642 4398 fuit
665 4343 695 4396 in
717 4359 749 4398 eo
771 4359 852 4412 quam
873 4343 902 4394 iu
919 4341 1068 4412 quantitate

269 4413 343 4468 dotis:
373 4413 506 4468 residuum
527 4427 604 4478 vero,
631 4411 702 4478 quod
724 4417 862 4480 praeterea
884 4409 923 4464 illi
945 4409 1067 4464 relictum

269 4487 311 4546 est,
329 4499 388 4536 cum
404 4481 537 4534 fructibus
554 4483 663 4548 cogetur
678 4481 826 4532 restituere.
861 4477 972 4532 habebit
987 4477 1068 4546 igitur

268 4549 430 4616 praecipuam
447 4549 535 4602 dotem
552 4563 613 4600 cum
630 4547 684 4600 suis
701 4547 847 4602 1111111111
865 4545 893 4598 id
905 4561 978 4610 vero,
996 4545 1068 4614 quod

269 4619 425 4670 extrinsecus
447 4617 471 4670 ei
493 4613 614 4668 relictum
638 4619 690 4682 est,
714 4631 774 4670 cum
797 4613 943 4680 fructibus,
967 4615 1014 4682 qui
1033 4613 1068 4668 ad

269 4697 321 4736 eam
337 4685 511 4754 pervenerint,
528 4683 658 4736 restituet.

299 4747 315 4808 3
341 4751 483 4808 Ivarrros
511 4749 579 4806 libro
611 4751 745 4820 tripesimo
772 4753 871 4820 quarto
903 4749 1068 4820 clipeatorum

269 4817 316 4884 11111
335 4821 373 4874 ita
394 4821 465 4888 legat
482 4817 559 4874 uxori
577 4833 654 4872 suae:
679 4817 774 4872 ‘litiae
791 4817 904 4886 amplius
922 4833 1002 4886 quam
1020 4817 1067 4872 do·

270 4889 327 4940 ‘tem
344 4903 438 4944 aureos
455 4893 496 4942 tot
512 4889 588 4940 heres
605 4901 678 4940 meus
697 4884 807 4940 damnas
827 4889 884 4940 esto
908 4883 989 4952 dare’,
1012 4901 1068 4940 ma·

270 4955 374 5012 nilestus
393 4961 433 5010 est
451 4955 539 5010 dotem
555 4969 660 5024 quoque
676 4955 816 5022 relegasse.

300 5021 318 5078 t
336 5025 501 5078 Assinaros
515 5021 583 5078 libro
601 5023 694 5094 quinto
712 5021 897 5090 quaestionum
933 5021 1069 5078 (11111111-

269 5091 321 5154 gari
337 5093 414 5146 modo
431 5091 486 5144 dies
503 5090 649 5158 legatorum
671 5089 821 5160 profertur,
843 5087 910 5144 nihil
932 5105 992 5144 eam
1013 5107 1070 5146 rem

269 5155 383 5278 hdhdohs
400 5157 587 5228 relegationem
602 5159 734 5228 pertinere
750 5157 802 5224 ait,
827 5155 889 5226 quia
906 5171 984 5212 suum
1001 5159 1070 5214 diem

288 5237 369 5280 aaa.

301 5289 691 5350 511111111111111
714 5291 870 5366 repuleram
909 5291 981 5348 Dote
1003 5295 1070 5348 rele-

270 5363 328 5434 gata
344 5377 398 5416 uon
414 5363 547 5416 osthenes
565 5361 719 5428 audiendus,
740 5363 766 5418 si
779 5361 843 5416 velit
859 5361 893 5414 oh
912 5359 1071 5418 donationes

270 5439 296 5476 1n
311 5429 443 5484 mulierem
460 5429 546 5484 lactas
564 5429 721 5486 solutionem
738 5429 843 5486 differre
859 5429 901 5482 vel
919 5429 953 5480 ob
968 5429 1070 5498 impen-

271 5505 312 5548 sas
329 5497 403 5564 alias,
420 5513 500 5566 quam
516 5513 585 5568 quae
597 5497 656 5568 ipso
669 5499 728 5552 iure
742 5499 831 5554 dotem
843 5495 979 5550 minuam:
997 5497 1072 5552 aliud

1051 363 1116 434 465

1730 351 1917 416 xxxma

1109 551 1151 602 est
1168 545 1237 598 enim
1254 549 1382 602 minorem
1400 563 1458 602 esse
1475 545 1575 600 iactam
1592 539 1697 616 dotem,
1718 533 1790 614 quod
1805 547 1855 602 per
1870 549 1917 614 ne·

1110 613 1241 668 cassarius
1269 613 1401 682 impensas
1430 613 1542 680 1111111,
1571 607 1645 666 aliud
1670 617 1787 684 plgpops
1811 617 1919 656 nomme

1109 679 1217 736 retineri
1238 679 1327 734 dotem
1351 681 1385 734 ob
1409 699 1453 748 ea,
1475 695 1545 750 quae
1561 677 1697 734 1111111111
1712 683 1917 740 1111111111-

1109 755 1182 804 stare
1200 763 1315 816 aequum
1331 751 1380 800 est.

1145 811 1164 874 6
1187 815 1287 870 imno
1312 815 1380 870 libro
1404 815 1521 872 secundo
1542 817 1725 888 posteriorum
1749 827 1767 866 o
1789 803 1917 862 Iauoleno

1109 885 1315 956 epitomatorem
1356 881 1423 934 (lum
1445 883 1572 952 scriptum
1595 889 1679 940 esset:
1706 887 1783 952 ‘quae
1805 875 1919 944 pecunia

1111 955 1230 1022 ‘propter
1253 965 1363 1006 uxorem
1387 965 1474 1004 meam
1499 949 1535 1004 ad
1559 967 1601 1004 me
1625 953 1697 1006 venit
1719 945 1918 1022 quinquaginta,

1112 1017 1277 1076 ‘tantundem
1301 1033 1350 1088 pro
1375 1033 1407 1072 ea
1431 1015 1493 1074 dote
1511 1017 1588 1070 heres
1606 1035 1679 1074 meus
1697 1019 1777 1086 dato’,
1801 1013 1919 1084 quamvis

1111 1085 1288 1158 qnadraginta
1310 1085 1381 1140 dotis
1402 1085 1531 1162 fuissem,
1554 1089 1643 1140 tumen
1666 1083 1855 1158 quinquaginta
1873 1081 1918 1136 de·

1110 1157 1175 1212 bere
1190 1153 1303 1208 Alienus
1317 1153 1406 1208 Varus
1418 1153 1536 1208 Seruum
1553 1153 1720 1222 respondisse
1736 1151 1839 1218 scribit,
1857 1151 1920 1220 quia

1113 1231 1124 1280 t
1161 1223 1300 1292 proposita
1322 1237 1427 1276 summa
1445 1219 1637 1290 quinquaginta
1652 1223 1758 1278 adiecta
1775 1225 1818 1280 sit.
1852 1221 1920 1274 Item

1111 1295 1150 1358 ei,
1174 1305 1243 1358 quae
1265 1289 1353 1346 dotem
1376 1289 1477 1344 nullam
1497 1287 1629 1352 habebat,
1654 1289 1693 1340 vir
1716 1307 1754 1346 arc
1770 1293 1917 1360 legaverat:

1112 1355 1917 1498 :sumseratsttruttstmtaaurat

1112 1497 1218 1562 celim,
1238 1495 1301 1550 item
1319 1499 1345 1550 ct
1363 1493 1446 1550 Servii
1463 1491 1598 1548 auditores
1614 1491 1788 1548 rettulerunt:
1811 1493 1920 1562 perinde

1111 1563 1263 1620 habendum
1286 1577 1344 1618 esse
1367 1577 1399 1616 ac
1423 1561 1446 1616 si
1465 1575 1556 1616 servum
1574 1559 1653 1616 alicui
1669 1563 1789 1614 mortuus
1806 1569 1854 1616 aut
1889 1579 1918 1616 ro

1113 1649 1144 1688 eo
1163 1639 1269 1686 11111111
1285 1631 1374 1700 legata
1390 1635 1487 1688 esseut.
1523 1629 1594 1698 quod
1610 1643 1701 1684 verum
1718 1631 1773 1692 est,
1796 1629 1857 1696 quia
1871 1577 1920 1684 his

1112 1701 1201 1822 vhhis
1224 1715 1278 1754 non
1301 1699 1350 1754 dos
1371 1699 1446 1768 ipsa,
1472 1697 1520 1756 sed
1542 1713 1590 1766 pro
1614 1697 1676 1752 dote
1697 1697 1812 1766 pecunia
1833 1697 1921 1766 legata

1112 1787 1138 1824 u
1157 1785 1225 1824 eur.

1148 1833 1166 1892 7
1191 1835 1377 1892 Parrrrrrrss
1399 1835 1467 1892 libro
1492 1837 1585 1888 octavo
1609 1831 1710 1888 docimo
1736 1833 1921 1904 quaestionum

1113 1905 1196 1958 Pater
1213 1905 1301 1958 dotem
1317 1919 1335 1958 a
1352 1921 1422 1958 nuru
1439 1911 1577 1970 acceptam
1598 1901 1653 1956 filio
1671 1899 1831 1954 exheredato
1849 1899 1921 1966 lega-

1113 1973 1163 2026 vit:
1187 1973 1264 2026 heres
1286 1973 1371 2040 patris
1394 1969 1519 2042 opposita
1543 1969 1596 2024 doli
1618 1969 1773 2038 exceptione
1789 1983 1844 2020 nou
1860 1973 1923 2022 ante

1113 2037 1216 2094 solvere
1232 2041 1348 2108 legatum
1366 2039 1500 2108 cogendus
1519 2045 1566 2102 est,
1584 2037 1704 2106 quamsi
1722 2041 1830 2090 cautum
1844 2033 1923 2088 luerit

1116 2113 1129 2162 t
1165 2107 1199 2160 de
1214 2105 1386 2178 indemnitate
1403 2109 1490 2162 soluto
1508 2105 1683 2160 matrimonio.
1719 2101 1819 2168 Sertei,
1836 2103 1922 2172 prius-

1115 2189 1195 2244 quam
1217 2175 1333 2242 legatum
1355 2175 1410 2228 filio
1434 2175 1593 2238 solveretur,
1620 2173 1714 2228 mulier
1736 2171 1826 2226 dotem
1847 2185 1923 2224 suam

1114 2247 1131 2296 2
1164 2243 1220 2296 reci
1241 2243 1337 2306 enavit,
1360 2243 1461 2296 frustra
1481 2239 1554 2294 filius
1571 2241 1605 2294 de
1622 2242 1709 2308 legato
1727 2245 1797 2308 aget.
1832 2237 1924 2294 Sedsi

1114 2311 1159 2366 lex
1181 2259 1302 2364 Fehcidia
1326 2309 1416 2364 locum
1437 2311 1467 2364 in
1488 2309 1575 2378 legato
1598 2309 1669 2364 dotis
1692 2309 1818 2388 adversus
1841 2303 1924 2360 filium

1115 2377 1305 2434 exheredatum
1329 2379 1453 2432 habuerit
1478 2381 1506 2432 et
1530 2377 1623 2432 mulier
1652 2377 1809 2432 solutionem
1838 2381 1923 2428 ratam

1115 2447 1223 2512 fecerit,
1246 2449 1356 2516 propter
1379 2461 1437 2498 eam
1460 2447 1647 2516 quantitatem,
1673 2461 1752 2514 quam
1769 2445 1923 2498 1111111111-

1115 2515 1218 2580 nuent,
1241 2513 1313 2568 utilis
1337 2513 1407 2568 actio
1428 2513 1497 2568 dotis
1515 2513 1540 2568 ei
1557 2513 1672 2568 dabitur.
1724 2513 1780 2566 uod
1797 2511 1924 2564 stratum

1115 2599 1170 2660 non
1192 2581 1304 2648 habeat,
1332 2579 1438 2636 defendi
1461 2579 1566 2662 quidem
1589 2579 1697 2660 debebit
1739 2593 1837 2658 ereata
1859 2577 1923 2658 siro,

1115 2647 1924 2796 111,11111ῗ111111111;1111111111

1115 2801 1149 2840 ea
1166 2785 1326 2854 quantitate,
1345 2799 1413 2852 quae
1428 2785 1487 2840 iure
1502 2783 1638 2838 Falcidiae
1655 2783 1786 2852 petenda⁷
1804 2787 1858 2846 est,
1877 2783 1923 2836 ad-

1118 2861 1133 2910 3
1167 2867 1259 2906 uersus
1276 2853 1401 2906 heredem
1419 2851 1534 2906 dabitur.
1564 2851 1617 2906 Sed
1633 2853 1664 2918 si,
1681 2853 1837 2922 priusquam
1853 2849 1923 2918 lega·

1115 2927 1173 2974 tum
1190 2919 1245 2974 filio
1262 2921 1423 2986 solveretur,
1441 2919 1536 2972 mulier
1553 2919 1669 2984 divertit,
1691 2935 1769 2988 quam
1787 2933 1849 2972 uam
1865 2917 1926 2984 ipsa

1116 2985 1235 3042 nondum
1256 2987 1428 3056 praecipere⁸
1451 2987 1540 3040 dotem
1560 2987 1659 3054 possit,
1682 3003 1737 3042 non
1759 2937 1818 3040 iheu
1836 2989 1925 3038 tamen

1117 3055 1187 3110 11111
1204 3053 1251 3106 filii
1268 3053 1401 3108 differtur:
1420 3053 1483 3122 quia
1499 3057 1563 3106 tunc
1580 3053 1664 3108 udam
1682 3053 1774 3108 diebus
1788 3051 1843 3108 filio
1859 3053 1926 3106 solvi

1117 3123 1206 3176 dotem
1221 3137 1379 3190 responsum
1397 3127 1445 3186 est,
1465 3121 1608 3188 compatri
1625 3137 1674 3188 pro
1691 3125 1768 3188 parte
1784 3121 1860 3174 heres
1880 3133 1924 3172 ex-

1117 3189 1185 3244 stitit
1207 3193 1235 3242 et
1256 3187 1292 3242 ad
1313 3189 1529 3258 praeceptionem
1552 3185 1623 3246 dotis,
1643 3187 1731 3242 soluto
1748 3185 1924 3250 matrimonio,

1115 3263 1132 3312 4
1166 3261 1307 3326 postquam
1329 3257 1407 3318 heres
1430 3255 1543 3320 exstidt,
1567 3255 1700 3308 admissus
1723 3261 1771 3310 est.
1807 3253 1836 3308 Si
1856 3253 1926 3308 forte

1136 3341 1164 3378 er
1181 3339 1296 3378 errorem
1314 3325 1401 3378 cautio
1421 3323 1581 3378 defensionis
1595 3323 1691 3376 omissa
1705 3323 1740 3378 sit
1755 3327 1829 3378 etex
1844 3335 1926 3374 causa

1115 3343 1311 3446 fideicommissi
1339 3389 1410 3446 filius
1436 3389 1523 3446 dotem
1549 3389 1696 3458 acceperit,
1724 3395 1756 3444 ut
1777 3389 1926 3444 indebitum

1115 3459 1347 3514 fideicommissum
1361 3473 1416 3514 non
1427 3461 1605 3526 repeteretur:
1622 3457 1752 3512 cautionis
1766 3455 1835 3512 enim
1846 3471 1923 3524 prae·

1116 3527 1227 3582 standae
1250 3527 1394 3580 necessitas
1415 3525 1572 3580 solutionem
1587 3529 1721 3590 moratur,
1745 3541 1800 3578 non
1822 3523 1923 3578 indebi-

1116 3603 1173 3648 tum
1195 3593 1261 3648 facit
1278 3593 1349 3662 quod
1364 3593 1418 3646 fuit
1433 3593 1564 3648 debitum:
1588 3593 1636 3648 sed
1658 3609 1713 3646 non
1735 3593 1786 3646 erit
1806 3591 1926 3660 iniquum

1117 3669 1131 3716 5
1167 3661 1258 3716 heredi
1274 3661 1415 3716 subveniri.
1451 3659 1520 3728 Quid
1541 3675 1602 3728 ergo
1626 3659 1650 3714 si
1671 3659 1756 3728 patris
1777 3659 1854 3714 heres
1872 3659 1925 3714 sol·

1116 3727 1201 3784 vendo
1226 3745 1281 3784 nou
1307 3729 1360 3782 sit?
1400 3743 1488 3782 nonne
1518 3727 1588 3782 iuste
1616 3727 1720 3782 mulieri
1745 3725 1852 3782 dabitur
1878 3727 1925 3782 ad·

1116 3811 1207 3852 versus
1225 3797 1307 3850 virum
1325 3797 1397 3850 utilis
1416 3797 1485 3850 11111
1504 3795 1592 3852 dotis?
1627 3795 1669 3852 cui
1693 3795 1741 3850 dos
1783 3795 1849 3848 erire
1871 3809 1926 3848 non

1116 3863 1209 3986 ί11111111,
1233 3865 1295 3932 quia
1316 3881 1371 3918 non
1391 3863 1549 3932 interposuit
1568 3879 1616 3932 per
1634 3877 1749 3918 errorem
1763 3811 1844 3916 heres
1862 3877 1925 3916 cau-

1137 3947 1220 3986 onem.

1151 3995 1170 4056 8
1196 3997 1274 4054 11111
1301 3999 1369 4054 libro
1395 4001 1506 4070 septimo
1532 4013 1722 4066 responsorum
1765 3999 1813 4052 Vir
1841 3997 1926 4062 1111111,

1118 4081 1188 4136 quae
1204 4065 1292 4122 dotem
1305 4067 1335 4120 iu
1347 4067 1485 4136 mancipiis
1499 4067 1623 4130 habebat,
1641 4065 1783 4134 pecuniam
1799 4081 1848 4136 pro
1865 4065 1926 4120 dote

1116 4137 1262 4204 legaverat:
1295 4135 1353 4190 vivo
1382 4133 1438 4190 viro
1467 4133 1605 4202 mancipiis
1633 4133 1745 4188 mortuis
1772 4149 1839 4188 uxor
1864 4139 1927 4202 post

1116 4205 1203 4256 1111111
1223 4203 1278 4256 vita
1300 4201 1422 4256 decessit.
1463 4199 1498 4256 ad
1522 4199 1646 4258 heredem
1670 4201 1728 4256 eius
1754 4201 1824 4256 aetio
1846 4199 1927 4268 legati

1117 4275 1206 4392 rectgea
1220 4271 1422 4336 transmittitur,
1454 4267 1580 4340 quoniam
1609 4267 1697 4322 mariti
1722 4269 1845 4324 voluntas
1871 4283 1927 4322 ser·

1118 4355 1170 4394 van
1222 4345 1271 4396 est.

1152 4403 1172 4464 9
1196 4405 1277 4460 Iners
1298 4407 1365 4462 libro
1391 4409 1485 4462 octavo
1507 4421 1697 4476 reprobrorum
1737 4403 1831 4460 ‘Uxori
1853 4415 1927 4454 meae

1119 4475 1240 4532 ‘fundum
1253 4475 1440 4528 Cornelianum
1457 4473 1501 4534 11υ
1519 4487 1587 4544 quae
1603 4479 1720 4544 nuptura
1733 4467 1830 4552 optulit
1845 4469 1926 4546 aesti-

1119 4547 1200 4598 ι11111
1216 4543 1245 4596 in
1261 4541 1401 4612 speciebus
1418 4541 1522 4598 restitui
1538 4541 1616 4600 volo'.
1639 4541 1765 4610 respond:
1777 4553 1832 4592 nou
1845 4541 1926 4590 aesu-

1118 4615 1219 4666 matum
1226 4611 1367 4694 praedium
1376 4613 1404 4664 in
1416 4611 1504 4666 dotem
1517 4609 1607 4664 datum
1619 4613 1759 4676 exceptum
1770 4619 1824 4684 non
1835 4601 1925 4670 uidem,

1119 4679 1166 4736 sed
1188 4695 1311 4736 umrersa
1335 4679 1398 4734 dote
1419 4679 1603 4748 praelegens
1622 4693 1711 4736 rerum
1726 4675 1926 4752 aestimatorum

1118 4747 1233 4818 pretium
1249 4765 1304 4804 uon
1322 4749 1459 4814 relictum,
1483 4763 1573 4802 rerum
1595 4745 1667 4814 ipsas
1689 4757 1746 4808 res,
1770 4739 1863 4810 quales
1885 4757 1925 4800 m·

1118 4817 1278 4874 venireutuu

1156 4883 1194 4944 10
1212 4883 1364 4942 Scaevoia
1384 4887 1451 4944 libro
1469 4889 1561 4942 ocioso
1579 4881 1764 4952 quaestionum
1805 4877 1833 4934 Si
1850 4879 1927 4936 Seiae

1119 4971 1170 5026 pro
1187 4953 1250 5010 dote
1266 4961 1372 5014 centum
1388 4955 1488 5010 fundus
1498 4955 1518 4984 ¹¹
1540 4951 1644 5018 legatus
1661 4949 1696 5004 sit
1712 4949 1834 5018 idemque
1850 4949 1925 5008 Mae-

1120 5025 1177 5080 sio:
1195 5024 1266 5092 quod
1280 5023 1383 5080 Maesio
1399 5021 1521 5078 Falcidia
1538 5017 1632 5082 aufert
1650 5033 1700 5086 pro
1718 5033 1749 5072 eo
1767 5017 1843 5100 quasi
1862 5035 1925 5078 con-

1121 5107 1216 5148 cursus
1232 5109 1286 5146 nou
1301 5093 1391 5156 inerit,
1409 5091 1502 5144 mulier
1518 5087 1579 5156 plus
1595 5085 1718 5154 undeet,
1736 5103 1797 5158 qma
1812 5087 1926 5158 amplius

1121 5163 1157 5216 sit
1172 5159 1201 5214 in
1218 5159 1280 5216 dote
1295 5159 1419 5214 mrdieris.

1157 5225 1192 5284 11
1213 5225 1332 5282 Parrus
1346 5227 1413 5282 libro
1430 5223 1542 5294 septimo
1559 5237 1748 5294 responsorum
1786 5225 1848 5280 Seia
1866 5241 1925 5278 cum

1121 5297 1233 5352 nuberet
1244 5295 1328 5348 Lucio
1340 5293 1420 5358 Titio,
1433 5291 1505 5346 dedit
1517 5289 1585 5346 dotis
1595 5291 1702 5348 nomine
1712 5299 1816 5348 centum
1829 5307 1925 5348 aureos

1122 5369 1149 5420 et
1171 5363 1290 5418 adhibuit
1313 5361 1438 5428 Quintum
1460 5359 1592 5426 Mucium,
1616 5361 1661 5430 qui
1684 5361 1749 5416 nihil
1769 5361 1925 5426 numeravit,

1122 5431 1170 5486 sed
1186 5431 1273 5484 dotem
1290 5429 1433 5498 stipulatus
1452 5433 1505 5494 est,
1529 5429 1551 5484 si
1572 5435 1657 5486 morte
1674 5429 1791 5484 mulieris
1809 5429 1925 5484 solutum

1121 5497 1203 5552 fuerit
1217 5497 1421 5552 matrimonium.
1446 5495 1508 5552 Seia
1523 5499 1637 5552 moriens
1651 5501 1809 5552 testamento
1823 5511 1872 5552 suo
1886 5495 1926 5562 ita

272 5665 300 5728 (1)
317 5673 369 5720 tota
383 5687 432 5720 eum
447 5669 474 5722 B
488 5687 534 5720 scr.
637 5671 669 5732 (1)
687 5669 877 5720 fideicommisso
892 5669 988 5732 erogari
1004 5669 1067 5720 Hui.

273 5735 303 5798 (it
320 5737 375 5786 siF
451 5735 578 5802 (11111111.
659 5739 692 5800 (tt
709 5735 887 5788 restitueretF
956 5735 990 5798 (t)
1009 5735 1069 5786 reli·

274 5805 377 5878 quitdei.
388 5807 443 5858 dett.
517 5807 549 5870 tt)
567 5807 663 5858 retenta
674 5807 787 5858 Ceionius
860 5807 892 5870 (a)
911 5801 1071 5868 perciperes

1121 5669 1152 5730 [9)
1170 5665 1275 5716 lundam
1292 5665 1466 5720 Cornelianum
1483 5673 1508 5720 et
1525 5669 1569 5722 dei.

1121 5735 1161 5798 (ll)
1180 5735 1360 5800 quinquaginta
1372 5737 1415 5790 ina
1426 5739 1516 5806 Mespe

1691 5669 1734 5730 (10)
1753 5667 1863 5730 relegata
1877 5683 1924 5716 scr.

1689 5885 1722 5942 59
