4366 6258
282 353 482 422 XXXIIIIS

317 541 353 598 5¹
372 541 491 594 Pacius
506 539 574 594 libro
586 539 678 610 primo
691 539 725 592 de
738 541 798 594 iare
812 541 876 610 fisci
901 541 969 594 Post
979 539 1096 606 legatum

284 613 423 676 acceptum
436 623 489 660 non
503 613 608 660 tantum
620 607 712 660 licebit
721 607 846 664 falsuma
895 621 939 660 ere
950 611 1095 662 testamen·

283 679 353 740 tnm,
377 673 424 730 sed
448 679 475 728 et
497 689 552 728 non
572 673 630 728 iure
647 673 750 730 factum
767 681 862 730 conten
882 689 948 728 eres·
963 673 1095 728 inofficio-

286 747 297 794 t
332 757 392 798 snm
403 747 492 796 autem
501 739 588 796 dicere
597 757 652 796 non
660 745 830 810 permittitur.
848 743 903 808 ille,
917 741 963 820 qui
973 743 1095 796 noniure

284 809 385 862 factum
404 809 539 864 contendit
555 823 605 862 nec
623 811 750 878 optinuit,
773 829 829 866 non
845 809 983 878 repellitur
1004 811 1039 862 ab
1062 823 1094 864 eo

285 877 356 946 qnod
372 877 482 932 meruit:
511 877 594 946 ergo²
629 877 657 930 ni
674 879 791 950 legatum
807 883 915 934 secutus
932 881 1028 946 postea
1044 877 1106 930 fal·¹

284 961 343 1000 sum
361 945 435 1010 dixit,
453 945 574 1000 amittere
591 943 623 1000 de
643 947 698 1000 ebit
714 949 786 1016 qnod
804 949 964 1000 consecutus
983 951 1031 1000 est.
1062 945 1095 1000 de

284 1027 315 1066 eo
339 1027 401 1066 vero
425 1013 471 1082 qui
485 1013 602 1080 legatum
625 1029 690 1070 acce
707 1015 743 1084 it,
767 1015 789 1070 si
812 1017 890 1080 neget
912 1013 971 1066 iure
994 1013 1095 1068 factum

284 1095 344 1136 esse
368 1085 570 1148 testamentum,
599 1081 673 1138 dirus
719 1085 759 1138 'us
782 1081 821 1134 ita
843 1081 995 1150 rescripsit:
1024 1083 1095 1150 ‘cog-

285 1147 369 1202 ‘nactii
386 1147 531 1216 Sophronis
548 1149 612 1204 lieet
629 1152 663 1205 ab
680 1149 777 1204 herede
794 1147 916 1204 instituto
934 1153 1096 1218 acceperant

287 1217 392 1284 legata,
409 1221 506 1282 tamen,
523 1217 588 1272 siis
605 1219 661 1274 eius
680 1217 843 1274 condicionis
860 1215 942 1270 fuerit
962 1217 1043 1282 risus,
1065 1221 1104 1272 ut'

284 1285 413 1354 ‘optinere
429 1285 606 1340 hereditatem
622 1303 675 1342 non
691 1285 788 1354 possit,
806 1287 833 1336 et
848 1283 907 1338 iure
923 1285 1044 1338 intestati
1058 1285 1096 1338 -ad

284 1355 339 1406 ‘ecs
358 1355 484 1420 cognatos
523 1353 636 1432 eminet,
656 1361 748 1432 petere
769 1351 944 1408 hereditatem
959 1351 1019 1432 ipso
1036 1351 1096 1406 iure

284 1421 1097 1556 ttitali..ttalfbtttfltttlt’matta

284 1559 299 1606 2
336 1555 504 1610 ‘stituendum
527 1557 595 1612 erit'.
636 1555 766 1610 Amittere
787 1553 816 1606 id
839 1553 912 1624 quod
934 1559 1095 1626 testamento

284 1623 380 1678 meruit
397 1629 423 1678 et
440 1639 500 1680 eum
521 1625 626 1690 'lacuit
644 1623 690 1692 qui
704 1627 780 1676 tritor
803 1621 883 1678 datus
907 1623 1044 1678 excusarit
1067 1639 1097 1678 se

283 1693 417 1748 atutela:
437 1693 483 1750 sed
500 1711 524 1750 si
541 1697 699 1748 consecutus
716 1691 807 1758 fuerit,
824 1709 880 1746 non
896 1691 1044 1746 admittitur
1061 1691 1096 1744 ad

285 1761 489 1816 excusationem.
519 1761 652 1816 diversum
664 1765 730 1828 puto
745 1759 774 1812 in
788 1775 828 1828 eo,
846 1759 893 1828 qui
905 1759 1022 1828 legatum
1035 1765 1095 1814 tan·

287 1837 341 1882 tuin
356 1831 451 1884 meruit
462 1835 489 1884 et
500 1845 518 1884 a
530 1833 616 1884 matre
627 1825 720 1896 pupilli
730 1831 805 1882 tutor
815 1829 913 1898 petitus
925 1843 1053 1884 excusare
1067 1843 1096 1882 se

287 1897 390 1956 maluit:
407 1899 451 1954 hic
468 1897 538 1954 enim
555 1895 622 1950 nihil
639 1898 732 1948 contra
749 1895 876 1952 iudicium
890 1895 1009 1952 defuncti
1022 1897 1095 1950 fecit.

287 1967 332 2022 sed
343 1969 395 2022 hoc
404 1967 527 2034 legatum,
543 1963 615 2032 qnod
625 1963 708 2018 tutori
717 1963 871 2034 denegatur,
888 1981 944 2020 non
955 1963 989 2018 ad
1000 1963 1095 2020 liscum

287 2035 452 2098 transfertur,
467 2033 515 2088 sed
525 2029 581 2086 filio
593 2031 759 2102 relinquitur,
775 2033 850 2090 onius
864 2035 993 2088 utilitates
1005 2033 1095 2088 deser-

286 2107 299 2158 1
335 2109 380 2158 tae
401 2107 471 2158 sunt.
506 2101 534 2156 Si
557 2105 635 2170 pater
656 2103 822 2158 accusaverit
838 2107 1031 2170 ¹testamcutum
1055 2101 1096 2158 rel

285 2173 420 2236 dominns,
444 2169 619 2238 denegabitur
637 2169 661 2224 ei
678 2171 749 2226 actio
767 2173 920 2228 eburneum
963 2171 1017 2226 uod
1040 2169 1094 2224 filio

286 2241 343 2296 eius
359 2241 401 2296 vel
417 2257 492 2296 serra
510 2239 627 2308 legatum
644 2239 735 2304 est,·si
752 2239 787 2294 ad
803 2239 877 2310 ipsos
888 2187 1095 2296 emoiumentum

285 2309 325 2362 rei
341 2311 531 2378 perventurum
548 2312 606 2362 est:
625 2307 731 2376 quodsi
747 2323 889 2378 personam
899 2309 1007 2362 illorum
1018 2323 1095 2380 spec-

287 2383 302 2430 t
336 2383 383 2444 tet,
402 2377 534 2432 diversum
551 2377 692 2430 dicendum
708 2381 758 2430 est.
794 2377 822 2432 Si
839 2393 1035 2434 serrumsuum
1050 2393 1095 2432 ro-

286 2449 363 2514 gatus
383 2447 417 2500 sit
432 2443 619 2500 manumittere
637 2445 683 2514 qui
698 2445 815 2514 legatum
831 2447 940 2512 meririt,
958 2447 1002 2500 rel
1016 2445 1095 2500 edam

284 2515 337 2568 isi
359 2529 434 2570 servo
457 2519 600 2584 utrumque
623 2513 715 2568 datum
737 2515 787 2580 sit,
816 2515 957 2570 dicendum
980 2519 1021 2570 est
1041 2529 1096 2568 non

302 2583 382 2638 ebere
400 2581 493 2638 obesae
511 2595 586 2636 servo
603 2581 706 2636 iactum
722 2581 831 2650 domini,
849 2581 898 2638 sed
914 2581 1008 2638 atiscc
1025 2581 1095 2638 redi·

284 2651 415 2716 mendum,
433 2655 464 2704 ut
473 2649 686 2716 manumittatur,
704 2651 727 2706 si
739 2655 828 2706 tanien
841 2651 903 2706 velit
915 2665 1020 2708 serrum
1032 2665 1095 2706 ren-

285 2719 348 2776 dere
366 2719 438 2788 (quia
450 2735 512 2776 nou
528 2723 617 2788 potest
635 2719 702 2788 cogi)
726 2719 771 2790 qui
788 2719 915 2776 iudicium
933 2719 1032 2790 sprevit
1050 2719 1095 2774 de-

286 2795 300 2842 ι
336 2787 429 2842 iuncti.
465 2787 494 2842 Si
510 2785 581 2842 iilius
604 2787 717 2844 familias
734 2787 834 2844 falsum
854 2789 1020 2844 accusaverit
1041 2793 1095 2844 tes-

284 2863 438 2924 tamentum,
456 2857 600 2912 ridendum
619 2863 672 2924 εει,
696 2873 732 2912 an
756 2857 883 2926 denegari
905 2857 1002 2920 debeat
1025 2857 1095 2914 actio

285 2925 371 2998 patri:
397 2929 423 2982 et
444 2929 525 2998 puto,
550 2925 675 2982 siinvitc
693 2933 769 2998 patre
787 2929 936 2992 accusarit,
961 2943 1017 2982 non
1038 2941 1096 2982 esse

286 3001 301 3052 6
338 2995 518 3064 denegandam
539 2995 612 3064 patri
633 2995 773 3050 achonem.
813 2995 842 3050 Si
858 2995 896 3064 is,
920 2995 963 3052 cui
986 3001 1095 3064 rogatus

287 3081 346 3120 sum
362 3065 479 3134 legatum
495 3065 643 3134 restituere,
660 3065 759 3120 falsum
776 3063 886 3130 dixerit,
912 3065 1052 3120 restituere
1068 3065 1097 3118 id

288 3139 301 3188 t
337 3133 402 3190 fisco
422 3133 533 3190 debebo.
568 3133 620 3202 Qui
636 3135 773 3190 accusarit
794 3133 906 3202 fabum,
929 3135 1008 3190 heres
1024 3133 1095 3202 lega-

287 3203 353 3258 tario
378 3203 479 3258 exstitit
500 3203 542 3258 rel
564 3203 656 3258 heredi
677 3203 792 3284 scriptor
819 3201 885 3256 nihil
911 3203 974 3258 huic
999 3217 1097 3258 nocere

287 3277 302 3326 8
337 3271 537 3328 dicendumst.
556 3271 651 3328 Similis
663 3269 827 3340 esteietqui
834 3271 1013 3328 inofficiosum
1023 3271 1095 3328 dicit.

287 3347 301 3394 9
336 3341 426 3394 Aetati
445 3341 502 3396 eius
520 3343 566 3412 qui
581 3341 717 3398 accusarit
731 3339 886 3410 ignoscitur,
905 3339 1097 3396 etmaximesi

286 3415 360 3466 tutor
375 3409 418 3466 rel
435 3415 543 3464 curator
560 3409 648 3466 dicere
660 3409 758 3466 falsum
769 3409 811 3464 rel
827 3409 1005 3466 inofficiosum
1016 3409 1093 3466 velit:

287 3485 315 3534 et
331 3477 371 3532 ita
380 3479 553 3548 imperatores
564 3479 676 3536 Severus
690 3483 717 3532 et
728 3475 881 3534 Antoninus
891 3479 1095 3548 rescripserunt.

290 3553 320 3602 10
353 3547 492 3614 Hieram,
510 3547 556 3618 qui
572 3547 722 3604 testimonio
741 3563 790 3602 suo
800 3547 972 3602 intentionem
984 3563 1096 3604 accusa-

285 3615 351 3670 toris
369 3615 567 3682 adiurarerunt,
586 3617 652 3672 dene
670 3615 741 3670 anda
758 3621 804 3674 est,
816 3615 901 3670 aedo:
923 3615 1003 3686 idque
1020 3615 1096 3672 divus

289 3691 314 3738 11
358 3683 469 3740 Severus
487 3685 611 3740 decrevit.
645 3631 777 3752 agunt-qui
793 3689 897 3754 putant,
923 3691 949 3740 et
964 3689 1046 3750 recte,
1070 3691 1098 3740 et

288 3751 525 3820 sidenegaudam‚
548 3755 594 3822 qui
610 3753 762 3808 accusatori
785 3751 871 3808 adicit
892 3753 934 3808 rel
956 3751 1097 3808 fideiussor

290 3825 320 3874 12
353 3835 403 3890 pro
421 3835 453 3876 co
470 3821 608 3878 exstiterit.
635 3821 748 3892 Quidam
759 3825 786 3878 et
797 3821 947 3890 praesidem
959 3821 1096 3890 indignum

286 3895 390 3960 putant,
404 3889 450 3958 qui
459 3895 647 3946 testamentum
657 3889 756 3946 falsum
767 3889 956 3960 pronuntiarit,
969 3889 993 3946 al
1004 3891 1095 3960 appel·

290 3965 320 4014 13
355 3959 453 4014 latione
467 3959 648 4016 intercedente
661 3961 738 4014 heres
752 3961 870 4028 scriptus
885 3959 1008 4030 optinuit.
1040 3959 1095 4016 Ad-

287 4033 411 4084 vocatum
427 4027 498 4092 fisci,
524 4027 569 4096 qni
591 4027 762 4084 intentionem
785 4027 912 4082 delatoris
935 4027 1095 4096 exsequitur,

290 4103 321 4150 14
354 4097 384 4150 in
401 4097 522 4150 omnibns
540 4095 623 4150 officii
638 4097 783 4152 necessitas
801 4095 866 4150 satis
888 4099 1010 4150 excusat.
1046 4095 1097 4164 Qui

288 4163 434 4234 principale
450 4169 637 4244 testamentum
653 4165 755 4246 arguit,
773 4169 834 4244 eta
856 4163 981 4218 secundis
998 4165 1095 4220 tabulis

288 4231 455 4354 {Sillii}
471 4233 823 4356 ..bismanti-iffi
836 4231 1097 4380 militissam

289 4375 342 4434 est,
359 4369 384 4422 si
400 4367 530 4424 secundas
547 4367 654 4420 tabulas
671 4369 712 4422 rel
730 4369 864 4422 codicillos
882 4373 1014 4436 coarguit,
1034 4383 1097 4436 quia

292 4441 321 4490 15
356 4453 410 4492 non
425 4441 569 4504 utrumque
585 4435 638 4498 hoc
655 4451 720 4490 casu
731 4435 896 4504 improbasse
905 4435 1018 4490 ridetur.
1052 4435 1097 4490 An

289 4505 399 4560 libertas
415 4505 441 4558 ei
458 4519 533 4558 serto
551 4501 628 4570 data,
651 4503 697 4570 qui
712 4503 864 4558 testimonio
886 4519 936 4558 sno
953 4501 1096 4572 infringere

289 4573 402 4628 uoluerit
417 4575 617 4636 testamentum,
641 4569 741 4624 auferri
758 4571 867 4636 debeat,
887 4571 1029 4626 ridendum
1046 4577 1096 4626 est.

289 4639 521 4696 fideicommissum
536 4639 577 4692 nti
594 4651 628 4692 ue
649 4653 704 4692 non
725 4643 768 4692 est
791 4639 884 4708 dignus
906 4639 1047 4706 consequi:
1069 4645 1097 4694 et

293 4707 327 4762 de
342 4707 465 4762 libertate
482 4707 559 4762 dirus
576 4655 641 4760 {ius
656 4705 784 4760 indicarit
800 4723 858 4762 esse
875 4721 908 4762 ea
929 4705 1095 4774 privandum.

293 4781 323 4828 lb
356 4775 400 4840 Ei,
417 4775 463 4844 qui
478 4779 553 4828 tutor
569 4773 648 4828 datus
664 4777 714 4836 est,
731 4789 786 4828 non
803 4773 912 4842 prodest
932 4773 968 4828 ad
985 4789 1096 4828 excusa·

291 4843 403 4908 tionem,
424 4841 497 4912 qnod
518 4841 615 4894 falsum
632 4837 711 4894 dixit:
734 4839 782 4894 sed
799 4841 919 4910 alegate
936 4845 1096 4896 remoretur.

293 4915 321 4960 17
356 4909 407 4976 Qui
422 4909 516 4962 mortis
533 4923 615 4962 cansa
629 4905 796 4960 donationem
810 4909 914 4978 accepit
928 4923 945 4962 a
959 4913 1095 4972 testatore,

293 4981 323 5030 18
357 4993 412 5032 non
434 4975 588 5032 estsimilis
615 4973 645 5028 in
671 4975 723 5028 hae
750 4987 832 5030 causa
857 4975 994 5044 legatario.
1034 4975 1097 5028 Alia

291 5059 372 5098 causa
395 5049 435 5098 est
455 5041 513 5098 eius
534 5045 579 5112 qui
598 5047 709 5122 propter
731 5047 918 5098 testamentum
934 5057 951 5096 a
968 5041 1095 5110 legatario

290 5109 332 5164 vel
353 5125 370 5164 a
392 5107 546 5164 statulibero
569 5125 690 5178 accipere
710 5107 800 5162 iussus
825 5115 879 5164 est:
905 5109 949 5164 hic
973 5109 1043 5164 enim
1064 5113 1096 5162 nt

293 5181 323 5230 19
356 5177 478 5246 indignus
491 5191 521 5230 re
540 5177 643 5232 elletur.
666 5173 705 5230 Et
720 5173 858 5232 Falcidiae
874 5175 1031 5230 beneficium
1046 5175 1094 5230 he·¹

1092 349 1155 424 196

1658 373 1704 418 DF
1724 371 1779 420 iiis
1801 369 1890 430 Quam
1909 373 1947 420 ΠΤ

1145 545 1188 594 εει
1204 545 1328 610 quartam
1345 555 1400 594 non
1415 539 1540 594 retinere.
1576 541 1603 592 et
1618 535 1715 592 ideosi
1730 537 1754 592 is
1772 539 1818 608 qui
1830 537 1946 606 quadrin-

1144 613 1226 676 genta
1241 607 1359 662 habebat
1375 607 1500 670 universa
1516 605 1710 676 quadringenta
1724 605 1823 674 legarit
1838 611 1866 658 et
1878 607 1947 664 heres

1146 679 1254 730 centum
1271 675 1455 740 subtraxisset,
1478 679 1658 730 trecentormn
1681 679 1803 742 quartam
1823 675 1946 742 retinebit,

1146 743 1452 810 septuagintaquinque
1470 741 1580 808 scilicet,
1598 745 1625 796 et
1642 739 1758 796 ducenta
1772 739 1862 808 viginti
1880 743 1945 810 quin-

1146 825 1198 880 que
1209 809 1286 864 dabit
1295 811 1443 880 legatariis:
1462 825 1495 864 ex
1513 815 1620 864 centum
1637 823 1706 878 qnae
1724 809 1865 878 subripuit,
1883 811 1945 880 lega·

1145 877 1221 934 tariie
1239 877 1346 946 quidem
1363 875 1437 932 dabit
1454 893 1483 934 se
1501 877 1623 946 tuaginta
1645 877 1769 946 quinque,
1791 877 1903 946 reliqua,
1924 879 1946 936 id

1146 949 1188 1000 est
1203 945 1297 1014 rim‘nti
1313 945 1437 1014 quinque,
1507 945 1602 1000 fiscum
1619 945 1731 1000 venient.

1181 1009 1199 1068 7
1218 1015 1487 1070 Moansriauslibro
1499 1019 1578 1070 sexto
1589 1013 1805 1084 differentiarum
1832 1011 1882 1080 Qui
1892 1015 1946 1072 Titii

1145 1087 1334 1138 testamentum
1351 1081 1449 1136 falsum
1467 1081 1534 1136 dixit
1558 1097 1609 1136 nec
1635 1079 1878 1160 optinuit,·heredi
1898 1083 1945 1140 eius

1145 1151 1224 1204 heres
1241 1149 1368 1204 exsistere
1385 1149 1568 1218 prohibendus
1586 1165 1641 1204 non
1657 1155 1711 1216 est,
1734 1165 1797 1218 quia
1813 1165 1866 1204 nou
1882 1153 1944 1220 prin-

1146 1219 1268 1286 cipaliter
1284 1219 1313 1270 iu
1330 1217 1395 1270 Titii
1410 1217 1585 1274 hereditatem
1601 1219 1729 1274 succedit.

1181 1281 1199 1342 8
1217 1285 1299 1340 lunia
1313 1285 1379 1340 libro
1391 1285 1633 1356 concrepationem
1662 1285 1775 1354 Indigno
1786 1285 1882 1338 herede
1892 1303 1944 1354 pro·

1146 1353 1268 1408 nuntiato
1286 1351 1426 1420 adempta*
1443 1353 1593 1408 hereditate
1616 1353 1740 1408 confusas
1765 1351 1882 1408 arbones
1898 1369 1944 1408 res-

1145 1421 1206 1474 titui
1223 1437 1278 1474 non
1295 1425 1409 1490 oportet.

1181 1485 1200 1546 9
1223 1489 1368 1544 Uarianos
1383 1489 1451 1544 libro
1470 1493 1568 1568 quarto
1586 1489 1688 1544 maimo
1705 1487 1743 1542 ad
1757 1487 1840 1558 legam
1857 1487 1944 1546 Iuliam

1146 1561 1174 1610 at
1198 1555 1316 1626 Papiam
1361 1555 1390 1610 Si
1414 1555 1569 1610 inimicitiae
1599 1555 1728 1624 capitales
1758 1555 1944 1614 intervenerunt

1145 1625 1216 1678 inter
1232 1625 1389 1694 legatarium
1406 1629 1433 1678 et
1448 1629 1605 1680 testatorem
1620 1629 1647 1678 et
1664 1623 1804 1680 verisimile
1821 1639 1878 1680 esse
1895 1639 1944 1680 coe

1145 1693 1217 1764 perit
1233 1697 1389 1752 testaturam
1400 1693 1519 1748 noluisse
1529 1693 1647 1762 legatum
1658 1695 1713 1748 sire
1724 1693 1944 1752 fideicommissum

1146 1761 1280 1830 praestari
1296 1761 1329 1824 ei,
1347 1761 1391 1816 cni
1408 1759 1573 1830 adscriptum
1589 1761 1728 1816 relictum⁶
1745 1767 1794 1828 est,
1811 1763 1892 1830 magis
1904 1769 1943 1834 est,

1150 1835 1161 1882 1
1197 1833 1229 1882 nt
1244 1829 1360 1898 legatum
1377 1831 1412 1884 ab
1430 1843 1463 1884 eo
1480 1829 1537 1910 peti
1553 1845 1608 1884 non
1623 1831 1717 1900 possit.
1754 1829 1806 1884 Sed
1823 1835 1851 1884 et
1866 1831 1889 1886 si
1905 1847 1942 1900 pa

1145 1897 1200 1950 lain
1218 1901 1245 1952 et
1261 1903 1353 1966 aperte
1369 1903 1494 1952 testatori
1511 1897 1676 1952 maledixerit
1693 1903 1719 1952 et
1730 1897 1862 1952 infaustas
1877 1915 1943 1956 voces

1146 1965 1275 2020 adversus
1292 1981 1353 2028 eum
1369 1965 1517 2032 iactaverit,
1535 1963 1605 2020 idem
1622 1967 1673 2020 erit
1690 1965 1839 2020 dicendum.
1868 1967 1890 2020 si
1906 1981 1942 2020 aa·

1145 2039 1200 2088 tem
1217 2037 1305 2088 statiis
1322 2033 1377 2088 eius
1397 2033 1604 2088 controversiam
1620 2035 1716 2100 movit,
1740 2034 1884 2102 denegatur
1899 2035 1942 2092 um

1146 2101 1219 2172 quod
1241 2107 1401 2158 testamento
1423 2103 1529 2172 accepit
1550 2101 1713 2170 persecutio:
1736 2119 1771 2158 ex
1793 2117 1845 2172 qua
1868 2105 1943 2170 specie

1146 2171 1236 2226 atatim
1251 2169 1319 2226 fisco
1337 2169 1480 2226 deferetur.

1182 2237 1221 2296 10
1241 2239 1334 2294 Gaios
1347 2239 1416 2296 libro
1434 2239 1529 2308 quicto
1547 2239 1647 2294 damino
1665 2239 1704 2292 ad
1718 2239 1804 2310 legem
1815 2239 1911 2292 Iuliam
1925 2249 1942 2296 ct

1145 2307 1188 2362 Pa
1209 2309 1263 2362 iam
1303 2307 1336 2362 lii
1357 2307 1479 2362 fraudem
1501 2307 1567 2362 iuris
1589 2305 1668 2362 fidem
1691 2305 1887 2374 accommodat,
1909 2311 1942 2378 qai

1145 2393 1177 2432 re
1204 2377 1232 2430 id
1249 2375 1321 2448 quod
1338 2375 1496 2446 relinquitur
1512 2375 1554 2432 vel
1571 2373 1644 2430 aliud
1659 2375 1742 2430 tacite
1756 2375 1886 2446 promittit
1898 2391 1941 2432 res·

1146 2445 1290 2500 tituturum
1312 2461 1341 2500 se
1361 2461 1494 2516 personae
1539 2461 1591 2500 uae
1612 2445 1714 2512 legibus
1745 2461 1777 2500 ex
1799 2449 1941 2502 testamenta

1147 2513 1941 2652 trististristis{tt.t.'dtttlttmttmtr,lt

1146 2651 1240 2774 tali
1257 2649 1864 2790 titiatali-mttlmttiltfttttt
1884 2653 1941 2776 eill

1871 2761 1878 2786 i

1147 2789 1240 2844 dubito
1259 2787 1332 2860 quin,
1354 2737 1512 2844 etsineficit
1535 2787 1781 2856 fideicommissum,
1803 2789 1875 2844 aud
1895 2803 1941 2844 eun

1146 2863 1244 2922 tamen,
1262 2857 1308 2926 qui
1325 2863 1434 2926 rogatus
1453 2863 1494 2914 est
1505 2857 1654 2924 restituere,
1672 2873 1780 2914 manere
1790 2805 1876 2924 delict,
1894 2859 1941 2928 quia

1146 2925 1221 2980 nulla
1236 2925 1312 2982 fraus
1330 2925 1387 2980 eius
1403 2927 1578 2982 intervenisse
1594 2927 1705 2994 ridetur,
1723 2927 1775 2982 nisi
1797 2929 1822 2982 si
1838 2927 1867 2980 in
1882 2927 1941 2980 futr-

1146 3011 1206 3050 rum
1223 3011 1316 3050 casnm
1331 2995 1411 3050 fidem
1427 2995 1645 3062 accommodarit,
1662 2995 1691 3050 id
1707 3001 1749 3052 est
1765 3001 1809 3064 ut,
1832 2995 1895 3052 licet
1909 3013 1941 3052 ca

1148 3067 1163 3118 2
1196 3079 1263 3136 pere
1280 3065 1381 3134 legibus
1399 3065 1536 3136 prohiberi
1553 3065 1682 3136 coeperit,
1707 3065 1837 3120 restituat.
1872 3063 1941 3120 Recta

1149 3133 1251 3188 dictum
1268 3139 1317 3200 est,
1334 3133 1358 3194 si
1374 3139 1452 3202 pater
1468 3133 1524 3200 filii,
1543 3151 1620 3204 quem
1637 3133 1665 3190 in
1702 3139 1815 3190 otestate
1831 3133 1940 3200 habebat

1147 3203 1257 3256 tacitam
1274 3201 1354 3258 fidem
1370 3203 1572 3272 interposuerit,
1595 3219 1650 3258 non
1673 3151 1770 3258 debere
1791 3203 1820 3258 id
1835 3201 1889 3258 filio
1904 3219 1940 3256 no-

1148 3287 1218 3338 cere,
1236 3271 1299 3342 quia
1314 3271 1427 3340 parendi
1443 3271 1629 3328 necessitatem
1645 3271 1777 3328 habuerit.

1183 3337 1219 3398 11
1240 3341 1424 3396 Papinianus
1442 3341 1512 3396 libro
1534 3341 1747 3412 quintodecimo
1770 3341 1940 3412 qaaestionem

1146 3409 1240 3476 Heres,
1259 3409 1305 3478 qui
1322 3409 1431 3464 tacitam
1447 3409 1527 3464 fidem
1545 3415 1641 3476 contra
1655 3409 1728 3480 leges
1739 3409 1940 3472 accommodarit,

1146 3479 1175 3532 in
1192 3493 1224 3532 ea
1240 3481 1332 3548 parte,
1355 3479 1443 3548 quae⁶
1466 3477 1590 3534 fraudem
1606 3477 1739 3544 adhibuit,
1765 3477 1884 3534 Falcidia
1899 3493 1940 3532 nor

1147 3547 1245 3604 utitur:
1272 3551 1299 3602 et
1316 3547 1355 3602 ita
1370 3551 1479 3604 senatur
1498 3547 1608 3604 censuit.
1644 3547 1692 3604 sed
1714 3547 1739 3602 si
1760 3547 1845 3604 maior
1861 3547 1939 3602 modus

1145 3615 1320 3672 institutionis
1340 3631 1418 3686 quam
1440 3615 1542 3670 fraudis
1559 3615 1648 3684 fuerit,
1687 3615 1742 3670 uod
1759 3615 1794 3670 ad
1810 3615 1940 3670 Falcidiam

1148 3685 1253 3752 attinet,
1271 3685 1304 3740 de
1321 3685 1457 3754 superfluo
1474 3691 1571 3754 quarta
1586 3633 1752 3740 retinebitur.

1182 3751 1221 3810 12
1238 3753 1319 3810 Initii
1340 3755 1408 3808 libro
1433 3761 1512 3808 sexto
1537 3753 1638 3808 decimo
1662 3755 1849 3824 quaestionum
1888 3755 1940 3810 Cum

1146 3821 1254 3890 qnidam
1271 3823 1421 3892 scripsisset
1437 3821 1548 3878 heredes
1566 3837 1632 3892 quos
1649 3821 1788 3876 instituere
1805 3839 1860 3878 non
1876 3829 1940 3892 potu·

1147 3895 1212 3958 erat,
1229 3893 1349 3960 quamvis
1371 3889 1504 3946 institutio
1527 3907 1582 3946 non
1602 3889 1704 3946 valeret
1723 3907 1811 3960 neque
1833 3891 1940 3962 superius

1145 3963 1334 4028 testamentum
1349 3965 1459 4028 ruptum
1481 3965 1563 4024 esset,
1586 3959 1728 4014 heredibus
1751 3967 1839 4014 tamen
1862 3965 1892 4014 ut
1910 3961 1940 4012 ii·

1147 4027 1259 4096 dignis',
1283 4027 1330 4096 qui
1353 4043 1408 4082 non
1430 4027 1585 4082 habuerunt
1607 4045 1639 4082 su
1657 4043 1758 4082 remam
1784 4029 1939 4088 uoluntatem

1147 4095 1259 4150 abstulit
1274 4095 1328 4150 iam
1344 4095 1448 4164 pridem
1460 4101 1569 4150 senatus
1578 4095 1642 4150 here
1661 4095 1762 4150 'tatem
1796 4097 1868 4164 quod
1879 4097 1940 4150 diras

1146 4165 1255 4218 Marcus
1272 4165 1301 4216 in
1318 4165 1374 4218 eius
1392 4175 1508 4234 perrona
1523 4163 1661 4228 iudicarit,
1688 4165 1764 4218 cuins
1781 4181 1877 4220 namen
1891 4179 1939 4234 per·

1147 4237 1208 4288 acto
1226 4237 1385 4288 testamento
1403 4237 1516 4288 testator
1532 4231 1687 4288 induxerat:
1707 4247 1816 4288 causam
1832 4229 1940 4288 enimad

1145 4299 1298 4420 parlaefectos
1316 4299 1413 4420 &effi
1429 4301 1514 4420 mffit³
1538 4301 1735 4422 vaegumqabff
1758 4301 1845 4422 leggia
1862 4301 1940 4422 roffi}

1146 4383 1321 4422 sramcns
1402 4383 1614 4422 .erce
1654 4385 1750 4422 onius
1819 4383 1860 4422 em

1145 4435 1290 4490 voluntatis
1308 4435 1359 4490 erit
1376 4383 1562 4504 quaestiorpet
1583 4385 1700 4504 legatum
1721 4435 1746 4490 ei
1767 4451 1823 4490 non
1839 4435 1939 4504 denega

1145 4501 1233 4624 bimi,
1256 4503 1308 4558 nisi
1325 4503 1377 4558 hoc
1398 4501 1533 4558 evidenter
1554 4507 1709 4558 testatorem
1734 4503 1848 4558 columae
1871 4519 1939 4574 appa·

1145 4585 1213 4626 rea.

1182 4635 1220 4696 13
1247 4637 1328 4692 laria
1349 4639 1417 4694 labro
1450 4639 1588 4708 trigesima
1618 4639 1736 4694 secando
1768 4639 1940 4708 quatrifariam

1147 4705 1274 4762 Ohudins
1291 4705 1417 4762 Seleucus
1433 4705 1583 4774 Papiniano
1606 4723 1655 4762 suc
1679 4705 1800 4762 salutem.
1834 4707 1940 4760 Maeuius

1145 4773 1175 4826 in
1183 4771 1312 4828 adulterio
1322 4771 1493 4840 Semproniae
1504 4771 1644 4828 damnatus
1655 4771 1765 4828 eandem
1774 4771 1833 4826 Sem
1852 4775 1940 4828 reniam

1145 4853 1200 4894 noa
1217 4841 1369 4894 damnatam
1388 4839 1465 4894 dirxit
1481 4855 1604 4894 uxorem:
1623 4841 1686 4906 qui⁸
1703 4841 1818 4896 moriens
1829 4789 1939 4894 daretem

1146 4921 1205 4960 eam
1222 4907 1341 4976 reliquit:
1364 4921 1473 4974 quaero,
1495 4921 1531 4960 an
1546 4907 1645 4962 iustum
1661 4907 1857 4962 matrimonium
1873 4905 1941 4982 fuerit

1146 4981 1174 5030 et
1189 4989 1224 5028 aii
1241 4975 1336 5030 mulier
1358 4973 1394 5028 ad
1417 4975 1592 5032 hereditatem
1613 4975 1788 5032 admittamur.
1828 4973 1940 5044 respond

1145 5057 1232 5110 neque
1247 5043 1302 5096 tale
1318 5041 1515 5096 matrimonium
1532 5047 1604 5096 stare
1626 5057 1712 5110 neque
1735 5041 1888 5096 hereditatis
1908 5043 1940 5096 lu·

1145 5123 1221 5164 crum
1232 5109 1268 5162 ad
1277 5109 1412 5162 mulierem
1421 5109 1568 5178 pertinere,
1581 5107 1629 5164 sed
1640 5109 1711 5176 quod
1723 5109 1845 5164 relictum
1862 5113 1899 5164 est
1914 5107 1941 5162 ad

1144 5175 1240 5230 fiscum
1256 5177 1402 5246 pervenire.
1437 5175 1487 5230 sed
1504 5181 1531 5232 et
1547 5175 1572 5230 si
1587 5175 1647 5230 talis
1664 5177 1760 5230 mulier
1775 5175 1859 5230 virum
1875 5175 1940 5230 here

290 5245 348 5300 redi
363 5245 462 5314 scripto
479 5259 497 5298 a
524 5245 580 5298 'erri
596 5245 693 5300 debere
709 5239 785 5322 dirus
801 5243 867 5326 Pius
884 5249 912 5326 et
928 5241 1003 5326 divus
1019 5243 1095 5298 Mar·
1145 5243 1205 5298 dem
1221 5243 1374 5324 instituerit,
1393 5245 1463 5298 etab
1479 5259 1512 5300 eo
1523 5243 1599 5314 qnasi
1613 5245 1649 5298 ab
1661 5243 1769 5314 indigno
1780 5243 1940 5298 hereditatem

291 5311 833 5496 pffiafflssggrdqncgpnmanegrssffiigt
848 5311 1095 5448 lrlqldloffifflagddrerldffin
1144 5311 1398 5436 unguii-1133&
1415 5379 1553 5450 trigesimo
1571 5379 1648 5434 tertio
1672 5377 1857 5446 quaestionum
1889 5379 1940 5434 Mu·

290 5459 305 5512 θ’
326 5445 1095 5596 gmdffididglafflddlrdadddcdhssoqudcgdaddfemrfflcmm
1144 5515 1204 5580 furit,
1223 5521 1274 5596 etsi
1290 5521 1458 5596 sacramento
1472 5515 1549 5596 εεεΙεε
1567 5515 1669 5568 solutus
1686 5513 1941 5598 mimmii*

293 5577 460 5650 Resonptnm
476 5587 519 5638 est
533 5597 552 5638 a
567 5599 688 5652 principe
703 5581 826 5638 heredem
835 5597 876 5646 rei
890 5597 972 5654 quam
982 5597 1095 5638 amous-
1144 5587 1200 5638 tem
1216 5583 1319 5650 obierit,
1337 5599 1392 5638 uon
1407 5581 1513 5638 admitti
1529 5581 1565 5638 ad
1580 5587 1835 5638 testamentnmiure
1845 5583 1941 5638 miiitiae

1143 5447 1248 5512 lieren,
1265 5461 1344 5526 'quae
1367 5453 1462 5516 stupro
1488 5445 1595 5526 cpgnita
1619 5445 1647 5500 in
1669 5443 1842 5500 contubernio
1863 5447 1941 5500 militia

293 5755 323 5816 (ι)
341 5751 501 5818 aii51cf.D.
511 5755 534 5816 5,
542 5763 564 5816 3,
574 5765 600 5806 ts
668 5755 700 5818 (a)
719 5729 847 5818 ergodei.
902 5753 935 5814 (a)
953 5749 1100 5816 cognatisi'
1162 5755 1194 5818 (t)
1213 5753 1282 5804 adita
1295 5773 1341 5806 rer.
1445 5757 1478 5820 (t)
1496 5753 1696 5808 relictumrercr.
1783 5759 1816 5820 (o)
1832 5771 1881 5822 qna
1895 5755 1940 5808 aad

293 5821 325 5888 (t)
343 5821 772 5886 tamenatindignisheredibnaacr.
842 5823 876 5886 (a)
894 5821 956 5886 quin
965 5819 1023 5872 Best
