4366 6258
257 377 366 426 eusms

256 541 365 604 renent,
389 541 514 618 quoniam
532 535 703 592 conveniendi
722 553 767 594 eos
784 535 881 592 iudicio
899 535 1057 592 facultatem

256 625 307 668 nou
323 607 432 672 heburt,
456 607 501 676 qui
524 605 622 658 nullam
647 605 779 658 actionem
800 605 938 658 intendere
955 605 1057 674 potuit:

256 685 341 736 tamen
358 689 374 728 a
389 679 471 728 semet
484 673 493 726 i
513 687 543 726 so
558 687 606 726 our
619 687 674 726 non
689 673 811 742 exegerit,
831 673 855 726 ei
867 673 1057 742 imputabitur:

256 751 282 802 et
298 745 320 798 si
335 741 404 796 forte
420 757 475 796 non
488 689 570 792 lberh
582 741 734 794 usurarium
749 739 874 806 debitum,
891 741 986 810 incipit
1001 755 1059 796 esse

255 809 415 872 usurarium,
438 811 469 860 ιιι
486 805 560 862 dirus
576 805 642 862 Pius
659 809 752 862 Flavio
770 805 890 876 Longino
908 807 1058 876 rescripsit:

255 879 303 936 uisi
320 877 397 940 forte,
415 873 507 944 iuquit,
524 889 619 930 usuras
638 877 662 928 ei
678 875 830 930 remiseram

287 941 361 1010 6(7)
379 943 498 996 Paucos
517 941 584 996 libro
604 955 675 996 cotto
702 943 739 996 od
764 943 879 996 edictum
914 941 977 1022 quia
999 947 1059 994 tan·

254 1011 358 1070 tundem
379 1009 407 1064 iu
431 1009 518 1064 bonae
534 1009 597 1064 fidei
613 1009 716 1064 iudiciis
733 1009 852 1064 officium
868 1009 963 1064 iudicis
980 1009 1058 1074 volet,

254 1085 378 1152 quantum
394 1077 423 1132 iu
440 1077 609 1146 stipulatione
626 1077 782 1132 nominatim
800 1077 855 1132 eius
871 1079 912 1132 rei
927 1075 1002 1132 iacta
1018 1078 1058 1132 in·

255 1147 400 1216 terrogatio.

287 1213 304 1272 7
323 1211 360 1280 (8)
385 1213 529 1266 Uarrones
550 1211 618 1266 libro
635 1213 737 1268 decimo
755 1211 793 1264 od
809 1211 924 1266 ediciam
959 1213 987 1266 Si
1010 1227 1058 1266 au-

254 1289 305 1336 tem
320 1283 342 1336 is
356 1279 408 1332 luit
422 1279 468 1348 qui
480 1279 585 1348 negotia
600 1279 792 1332 administrarit
806 1295 823 1334 a
837 1295 889 1348 quo
904 1279 1059 1334 mandatum

254 1367 305 1406 non
319 1347 479 1416 exigebatur,
495 1363 576 1416 posse
594 1347 617 1402 ei
633 1347 766 1416 imputari,
785 1363 834 1402 cur
848 1347 937 1402 oblata
953 1347 1057 1402 derata

255 1417 372 1474 caudens
390 1431 450 1470 eum
466 1431 521 1470 non
538 1417 673 1470 convenit:
698 1415 723 1468 si
744 1415 822 1470 modo
839 1415 920 1470 laede
938 1415 962 1470 ei
977 1415 1059 1470 fuerit

254 1485 386 1540 satisdare.
415 1489 485 1538 certe
501 1483 530 1536 iu
547 1499 597 1538 sua
613 1497 729 1552 persona
749 1483 929 1538 indubitatum
953 1489 1007 1540 est:
1032 1489 1059 1538 et

254 1553 309 1608 ideo
326 1551 350 1606 si
367 1567 400 1606 ex
418 1565 499 1606 causa
515 1549 567 1604 fuit
584 1551 729 1620 obligatus,
754 1567 823 1618 quae
847 1555 920 1606 certo
938 1557 1059 1622 tempore

254 1619 397 1684 finiebatur,
417 1623 443 1672 et
458 1623 578 1686 tempore
594 1619 721 1672 liberatus
739 1623 788 1684 est,
806 1617 888 1672 nihilo
905 1621 993 1674 minus
1011 1635 1057 1672 ne-

270 1687 378 1740 otiorum
395 1691 528 1754 gestorum
545 1687 650 1740 actione
674 1685 724 1738 erit
746 1687 887 1756 obligatus.
913 1687 983 1740 idem
1009 1687 1059 1738 erit

254 1705 390 1808 dicendum
408 1753 479 1806 etin
497 1767 528 1806 aa
546 1769 642 1820 causa,
668 1769 702 1808 ex
735 1767 772 1806 ua
788 1753 864 1808 heres
882 1769 937 1808 non
953 1759 1057 1806 tenere-

256 1825 267 1874 1
300 1821 369 1884 tur¹,
387 1825 418 1874 ut
434 1819 576 1876 Marcellus
595 1819 694 1876 scribit.
718 1769 744 1874 [b

254 1887 292 1942 rel
314 1887 426 1942 civitatis
448 1903 496 1956 per
512 1889 695 1958 obreptionem
711 1889 813 1958 petiero
830 1889 1058 1958 negotiumtuum

254 1955 292 2010 rel
309 1955 421 2010 civitatis
437 1969 531 2024 gerens
549 1963 635 2010 etam
654 1957 733 2010 hores
752 1971 830 2024 quam
848 1957 967 2026 oportuit
983 1955 1057 2020 fruc-

256 2027 297 2076 tus
313 2021 387 2078 fuero
407 2027 580 2088 consecutus,
605 1973 706 2078 debebo
724 2023 777 2078 hoc
793 2023 881 2092 ipsum
896 2023 945 2078 tibi
962 2023 1003 2078 rel
1020 2023 1059 2076 rei

255 2095 268 2142 ι
299 2089 422 2158 publicae
434 2095 577 2158 praestare,
595 2090 659 2144 licet
674 2095 766 2158 petere
782 2105 837 2144 nou
853 2091 993 2158 potuerim.
1030 2089 1059 2144 Si

255 2171 414 2224 quocumque
438 2157 516 2212 modo
545 2157 612 2212 ratio
640 2157 862 2224 compensationis
888 2156 981 2212 habita
1004 2173 1059 2212 nou

255 2227 324 2278 esta
345 2223 444 2288 iudice,
468 2229 558 2294 potest
581 2223 713 2278 corbario
736 2223 834 2278 iudicio
857 2223 913 2294 agi:
941 2223 1014 2292 quod
1036 2223 1060 2278 si

255 2295 311 2358 post
333 2291 552 2346 examinationem
574 2293 735 2358 reprobatae
757 2291 856 2344 inerint
879 2293 1058 2362 pausationes,

255 2359 333 2410 :erius
352 2363 392 2412 est
410 2359 486 2428 quasi
500 2375 531 2412 re
547 2359 665 2412 iudicata
682 2359 795 2428 amplius
809 2359 852 2428 agi
867 2359 1002 2414 contrario
1017 2359 1058 2412 iu-

254 2425 318 2480 dicio
341 2441 396 2478 non
419 2441 513 2494 posse,
536 2425 600 2494 quia
623 2427 744 2494 exceptio
767 2427 805 2482 rei
822 2425 957 2480 iudicatae
973 2441 1058 2506 oppo-

255 2497 269 2546 ι
300 2491 386 2546 nenda
410 2497 459 2548 est.
493 2493 630 2548 Ιιιιιιιιιιι2
647 2493 716 2548 libro
738 2495 957 2560 tertiotractat,
980 2509 1004 2548 s:
1026 2509 1059 2546 ex

254 2559 351 2614 duobus
369 2559 448 2614 sociis
465 2561 532 2614 alter
545 2575 588 2614 me
602 2561 766 2630 prohibuerit
780 2561 974 2626 administrare,
992 2561 1059 2614 alter

254 2641 317 2680 non:
344 2641 379 2680 an
401 2629 528 2682 adversus
554 2643 614 2682 eum
638 2629 684 2698 qui
706 2645 761 2684 non
782 2629 921 2696 prohibuit
944 2629 1059 2682 habeam

254 2693 411 2762 negotiorum
425 2701 558 2762 gestorum
573 2695 726 2748 actionem?
747 2701 922 2758 mercturam
941 2695 1020 2764 qnod,
1037 2697 1060 2750 si

254 2761 311 2814 data
326 2759 407 2814 fuerit
424 2761 549 2816 adversus
566 2777 626 2814 eum
644 2761 729 2826 actio,
754 2775 862 2816 necesse
887 2761 937 2814 erit
955 2767 982 2816 et
998 2779 1059 2816 eum

253 2827 360 2896 pertingi
382 2827 428 2896 qui
450 2827 547 2882 vetuit:
571 2827 618 2882 sed
642 2833 669 2884 ιι
691 2829 757 2882 illud
780 2845 838 2884 essa
860 2827 981 2896 iniquum
998 2845 1059 2884 eum

218 2937 221 2944 .
255 2893 294 2964 qui
310 2911 363 2950 nou
379 2895 516 2964 probibuit
533 2895 618 2950 abeno
643 2895 716 2950 facto
739 2895 858 2960 liberari,
884 2911 944 2950 oum
968 2897 1013 2950 et³
1036 2895 1059 2950 si

253 2965 364 3016 mutuam
381 2963 522 3032 pecuniam
545 2961 622 3016 alteri
645 2977 678 3016 ex
701 2961 780 3018 sociis
803 2963 962 3032 prohibente
984 2963 1057 3016 socio

254 3029 390 3094 dedissem,
407 3031 498 3100 utique
515 3045 576 3084 eum
593 3029 744 3100 obligarem.
772 3035 799 3084 et
822 3035 888 3100 puto
912 3031 1059 3084 secundum

253 3097 376 3152 lulianum
395 3097 490 3152 dehere
508 3097 561 3150 dici
578 3111 717 3166 superesse
734 3103 829 3152 comma
853 3113 912 3152 eum
936 3097 982 3166 qui
1004 3113 1059 3150 non

253 3163 381 3232 prohrbuit
398 3165 563 3232 negotiorum
580 3169 715 3232 gestorum
739 3165 885 3230 actionem,
907 3163 947 3218 ita
968 3167 1059 3218 tamen

253 3237 281 3286 ut
296 3231 318 3286 is
335 3231 380 3300 qui
396 3231 532 3300 prohibuit
549 3247 582 3286 ex
598 3233 672 3284 nulla
688 3235 765 3298 parte
788 3247 874 3298 neque
890 3245 939 3298 per
956 3231 1059 3284 socium

253 3315 283 3354 ue
301 3313 334 3352 ue
350 3313 399 3368 per
415 3299 503 3366 ipsum
521 3297 621 3366 aliquid
638 3299 729 3352 damni
746 3299 852 3352 ιιιιιιιι.

284 3315 357 3430 ((9)
376 3365 529 3420 Scaurum:
553 3365 621 3420 libro
641 3367 733 3436 primo
758 3367 945 3436 quaestionum
979 3367 1059 3420 Pom·

255 3433 344 3502 penius
368 3433 475 3498 scribit,
499 3433 523 3486 si
545 3433 680 3502 negotium
693 3447 715 3496 a
730 3439 759 3488 te
776 3433 895 3502 quamvis
912 3433 982 3486 male
998 3447 1058 3502 ges-

253 3509 304 3560 tum
320 3501 474 3574 probavero,
491 3501 657 3570 negotiorum
674 3501 783 3556 tauronl
798 3505 933 3568 gestorum
950 3505 978 3554 te
994 3499 1060 3554 mihi

254 3571 410 3628 nontaceri.
436 3569 577 3624 ridendum
596 3583 657 3638 ergo
674 3585 709 3622 ue
725 3569 754 3622 in
771 3567 851 3622 dubio
868 3569 935 3632 hoc,
960 3583 996 3622 an
1012 3583 1056 3622 ra-

252 3645 305 3694 tum
324 3637 451 3702 habeam,
478 3637 548 3690 actio
575 3635 741 3704 negotiorum
767 3639 902 3714 gestorum
926 3635 1058 3702 pendeat:

252 3701 908 3840 tarsitii:reddidebuit,titt
923 3703 1060 3824 iiiiii

876 3805 878 3810 '
915 3809 922 3834 Ι

254 3843 332 3898 malus
350 3855 366 3894 a
382 3845 411 3892 ιι
428 3839 506 3894 absit.
542 3839 683 3894 Scaeuola:
706 3839 786 3892 immo
809 3841 875 3906 puto
901 3841 928 3892 ιι
945 3837 969 3892 si
986 3853 1059 3892 com-

253 3907 480 4030 liibliaibii
493 3907 673 4026 gegppg
690 3905 1059 4042 illitteratissimis?

782 4013 789 4038 1

253 4059 303 4098 non
318 4041 417 4112 possim
434 4041 515 4096 semel
531 4041 688 4108 probatum:
708 4045 735 4096 ιι
749 4039 972 4110 quemadmodum
987 4039 1059 4110 quod

253 4111 345 4166 utiliter
360 4115 465 4178 gestum
482 4111 522 4162 est
538 4123 647 4162 necesse
664 4113 705 4164 est
721 4107 792 4178 apud
805 4107 920 4162 iudicem
934 4123 984 4176 pro
998 4113 1058 4162 reto

253 4177 354 4242 baberi,
377 4177 417 4232 ita
440 4191 517 4230 omne
534 4177 607 4246 quod
623 4177 657 4230 ab
674 4177 733 4246 ipso
751 4177 894 4246 probatum
911 4179 960 4228 est.
988 4181 1058 4230 cete-

252 4259 307 4300 rum
323 4245 345 4300 si
362 4245 409 4300 ubi
444 4243 551 4310 robori,
569 4259 624 4298 uon
642 4249 683 4298 est
699 4243 867 4312 negotiorum
884 4243 969 4298 actio:
995 4243 1059 4322 quid

252 4311 307 4378 liet,
332 4311 356 4366 si
381 4327 398 4366 a
424 4261 561 4366 debitore⁷
585 4327 644 4366 meo
668 4311 802 4382 exegerit⁸
820 4317 847 4366 et
888 4311 1058 4364 roboreum?

253 4379 469 4498 puemadmodum
493 4379 638 4450 recipiam?
670 4381 734 4434 item
760 4379 783 4434 si
807 4395 858 4434 ren
878 4379 975 4434 'deritl
1000 4379 1059 4448 ipse

269 4447 358 4516 auique
382 4447 405 4500 si
428 4447 492 4516 quid
515 4447 658 4516 impendit,
683 4447 906 4516 quemadmodum
928 4447 1059 4516 recipiet?

253 4529 310 4568 nam
325 4515 417 4582 utique
438 4513 595 4570 mandatum
617 4531 672 4570 nou
697 4521 745 4570 est.
773 4517 823 4570 erit
844 4517 925 4584 igitur
948 4519 975 4570 ιι
996 4519 1059 4584 post

252 4583 461 4636 ratihabitionem
477 4583 642 4650 negotiorum
658 4589 794 4652 gestorum
811 4585 890 4638 actio.

284 4645 378 4716 9(10)
402 4651 547 4706 Ucrrnrcs
569 4651 638 4704 libro
665 4651 767 4706 decimo
793 4651 831 4706 cd
855 4651 971 4708 edictum
1006 4651 1059 4706 Sed

253 4729 285 4768 an
300 4717 369 4770 ultro
391 4717 456 4772 mihi
476 4717 603 4772 tribuitur
626 4719 696 4772 actio
720 4723 873 4788 sumptuum
896 4735 964 4788 quos
986 4717 1059 4774 ieci?

254 4787 279 4834 ιι
294 4789 357 4852 puto
376 4791 539 4854 competere,
564 4785 616 4840 uisi
634 4785 786 4854 specialiter
802 4789 830 4840 id
847 4793 938 4844 actum
956 4793 1010 4854 est,
1028 4793 1059 4842 ut

254 4853 265 4900 1
299 4855 390 4906 neuter
407 4853 534 4908 adversus
552 4855 666 4908 alterum
683 4855 783 4908 habeat
799 4855 939 4910 actionem.
966 4855 993 4910 Is
1009 4871 1057 4910 au·

253 4919 303 4972 tem
317 4919 362 4986 qui
375 4921 541 4990 negotiorum
554 4927 690 4990 gestorum
704 4923 759 4990 agit
772 4939 826 4978 non
840 4925 926 4980 solum
941 4921 965 4978 si
980 4923 1058 4978 effec-

252 4985 305 5038 tum
320 4987 414 5042 habuit
430 4989 564 5058 negotium
578 4989 651 5056 quod
664 4993 754 5058 gessit,
773 4991 878 5046 actione
891 4993 944 5046 ista
958 4997 1058 5056 utetur,

743 1825 797 1874 tem
815 1821 837 1876 si
854 1819 968 1876 fundum
981 1825 1058 1874 tuum

1066 349 1108 420 45

1829 349 1917 414 1115

1110 535 1158 592 sed
1174 543 1205 592 ut
1223 537 1315 594 Celsus
1332 541 1426 604 refert,
1449 535 1581 592 Proculus
1604 529 1677 612 apud
1694 547 1754 610 eum
1771 535 1848 586 notat
1864 549 1918 588 non

1110 619 1213 672 semper
1223 605 1317 662 debere
1332 607 1398 662 dari.
1422 603 1572 676 quidecim
1589 617 1612 658 si
1629 615 1687 656 eam
1704 601 1818 654 ansulam
1835 601 1918 666 fulsit,

1110 673 1327 740 quemdominus
1344 675 1421 742 quasi
1436 675 1522 746 impar
1546 669 1662 740 sumptui
1686 667 1855 748 dereliquerit
1877 669 1918 724 rel

1110 755 1191 860 poam
1208 739 1259 794 sihi
1274 745 1452 796 necessariam
1469 759 1524 798 non
1538 739 1662 822 putauit?
1679 741 1806 802 oneraret,
1824 737 1917 808 inquit,

1131 807 1248 862 ominum
1265 807 1410 862 secundum
1426 809 1560 864 Labeoms
1583 805 1752 870 senteutiam,
1777 821 1838 860 cum
1859 805 1917 860 uni·

1111 875 1206 944 cuique
1229 873 1308 928 liceat
1331 881 1359 928 et
1381 875 1471 930 damni
1493 877 1587 940 infecti
1608 877 1714 932 nomine
1730 887 1785 928 rem
1803 873 1916 928 derelin-

1110 957 1198 1012 quere.
1217 943 1265 998 sed
1277 943 1356 996 istam
1374 945 1531 1000 sententiam
1541 945 1633 1002 Celsus
1653 945 1785 1014 eleganter
1802 941 1915 996 deridet:

1109 1009 1131 1064 is
1151 1009 1221 1064 enim
1237 1009 1403 1078 negotiorum
1418 1015 1561 1078 gestorum,
1578 1015 1671 1084 inquit,
1688 1011 1770 1066 habet
1778 1009 1915 1078 actionem,

1110 1079 1155 1148 qui
1172 1077 1273 1132 utiliter
1289 1077 1395 1146 negotia
1411 1077 1506 1146 gessit:
1524 1097 1579 1134 non
1595 1089 1684 1138 autem
1698 1081 1797 1136 utiliter
1812 1079 1919 1148 negotia

1109 1145 1190 1216 gerit,
1216 1147 1262 1216 qui
1287 1161 1344 1202 rem
1366 1161 1421 1200 non
1436 1147 1614 1202 neeessariam
1631 1153 1673 1204 vel
1690 1165 1758 1220 quae
1775 1153 1919 1204 oneratura

1111 1219 1151 1266 est
1196 1219 1281 1266 atrem
1305 1211 1420 1266 familias
1446 1213 1606 1280 adgreditur.
1639 1219 1716 1270 iuxta
1739 1219 1791 1270 hoc
1817 1221 1858 1270 est
1884 1219 1918 1278 ιι,

1110 1231 1316 1350 quodplulianus
1333 1279 1434 1344 scribit,
1452 1295 1513 1334 eum
1530 1281 1576 1348 qui
1592 1281 1705 1338 insulam
1718 1283 1793 1338 irrisit
1807 1285 1849 1338 vel
1863 1297 1918 1338 ser·

1109 1363 1172 1402 vum
1190 1351 1326 1418 aegrotum
1344 1345 1457 1412 curarit,
1481 1345 1581 1402 habere
1603 1365 1622 1402 ιι
1654 1351 1768 1406 otiorum
1784 1357 1919 1420 gestorum

1110 1417 1256 1482 actionem,
1279 1417 1302 1470 si
1319 1415 1418 1470 utiliter
1434 1415 1487 1470 hoo
1509 1413 1624 1480 iaceret,
1658 1417 1710 1472 'oet
1733 1425 1842 1476 eventus
1865 1435 1919 1474 non

1110 1485 1144 1538 sit
1160 1483 1276 1538 secutus.
1302 1499 1350 1552 ego
1391 1499 1485 1536 uaero:
1511 1481 1620 1552 quidsi
1661 1485 1745 1538 utavit
1767 1503 1796 1540 se
1818 1487 1920 1542 utiliter

1109 1551 1206 1618 facere,
1226 1551 1274 1630 sed
1289 1551 1361 1620 patri
1374 1501 1490 1630 bamilias
1507 1567 1562 1604 non
1579 1501 1830 1630 erpebiebatlldico
1847 1557 1919 1610 hunc

1109 1633 1164 1672 non
1188 1619 1343 1672 habiturum
1368 1623 1533 1688 negotiorum
1556 1623 1692 1686 gestorum
1717 1623 1860 1676 achonem:
1889 1627 1920 1676 ut

1111 1687 1180 1740 enim
1206 1691 1328 1740 eventum
1355 1701 1410 1740 non
1435 1689 1601 1754 spectamus,
1634 1685 1713 1738 debet
1737 1687 1836 1740 utiliter
1862 1703 1920 1744 esse

1110 1759 1263 1886 ο0111ιῃιι111)
1282 1819 1454 1876 Pomponius
1466 1819 1534 1874 libro
1543 1819 1783 1898 cicepsimoprr'mo
1793 1819 1830 1874 ad
1838 1819 1920 1884 Quic-

1111 1895 1167 1944 tum
1184 1887 1306 1944 Mucium
1341 1885 1370 1942 Si
1386 1885 1491 1954 negotia
1508 1887 1647 1942 absentis⁹
1664 1891 1691 1942 et
1712 1885 1858 1954 ignorantis
1875 1903 1919 1954 ge-

1109 1973 1169 2020 ras,
1194 1961 1221 2010 ιι
1245 1957 1288 2010 cul
1308 1971 1350 2008 am
1368 1959 1395 2008 et
1412 1955 1501 2008 dolum
1517 1959 1656 2024 praestare
1673 1953 1761 2008 debes.
1789 1953 1837 2008 sed
1853 1951 1919 2008 Pro·

1111 2024 1187 2080 culus
1204 2025 1275 2078 inter
1292 2039 1338 2076 um
1355 2023 1434 2076 etiam
1451 2037 1545 2076 casum
1561 2027 1701 2092 praestare
1718 2023 1821 2086 debere,
1839 2021 1919 2074 veluti

1109 2093 1132 2146 si
1148 2107 1247 2146 uorum
1264 2089 1411 2158 negotium,
1435 2089 1506 2158 quod
1529 2089 1636 2146 nonsit
1654 2089 1746 2144 solitus
1765 2087 1861 2144 absens
1878 2089 1918 2140 fa·

1111 2173 1184 2222 cere,
1209 2163 1241 2212 tu
1257 2155 1364 2212 nomine
1382 2157 1437 2212 eius
1454 2171 1545 2224 geras:
1568 2155 1650 2210 veluti
1672 2157 1778 2210 vendes
1801 2155 1920 2210 novicios

1111 2225 1254 2306 coemendo
1277 2225 1320 2278 vel
1343 2223 1457 2292 aliquam
1481 2223 1684 2292 negotiationem
1707 2223 1832 2304 ineundo.
1859 2237 1921 2276 nam

1109 2293 1642 2428 {prquppopplrplrnpppoerphespnppnppcpffi
1657 2291 1751 2414 Ἧι(
1761 2295 1921 2426 qberbbesbbbi

1108 2429 1212 2482 lucrum
1229 2425 1331 2480 iactum
1348 2427 1436 2494 fuerit,
1454 2427 1482 2480 ιιι
1499 2425 1657 2496 quibusdam
1672 2425 1805 2490 damnum,
1823 2425 1920 2480 absens

1109 2509 1222 2564 pensare
1239 2493 1343 2548 lucrum
1361 2509 1422 2548 cum
1440 2495 1536 2548 damno
1554 2493 1640 2548 debet.

1145 2559 1181 2618 11
1203 2557 1263 2628 (12)
1288 2559 1433 2616 Horremus
1448 2563 1515 2616 libro
1534 2561 1635 2616 dommo
1654 2561 1691 2614 cd
1707 2559 1822 2614 edictam
1854 2559 1920 2614 Suc·

1110 2629 1210 2684 cessuri
1227 2629 1292 2694 eius,
1311 2629 1387 2684 cuius
1403 2629 1513 2684 bierunt
1529 2629 1635 2698 negotia
1645 2629 1674 2692 ¹⁰,
1693 2629 1738 2698 qui
1747 2629 1820 2698 apud
1828 2629 1920 2682 hostes

1111 2701 1122 2748 1
1160 2695 1282 2762 decessit,
1300 2695 1366 2752 haec
1384 2697 1454 2752 actio
1472 2695 1560 2750 danda
1577 2695 1634 2750 erit.
1669 2695 1722 2750 Sed
1738 2695 1762 2750 si
1778 2695 1826 2748 filii
1842 2695 1918 2750 fami-

1109 2763 1158 2818 lias
1175 2761 1266 2816 militis
1284 2761 1404 2816 ιιιιιιιιιιι
1420 2767 1578 2818 testamento
1596 2761 1668 2816 iacto
1692 2763 1776 2830 gessi,
1800 2763 1920 2816 similiter

1110 2833 1125 2884 ι
1160 2827 1396 2886 ιιιιιιιιιιιιιιιιο.
1433 2829 1509 2884 Sicut
1526 2835 1614 2884 autem
1630 2829 1657 2882 io
1676 2829 1787 2898 negotiis
1802 2831 1920 2884 virorum

1109 2897 1189 2962 gestis
1204 2895 1305 2950 suflicit
1318 2899 1419 2950 utiliter
1432 2899 1568 2966 negotium
1581 2901 1692 2966 gestum,
1707 2897 1745 2950 ita
1760 2901 1787 2950 et
1799 2897 1829 2950 in
1843 2897 1921 2952 bonis

1109 2969 1282 3028 mortuorum,
1300 2965 1363 3020 licet
1381 2965 1500 3018 diversus
1518 2965 1605 3018 exitus
1622 2965 1657 3018 sit
1674 2969 1791 3018 secutus.

1146 3027 1185 3088 12
1204 3027 1263 3094 (13)
1281 3029 1402 3086 Parcus
1421 3031 1488 3088 labro
1511 3049 1582 3086 cono
1607 3031 1644 3086 acl
1659 3031 1773 3088 cdc'ctum
1808 3031 1920 3086 Debitor

1109 3115 1192 3162 meus,
1211 3097 1257 3166 qui
1271 3099 1335 3152 mihi
1350 3099 1541 3166 quinquaginta
1556 3099 1677 3164 debebat,
1697 3099 1824 3154 decessit:
1841 3099 1920 3154 buius

1109 3163 1264 3218 hereditatis
1291 3165 1455 3220 curationem
1481 3167 1587 3234 suscepi
1613 3171 1639 3220 et
1664 3165 1782 3234 impendi
1814 3165 1919 3220 decem:

1111 3231 1205 3284 deinde
1221 3231 1332 3286 redacta
1349 3247 1383 3286 ex
1399 3231 1550 3286 venditione
1566 3233 1605 3286 rei
1622 3231 1797 3286 hereditariae
1815 3237 1921 3286 centum

1109 3301 1137 3352 in
1163 3313 1229 3352 arca
1253 3299 1376 3368 reposui:
1409 3301 1476 3354 haec
1502 3299 1559 3352 sine
1586 3301 1665 3368 crdpa
1690 3315 1750 3352 mea
1775 3301 1919 3368 perierunt.

1110 3367 1260 3434 quaesitum
1277 3371 1325 3430 est,
1344 3365 1560 3430 archimede,
1580 3367 1624 3436 qui
1642 3367 1802 3436 quandoque
1820 3367 1920 3422 extitis-

1110 3441 1159 3498 set,
1177 3433 1219 3506 rel
1238 3433 1365 3486 creditam
1382 3433 1523 3502 pecuniam
1541 3433 1733 3502 quinquaginta
1749 3439 1842 3502 petere
1857 3451 1920 3504 pos·

1111 3499 1160 3556 sim
1184 3501 1227 3556 rel
1250 3499 1343 3556 decem
1366 3517 1434 3570 quae
1451 3501 1575 3570 impendi.
1610 3501 1761 3556 Ιιιιιιιιιιι11
1779 3503 1871 3558 scribit
1894 3503 1920 3556 in

1111 3583 1141 3622 eo
1159 3567 1226 3622 uerti
1243 3569 1434 3636 quaestionem,
1451 3573 1482 3622 ut
1499 3569 1753 3634 animadvertamus,
1772 3585 1808 3624 an
1824 3571 1920 3624 iustam

1111 3649 1220 3688 causam
1236 3635 1377 3688 habuerim
1394 3637 1606 3706 seponendorum
1625 3643 1743 3690 centum:
1761 3653 1824 3690 nam
1838 3637 1861 3692 si
1876 3637 1920 3690 de-

1109 3701 1213 3756 buerim
1239 3707 1266 3756 et
1291 3703 1356 3756 mihi
1381 3709 1408 3758 et
1433 3703 1528 3758 ceteris
1554 3703 1721 3758 hereditariis
1747 3703 1920 3760 creditoribus

1110 3769 1226 3834 solvere,
1244 3769 1392 3838 perieulum
1409 3787 1463 3826 non
1481 3771 1566 3826 solum
1583 3771 1733 3840 sexaginta,
1752 3771 1799 3826 red
1817 3777 1843 3826 et
1859 3771 1920 3826 reli·

1110 3853 1223 3904 quorum
1238 3837 1414 3906 quadraginta
1424 3839 1445 3872 ¹²
1459 3853 1502 3892 me
1515 3843 1721 3906 praestaturum,
1732 3839 1823 3894 decem
1831 3845 1921 3894 tamen

1110 3919 1179 3974 quae
1191 3905 1364 3972 impenderim
1377 3907 1582 3970 retenturum1³,
1599 3907 1626 3960 id
1644 3913 1685 3960 est
1702 3907 1760 3962 sola
1776 3907 1921 3976 ιιοιιιςιιιιι

1108 3971 1314 4026 restituenda²⁴.
1350 3973 1374 4026 si
1397 3989 1459 4028 vero
1484 3973 1556 4026 iusta
1583 3989 1665 4028 causa
1689 3973 1785 4040 luerit,
1811 3979 1921 4044 propter

1110 4055 1191 4108 quam
1208 4039 1311 4108 integra
1328 4045 1436 4096 centum
1453 4039 1659 4106 custodirentur,
1675 4041 1758 4096 veluti
1774 4041 1797 4096 si
1813 4043 1919 4110 pericu·

1109 4106 1164 4162 lum
1188 4113 1260 4174 erat,
1284 4123 1319 4162 ne
1340 4109 1450 4178 praedia
1472 4107 1501 4162 iu
1524 4109 1661 4180 publicum
1684 4109 1919 4172 committerentur,

1109 4189 1143 4228 ne
1168 4189 1257 4256 poena
1280 4175 1444 4258 traiecticiae
1468 4177 1599 4246 pecuniae
1625 4181 1764 4296 augeretur
1784 4173 1861 4228 ιιιι11
1888 4189 1926 4254 ιιι

1109 4249 1718 4382 imitatidimidiatis?tt
1735 4243 1920 4378 illidii?

1110 4377 1238 4460 quaginta
1254 4395 1323 4450 quae
1339 4379 1403 4434 mihi
1421 4381 1509 4436 debita
1526 4385 1589 4434 sunt
1607 4379 1640 4432 ab
1657 4377 1753 4432 herede
1769 4393 1812 4430 me
1827 4391 1918 4432 conse·

1128 4465 1145 4500 u
1256 4489 1261 4504 2

1110 4463 1265 4582 qiffbsffil
1289 4515 1434 4572 Horremus
1460 4517 1528 4572 libro
1552 4513 1654 4570 decimo
1679 4511 1718 4566 ael
1742 4511 1867 4592 celicium⁸
1892 4513 1920 4566 Si

1109 4583 1180 4638 filius
1196 4583 1311 4640 familias
1329 4585 1434 4654 negotia
1450 4583 1564 4654 gessisse
1587 4585 1767 4650 proponatur,
1791 4581 1919 4648 aeqmssi·

1109 4669 1183 4706 mum
1201 4653 1251 4708 erit
1266 4653 1295 4706 in
1311 4657 1416 4720 patrem
1432 4665 1538 4720 quoque
1555 4647 1687 4702 actionem
1706 4647 1777 4712 dari,
1801 4647 1856 4704 sire
1872 4665 1920 4720 pe·

1111 4721 1210 4774 culium
1227 4721 1310 4776 habet
1327 4721 1381 4774 sire
1397 4719 1425 4772 iu
1441 4731 1498 4772 rem
1514 4715 1599 4786 patris
1617 4715 1659 4768 sui
1675 4715 1767 4772 vertit:
1786 4721 1812 4770 et
1830 4717 1853 4772 si
1871 4733 1918 4772 an-

1110 4789 1179 4852 cilla,
1198 4789 1275 4844 simili
1292 4787 1379 4840 modo.

1146 4853 1185 4912 14
1205 4853 1264 4922 (15)
1283 4855 1402 4930 Paucos
1422 4851 1490 4906 libro
1511 4867 1584 4930 uoco
1601 4851 1639 4906 ad
1655 4851 1770 4908 edictam
1802 4853 1919 4936 Pompo·

1110 4923 1170 4978 nius
1196 4923 1265 4978 libro
1290 4921 1433 4976 vicensimo
1457 4921 1533 4972 sexto
1556 4935 1584 4972 m
1607 4921 1718 4990 negotiis
1740 4923 1821 4992 gestis
1844 4923 1918 4978 imtio

1111 4993 1240 5062 cuiusque
1247 4989 1374 5058 temporis
1384 4987 1405 5020 ’Β
1420 4987 1602 5068 condicionem
1611 4989 1783 5060 spectandam
1791 4993 1836 5046 ait.
1855 4993 1919 5062 quid

252 5051 295 5104 aed
312 5053 420 5132 eplicit,
437 5059 460 5110 si
473 5059 573 5112 utiliter
585 5057 675 5126 gessit,
694 5057 744 5110 etsi
758 5057 880 5112 effectum
894 5077 949 5112 non
963 5059 1059 5114 habuit
1111 5059 1194 5126 euim,
1218 5059 1318 5128 inquit,
1344 5057 1368 5110 si
1390 5055 1485 5124 pupilli
1506 5057 1613 5126 negotia
1635 5059 1768 5128 coeperim
1784 5075 1875 5130 gerere
1894 5067 1920 5114 et

252 5125 388 5198 negotium.
417 5129 443 5176 et
452 5125 511 5180 ideo
521 5125 544 5180 si
558 5123 673 5178 insulam
686 5123 763 5176 fulsit
776 5125 817 5176 rel
831 5141 937 5180 serrum
951 5143 1059 5194 aegrum
1109 5127 1179 5182 inter
1195 5141 1284 5182 moras
1300 5123 1386 5192 pubes
1402 5123 1491 5178 lactus
1509 5125 1564 5180 sit?
1589 5127 1630 5182 rel
1648 5127 1716 5182 servi
1738 5133 1786 5182 aut
1807 5127 1856 5182 filii
1877 5127 1918 5182 ia-

251 5193 364 5252 emera,
389 5191 491 5248 etiamsi
512 5193 601 5248 insula
623 5197 719 5248 exusta
741 5197 781 5244 ιιι
804 5191 845 5246 vel
868 5207 960 5246 servus
984 5195 1058 5260 obiit,
1109 5195 1196 5248 milies
1214 5197 1242 5248 et
1257 5193 1359 5246 interea
1374 5191 1441 5246 liber
1457 5197 1505 5248 aut
1520 5199 1599 5264 pater
1611 5195 1725 5250 familias
1740 5195 1851 5250 effectus
1866 5197 1919 5250 sit?

251 5257 311 5324 aget
323 5259 486 5324 negotiomm
509 5267 658 5330 gestorum:
681 5257 762 5330 idque
785 5263 811 5314 et
835 5257 927 5314 Labeo
951 5261 1068 5328 probat,
1109 5263 1161 5316 hoc
1180 5267 1206 5314 et
1223 5275 1272 5330 ego
1289 5261 1377 5314 verius
1395 5275 1452 5316 esse
1469 5261 1563 5328 didici,
1589 5263 1640 5318 nisi
1657 5263 1680 5318 si
1697 5263 1731 5318 ab
1748 5263 1823 5320 initio
1842 5263 1919 5332 quasi

254 5429 279 5490 (1)
296 5431 444 5484 temeturF¹
557 5435 589 5498 (ι)
608 5435 664 5484 binc
674 5433 748 5500 legem
758 5431 928 5498 iambiuotFS
938 5431 1059 5482 coutraB
1112 5431 1208 5484 del.F²
1298 5431 1342 5498 (13)
1360 5433 1699 5500 assumpseramus
1711 5433 1917 5500 ιιιιιιιιιιιιιιιιι*2

251 5495 281 5558 (ι)
299 5503 323 5548 ιι
332 5499 354 5552 S
362 5521 414 5554 cam
423 5499 459 5560 B,
469 5517 513 5550 om.
523 5499 550 5550 F
597 5503 629 5566 (4)
644 5503 782 5566 probavero
791 5503 889 5550 tamen:
899 5497 1059 5564 negotiorum
1111 5501 1154 5562 (14)
1173 5499 1314 5564 periculum
1323 5517 1375 5552 non
1385 5503 1464 5554 solum
1474 5503 1668 5568 quinquaginta,
1679 5503 1722 5552 sed
1731 5501 1917 5566 etreliquorum

251 5563 359 5634 Krueger
409 5569 441 5634 (ι)
460 5567 673 5630 dictudeicto
683 5569 907 5632 S,dumtaxatscr.
968 5567 1002 5630 (ι)
1019 5581 1059 5616 re·
1109 5565 1529 5636 qnadragintamepraestaturum,
1547 5571 1731 5630 decemtamen,
1748 5569 1917 5634 quaaimpen·

251 5631 383 5696 probariF
431 5639 462 5704 (ι)
484 5635 620 5688 detitored'
684 5637 718 5700 (8)
737 5637 862 5700 exegerim
870 5631 910 5684 F³
962 5633 996 5698 (9)
1015 5649 1057 5682 ue·
1110 5633 1190 5682 danim
1199 5637 1356 5688 retenturum
1370 5641 1464 5700 (deletis
1472 5639 1625 5704 sequentibus
1633 5635 1660 5686 id
1669 5641 1707 5686 ost
1716 5637 1769 5686 sola
1778 5635 1917 5698 nonaginta

250 5701 447 5764 gotiabsentirF
551 5701 1059 5770 (tulouiusfueruntnegotiaodd.Iusti·
1107 5703 1271 5766 restituenda)
1280 5705 1301 5756 1.
1313 5707 1347 5756 Β.
1358 5707 1467 5758 Koeblcr
1517 5705 1562 5770 (la)
1580 5719 1614 5754 ne
1622 5703 1695 5754 fenus
1703 5707 1735 5752 tr.
1745 5717 1798 5766 pec.
1809 5715 1866 5762 aug.
1877 5699 1919 5748 aut

250 5769 319 5824 abac
354 5773 427 5836 ’(11)
446 5773 720 5824 obiulianusl.inc.F
784 5773 827 5834 (12)
845 5769 945 5818 milium
956 5767 1056 5830 ian1,
1107 5785 1244 5836 poeuascr.
1296 5773 1342 5828 {iti
1359 5773 1536 5834 temporisdel.
