4366 6258
293 373 336 420 nn
356 365 572 418 unnnniriris
592 367 767 420 summoue
1088 349 1125 424 tl
1560 367 1562 370 ’
1822 353 1848 420 V
1871 361 1927 424 23

292 537 437 606 eisdemque
453 537 606 604 permissum
623 541 664 590 est
680 535 759 590 etiam
776 537 921 604 appellare,
944 537 967 592 si
989 541 1083 592 contra
1149 537 1277 592 uentitate
1292 539 1442 596 hereditatis
1457 541 1498 598 vel
1511 551 1598 594 rerum
1613 537 1668 590 eius
1676 535 1841 592 restitutione
1850 539 1926 592 satis-

293 613 303 662 l
338 611 521 660 testamentum
537 603 735 676 pronuntiatum
751 603 837 660 fuerit.
872 605 914 660 De
935 603 1081 660 inofficioso
1131 553 1202 658 dare.
1229 619 1309 658 causa
1326 613 1412 664 autem
1436 609 1556 674 cognita,
1581 605 1705 662 aminon
1728 605 1788 658 talis
1811 603 1928 660 datasit

290 679 443 730 testamento
460 673 549 728 matris
567 673 648 742 spurii
665 689 768 752 quoque
790 673 837 726 filii
860 673 945 728 dicere
961 679 1080 742 possunt.
1133 669 1278 738 satisdatio,
1295 671 1425 728 sedsolita
1437 675 1532 740 cautio,
1544 669 1769 740 etiampostlitem
1780 673 1921 736 coeptam.⁹

290 749 303 796 2
338 741 585 810 Quamvisinstituta
598 739 738 794 inofficiosi
752 743 900 794 testamenti
914 739 1083 796 accusatione
1131 737 1334 792 deminutionem
1350 753 1378 792 se
1396 755 1580 796 concessurum
1597 741 1703 808 praetor
1727 735 1819 802 edixit,
1844 755 1878 794 ne
1899 741 1926 794 in

289 825 328 866 res
351 809 527 862 transactione
553 805 639 862 decisa
662 807 709 872 sit,
734 813 822 862 tamen
848 815 1032 862 testamentum
1053 807 1081 862 in
1130 811 1215 862 totuin
1232 805 1373 860 deminutio
1396 805 1520 874 impedita
1541 809 1568 864 in
1591 809 1677 876 aliquo
1702 805 1779 858 etiem
1802 805 1926 862 utilitates

289 895 335 934 suo
352 877 408 930 iure
424 881 524 928 manet:
543 879 570 928 et
585 875 643 928 ideo
662 877 740 928 datae
755 875 784 928 iri
802 889 832 928 eo
850 875 984 930 libertates
1002 881 1082 946 atque
1129 875 1197 928 alias
1218 873 1351 942 impediat.
1377 877 1408 926 ut
1430 879 1495 940 puta
1520 877 1542 928 si
1566 877 1599 928 od
1616 877 1695 928 funus
1713 873 1747 928 sit
1764 871 1863 940 aliquid
1880 891 1924 928 ne·

287 949 385 1014 legata,
408 959 490 1014 usque
513 959 564 1012 quo
582 943 700 1002 Falcidia
722 943 864 1012 permittit,
887 959 961 998 suam
983 943 1082 996 babent
1131 943 1287 996 cessarium:
1304 957 1365 994 nain
1377 939 1476 994 funeris
1487 943 1575 1008 'gratia
1584 943 1783 998 deminutionem
1792 941 1926 1008 permittit.

288 1019 302 1068 t
335 1015 498 1080 potestatem.
542 1009 671 1078 Quoniam
700 1009 798 1064 demina
828 1009 929 1064 nullum
954 1011 1080 1080 adoptare
1129 1009 1191 1062 item
1218 1009 1241 1062 si
1265 1009 1382 1062 futurum
1408 1013 1461 1072 est,
1484 1015 1528 1072 ut,
1553 1011 1604 1064 nisi
1627 1009 1740 1080 pecunia
1763 1009 1833 1062 intra
1860 1009 1926 1062 diem

287 1079 365 1136 filium
383 1079 438 1132 sine
455 1077 528 1132 iussu
545 1077 670 1146 principis
688 1083 789 1146 potest,
812 1093 862 1132 neo
886 1079 918 1132 de
934 1077 1080 1132 inofficioso
1129 1077 1254 1142 solvatur,
1272 1075 1365 1144 pignus
1384 1075 1554 1130 distrahatur.
1580 1077 1670 1132 sedet
1704 1081 1794 1148 ropter
1810 1075 1926 1130 familiae

286 1149 439 1202 testamento
463 1145 531 1210 eius,
556 1161 633 1212 quain
658 1147 714 1214 quis
738 1145 788 1198 sibi
805 1151 915 1198 matrem
932 1145 1080 1214 adoptivam
1130 1145 1230 1198 cibaria
1244 1143 1392 1198 necessaria
1406 1141 1456 1198 erit
1472 1141 1619 1198 deminutio.
1647 1097 1703 1200 sedJ
1712 1153 1737 1202 et
1754 1161 1796 1200 res
1812 1149 1929 1220 tempore

286 1219 300 1268 t
333 1213 400 1270 falso
418 1227 474 1266 esse
492 1213 671 1278 existimabat,
689 1229 765 1282 agere
782 1219 876 1282 potest.
911 1213 942 1266 In
965 1229 996 1266 ea
1018 1231 1079 1282 pro·
1132 1217 1143 1264 1
1199 1213 1310 1266 erituras
1318 1211 1468 1280 permittere
1477 1209 1554 1264 debet
1562 1219 1667 1278 praetor
1676 1213 1828 1268 distrahere.
1846 1213 1928 1266 Divus

285 1281 367 1336 vincia
384 1281 416 1334 de
432 1279 579 1334 inofficioso
596 1285 751 1336 testamento
769 1281 811 1348 agi
834 1285 952 1348 oportet,
976 1281 1003 1332 in
1028 1297 1080 1348 qua
1129 1229 1278 1332 Hadir'anus
1293 1279 1389 1332 Trebio
1405 1277 1529 1344 Sergiano
1545 1279 1687 1346 rescripsit,
1705 1287 1735 1336 ut
1748 1283 1837 1336 Aelius
1852 1281 1927 1334 Asia-

285 1349 372 1414 seripti
389 1347 496 1401 heredes
515 1347 672 1400 domicilium
689 1347 795 1400 habent.
1130 1347 1197 1398 ticos
1216 1345 1290 1400 daret
1307 1345 1371 1400 satis
1395 1345 1428 1398 de
1450 1343 1595 1398 hereditate
1618 1361 1685 1422 quae
1709 1351 1742 1402 ab
1767 1363 1798 1404 eo
1821 1349 1928 1468 pletitur,

317 1411 355 1472 30
373 1413 546 1468 Maecianus
561 1413 627 1468 libro
645 1421 741 1484 quarto
759 1415 954 1468 institutionum
979 1413 1077 1468 Adver-
1130 1417 1157 1466 ει
1172 1411 1211 1466 sio
1228 1413 1324 1466 falsum
1341 1413 1425 1466 dicet:
1443 1411 1574 1474 hocideo,
1592 1425 1653 1478 quia
1668 1415 1811 1468 sustinetur
1845 1415 1926 1470 eredi-

284 1499 326 1538 sus
343 1485 526 1534 testamentum
542 1481 588 1534 filii
605 1481 633 1534 in
650 1481 817 1550 adoptionem
835 1481 891 1534 dati
907 1487 983 1550 pater
999 1487 1077 1534 natu·
1128 1479 1191 1534 tatis
1214 1481 1347 1548 petitionis
1370 1477 1509 1544 indicium,
1532 1477 1617 1532 donec
1639 1477 1701 1532 falsi
1724 1497 1806 1536 causa
1828 1489 1927 1562 agatur.

282 1549 342 1604 rahe
366 1553 438 1602 recte
463 1548 495 1602 de
520 1549 666 1602 inofficioso
692 1553 849 1602 testamento
875 1563 951 1616 agere
982 1553 1076 1616 potest.
1128 1551 1144 1600 2
1178 1547 1279 1600 Eorum
1301 1547 1470 1612 indiciorum,
1495 1561 1563 1614 quae
1585 1543 1618 1600 de
1634 1546 1786 1602 hereditatis
1802 1551 1929 1618 petitione

284 1625 294 1672 l
331 1615 492 1670 Tutoribus¹
506 1615 597 1684 pupilli
611 1615 714 1672 nomiae
728 1615 910 1686 sinepericulo
926 1615 990 1680 eius,
1008 1615 1078 1686 quod
1130 1621 1199 1680 sunt,
1217 1631 1249 1670 ea
1267 1615 1409 1670 auotoritas
1427 1619 1475 1680 est,
1493 1619 1523 1668 ut
1539 1613 1603 1666 nihil
1620 1613 1648 1666 in
1665 1615 1855 1684 praeiudicium
1872 1619 1928 1672 eius

281 1689 434 1740 testamento
453 1683 542 1738 datum
561 1689 613 1748 est,
638 1699 713 1752 agere
729 1699 807 1754 posse
825 1683 858 1738 de
873 1683 1021 1738 inofficioso
1038 1685 1079 1738 vel
1128 1681 1218 1738 iudicii
1235 1683 1291 1738 fieri
1309 1683 1410 1738 debeat.

281 1753 345 1806 salso
363 1757 518 1806 testamento
536 1753 588 1804 divi
602 1751 711 1806 Severus
730 1757 756 1806 et
770 1753 919 1806 Antoninus
937 1753 1077 1820 rescripse-
1163 1747 1279 1806 diosus
1291 1753 1358 1804 libro
1375 1751 1587 1822 repacopeusi'mo
1605 1751 1698 1820 quinto
1713 1749 1750 1804 ud
1763 1751 1876 1804 edictum
1903 1753 1930 1808 Si

281 1827 347 1876 runt.
1127 1821 1314 1870 testamentum
1337 1817 1431 1872 falsum
1454 1831 1512 1870 esse
1535 1817 1639 1872 dicatur
1662 1823 1689 1870 et
1712 1833 1745 1870 ex
1769 1831 1799 1870 eo
1816 1817 1930 1888 legatum

312 1881 348 1942 31
368 1885 486 1940 Prosus
506 1885 573 1942 libro
595 1885 730 1954 singulari
744 1885 777 1940 de
793 1885 1022 1956 septemnarium
1038 1887 1078 1940 iu·
1127 1889 1248 1954 petatur,
1280 1885 1320 1938 vel
1346 1885 1535 1954 praestandum
1562 1891 1601 1938 est
1627 1885 1716 1940 oblata
1743 1883 1866 1940 cendone
1889 1885 1930 1942 vel

279 1953 353 2008 dictis
387 1951 414 2006 Si
437 1953 459 2008 is
482 1953 528 2022 qui
550 1953 695 2008 admittitur
717 1953 752 2008 ad
773 1955 986 2018 accusationem,
1011 1953 1078 2008 nolit
1128 1951 1306 2022 quaerendum
1328 1967 1362 2006 an
1387 1951 1527 2016 debeatur,
1553 1951 1602 2006 etsi
1626 1957 1813 2008 testamentum
1835 1951 1931 2008 falsum

279 2027 323 2076 sut
339 2037 393 2076 uon
409 2021 494 2090 possit
512 2035 651 2086 accusare,
671 2035 705 2074 an
722 2037 836 2090 sequens
854 2021 1020 2088 admittatur,
1038 2023 1075 2074 vi·
1127 2035 1185 2074 esse
1203 2021 1314 2074 dicatur.
1342 2021 1365 2074 ei
1382 2025 1470 2074 tamen
1486 2019 1532 2090 qui
1548 2019 1608 2074 falsi
1626 2025 1748 2086 accusat,
1766 2019 1789 2074 si
1806 2025 1930 2088 suscepta

279 2089 391 2144 dandum
407 2093 454 2142 est.
479 2093 505 2142 et
518 2089 618 2158 placuit
626 2105 711 2158 posse,
728 2095 758 2142 ut
766 2089 814 2142 fiat
824 2089 984 2144 successioni
992 2089 1074 2144 locus
1128 2089 1242 2154 cognitio
1260 2095 1309 2154 est,
1327 2105 1380 2142 non
1398 2093 1438 2142 est
1456 2087 1578 2144 dandum.

280 2165 291 2212 t
326 2155 458 2224 Quantum
479 2157 514 2210 ad
536 2157 677 2212 inofficiosi
698 2157 840 2212 liberorum
866 2157 905 2212 vel
928 2157 1077 2226 parentium
1163 2155 1278 2212 'iluna
1298 2157 1365 2210 libro
1388 2161 1485 2226 quarto
1503 2157 1603 2212 decimo
1621 2155 1658 2212 ud
1674 2155 1787 2212 edictum
1821 2155 1930 2224 Siquis

278 2225 416 2294 querellam
425 2225 546 2292 pertinet,
562 2227 627 2278 nihil
635 2225 752 2290 interest,
767 2225 825 2292 quis
834 2225 870 2280 sit
877 2227 953 2278 lieres
962 2225 1076 2292 scriptus
1127 2225 1275 2278 libertatem
1293 2239 1326 2278 ex
1342 2229 1499 2278 testamento
1517 2223 1567 2278 sibi
1591 2223 1746 2292 competisse
1769 2221 1854 2288 dicat,
1878 2239 1931 2278 non

277 2297 291 2346 2
325 2307 357 2344 ex
373 2291 462 2346 liberis
479 2307 514 2344 an
532 2293 662 2346 extraneis
679 2293 719 2344 vel
735 2293 921 2360 municipibus.
956 2291 984 2344 Si
1001 2293 1076 2346 heres
1127 2291 1233 2346 debebit
1247 2291 1327 2344 iudex
1343 2291 1374 2344 de
1388 2291 1507 2344 libertate
1523 2293 1679 2346 sententiam
1694 2291 1788 2356 dicere,
1807 2305 1840 2344 ns
1853 2305 1926 2358 prae·

277 2359 401 2414 extiterim
419 2359 450 2424 ei,
469 2359 513 2428 qui
530 2377 561 2414 eo
578 2365 735 2414 testamento
750 2359 888 2414 institutus
905 2359 1029 2428 estquod
1044 2359 1077 2412 de
1126 2359 1252 2414 iudicium
1270 2359 1302 2412 de
1319 2365 1476 2412 testamento
1495 2359 1630 2428 cognitura
1648 2357 1743 2412 iaciat:
1762 2359 1840 2410 etita
1856 2373 1929 2412 sena-

275 2425 418 2482 inofficioso
437 2443 546 2494 arguere
562 2429 629 2492 volo,
647 2443 701 2482 non
716 2427 780 2480 mihi
794 2427 908 2494 nocebit,
926 2427 1039 2482 maxime
1054 2427 1077 2482 si
1126 2431 1170 2482 tus
1194 2427 1311 2480 censuit:
1337 2427 1383 2480 sed
1406 2431 1433 2480 et
1458 2425 1533 2480 divus
1551 2427 1681 2482 Traianus
1704 2425 1840 2494 rescripsit
1858 2425 1929 2480 diffe-

275 2511 331 2550 eum
344 2495 490 2574 portionem
506 2511 558 2548 non
572 2495 722 2564 possideam
735 2497 776 2548 vel
791 2495 849 2548 iure
859 2511 906 2548 sno
915 2495 1074 2564 possideam.
1127 2493 1237 2550 rendum
1256 2495 1287 2548 de
1310 2495 1432 2548 libertate
1455 2495 1594 2560 iudicium,
1621 2495 1704 2548 donee
1730 2491 1762 2548 de
1784 2491 1931 2548 inofficioso

275 2569 288 2618 3
322 2563 461 2616 Diversum
486 2563 617 2628 dicemus,
642 2563 665 2616 si
688 2563 813 2632 legaverit
838 2563 902 2616 mihi
929 2579 986 2618 eam
1011 2581 1075 2628 rem,
1128 2567 1140 2616 1
1176 2563 1303 2616 iudicium
1327 2567 1374 2616 aut
1395 2561 1539 2616 inducatur
1561 2567 1608 2616 aut
1631 2563 1709 2616 finem
1735 2559 1857 2630 accipiat.
1892 2561 1932 2614 lta

276 2643 353 2698 quam
368 2629 426 2698 quis
438 2645 471 2682 ex
482 2645 513 2682 eo
522 2633 681 2682 testamento
692 2635 843 2698 acceperat:
863 2645 925 2684 nam
934 2629 955 2684 si
965 2645 1022 2684 eam
1031 2629 1077 2682 ad·
1127 2629 1240 2686 demum¹
1250 2635 1338 2684 autem
1355 2629 1518 2686 sustinentur
1535 2629 1654 2684 liberalia
1670 2629 1777 2694 iudicia,
1796 2629 1819 2682 si
1832 2629 1885 2682 iam
1901 2629 1932 2682 de

274 2701 289 2750 4
322 2713 456 2766 gnosoam,
473 2697 585 2764 repellar
593 2695 627 2750 ab
636 2697 813 2752 accusatione.
833 2697 1078 2766 Quidergosialias
1125 2699 1273 2752 inofficioso
1291 2697 1416 2752 iudicium
1435 2703 1611 2752 contestatum
1628 2703 1682 2752 est:
1706 2703 1822 2752 ceterum
1840 2697 1863 2752 si
1879 2713 1933 2752 non

273 2763 432 2818 voluntatem
449 2767 583 2818 testatoris
601 2765 785 2832 probaverim?
802 2771 867 2834 puta
881 2767 908 2818 in
920 2769 1077 2820 testamento
1127 2771 1302 2830 contestetur,
1325 2781 1380 2820 non
1404 2769 1610 2834 exspectantnr⁵
1626 2765 1746 2820 liberalia
1769 2765 1881 2818 iudicia:
1907 2769 1932 2818 et

272 2833 356 2886 adseri
376 2833 454 2886 serim
470 2837 531 2900 post
548 2837 658 2886 mortem
676 2833 759 2900 patris
778 2833 929 2888 consentire
947 2835 1007 2888 mel
1032 2851 1074 2890 re·
1125 2833 1164 2886 ita
1189 2833 1264 2888 divus
1281 2833 1345 2888 Pius
1367 2835 1511 2902 rescripsit.
1546 2851 1607 2888 nam
1632 2851 1692 2888 cum
1715 2833 1821 2902 quidam
1844 2833 1932 2886 Licin·

271 2849 405 2968 pellendus
424 2915 482 2954 sum
499 2901 532 2954 ab
551 2899 729 2954 accusatione.
1125 2901 1221 2956 nianns
1240 2901 1272 2956 de
1290 2905 1362 2956 statu
1385 2917 1433 2956 suo
1459 2901 1639 2970 quaestionem
1661 2901 1814 2968 patiebatur
1837 2905 1877 2966 et,
1900 2915 1933 2954 ne

303 2963 438 3024 321om
460 2967 527 3022 libro
544 2967 681 3038 stupratori
696 2967 729 3022 dc
746 2967 900 3040 inofficioso
919 2971 1074 3022 testamento
1125 2969 1254 3024 maturius
1271 2969 1488 3038 pronuntiaretur
1505 2971 1537 3024 de
1560 2969 1716 3024 confficione
1739 2983 1802 3034 sua,
1826 2969 1933 3022 uolebat

272 3035 297 3088 Si
314 3035 489 3090 exheredatus
505 3037 605 3104 petenti
621 3037 736 3104 legatum
754 3051 786 3090 ex
809 3041 969 3090 testamento
993 3037 1073 3092 advo·
1125 3037 1161 3090 ad
1177 3035 1285 3090 liberale
1301 3037 1426 3090 iudicium
1444 3037 1496 3102 ire,
1523 3037 1612 3090 dicens
1636 3041 1821 3116 suscepturum
1844 3051 1874 3090 se
1900 3037 1932 3090 de

270 3103 528 3172 cationempraebuit
536 3103 782 3172 procurationemve
792 3105 947 3172 susceperit,
956 3119 1072 3160 remove·
1124 3103 1272 3158 inofficioso
1295 3109 1454 3158 testamento
1477 3103 1603 3158 iudicium
1627 3111 1653 3158 et
1669 3109 1814 3172 petitorum
1830 3103 1932 3160 heredi-

270 3177 312 3224 tur
336 3171 369 3224 ab
398 3173 580 3226 accusatione:
608 3171 763 3238 adgnouisse
790 3173 859 3226 enim
884 3171 1003 3236 videtur,
1030 3171 1074 3240 qui
1124 3175 1221 3236 tatem,
1240 3171 1301 3238 quia
1318 3171 1467 3226 libertatem
1485 3177 1511 3226 et
1527 3171 1700 3226 hereditatem
1724 3187 1756 3226 ex
1773 3175 1932 3226 testamento

272 3243 281 3292 l
317 3241 472 3310 qualequale
480 3239 605 3294 iudicium
615 3237 733 3292 defuncti
743 3241 931 3308 comprobavit.
960 3241 1073 3308 Silega
1125 3239 1176 3294 sibi
1193 3237 1363 3292 defendebat:
1391 3239 1465 3294 divus
1482 3239 1546 3292 Pius
1565 3239 1615 3304 ait,
1634 3241 1657 3292 si
1674 3239 1779 3308 quidem
1796 3255 1934 3308 possessor

268 3307 333 3362 torio
356 3309 432 3362 heres
452 3307 566 3362 extiterit
583 3307 758 3362 exheredatus
774 3307 933 3376 petieritque
949 3307 1073 3376 legatum,
1126 3311 1195 3362 esset
1204 3307 1358 3360 hereditatis
1366 3307 1548 3372 Licinnianus,
1563 3307 1668 3362 facilius
1685 3307 1853 3372 audiendum,
1868 3323 1932 3376 quo-

266 3375 408 3430 videbimus
431 3391 466 3428 an
488 3375 523 3430 sit
545 3375 748 3430 summovendus
766 3377 800 3428 ab
818 3376 870 3430 hac
888 3377 1072 3430 accusatione:
1124 3377 1195 3430 niam
1209 3381 1280 3430 εεεει
1295 3375 1449 3430 hereditatis
1464 3375 1570 3428 nomine
1585 3375 1712 3430 iudicium
1724 3379 1898 3442 suscepturus
1910 3379 1935 3428 et

267 3449 365 3496 certum
383 3445 441 3496 est²
460 3443 528 3496 enini
551 3441 678 3496 iudicium
701 3443 819 3504 defuncti
844 3449 870 3496 et
892 3459 987 3496 rursus
1009 3443 1073 3496 nihil
1124 3451 1181 3498 crat
1197 3443 1347 3498 inarbitrio
1363 3443 1427 3508 eine,
1445 3441 1491 3510 qui
1502 3457 1530 3496 se
1541 3443 1674 3496 dominum
1685 3457 1742 3496 esse
1751 3443 1822 3508 dicit,
1841 3445 1935 3510 ageree

266 3511 290 3564 ei
313 3527 345 3566 ex
367 3517 525 3566 testamento
548 3511 670 3564 rehctum
692 3527 784 3564 verum
809 3517 856 3564 est.
884 3511 967 3566 tutius
985 3515 1074 3566 tamen
1124 3509 1158 3562 de
1178 3509 1327 3564 inofficioso
1351 3513 1509 3564 testamento
1535 3509 1670 3564 iudiciuin.
1704 3525 1776 3564 nunc
1799 3525 1859 3566 vero
1884 3511 1933 3566 sub

265 3577 363 3646 leeemt,
382 3579 405 3634 si
422 3595 451 3634 se
468 3577 624 3634 abstinuerit
642 3595 658 3634 a
675 3579 805 3650 petitione
821 3577 909 3648 legati.
1124 3577 1236 3632 obtentu
1258 3577 1348 3632 iudicii
1367 3577 1399 3632 de
1415 3577 1564 3634 inofficioso
1582 3583 1742 3634 testamento
1760 3577 1794 3632 ab
1812 3579 1871 3648 ipso
1889 3579 1933 3632 Li·

1124 3645 1248 3700 cinniano
1266 3663 1321 3700 non
1339 3649 1455 3714 suscepti
1472 3661 1520 3714 per
1537 3647 1747 3716 quinquennium
1765 3663 1820 3700 non
1838 3647 1935 3702 debere

629 3721 673 3778 111
681 3717 701 3778 ³,
1123 3729 1225 3766 moram
1247 3713 1305 3768 fieri
1323 3715 1449 3768 servituti.
1477 3715 1556 3784 plane
1574 3715 1723 3770 summatim
1741 3715 1934 3770 aestimandum
1992 3727 1995 3732 ·

413 3819 458 3868 is
1122 3781 1434 3904 {stastatuta}
1451 3781 1933 3920 fiilisinisteritatis:

297 3917 311 3976 1
335 3919 425 3976 Gaius
440 3919 508 3974 libro
524 3923 602 3974 scuto
618 3919 656 3972 ad
668 3919 782 3974 edictum
792 3917 963 3988 ,provinciale
987 3919 1071 3972 Here·
1122 3917 1249 3972 tuendum
1266 3917 1400 3972 modicum
1416 3925 1536 3988 tempus,
1559 3919 1631 3972 intra
1654 3919 1725 3988 quod
1742 3919 1765 3974 si
1782 3935 1836 3974 non
1853 3919 1934 3974 fuerit

262 3987 330 4042 uitas
353 3987 387 4042 ad
409 4003 459 4042 nos
481 3987 596 4056 pertinet
614 3991 661 4042 aut
677 3991 765 4042 vetere
781 3985 841 4040 iure
858 3991 906 4040 aut
922 4003 1000 4042 novo.
1026 4001 1071 4038 ve·
1124 3991 1316 4054 contestatum,
1339 3987 1430 4042 iubeat
1453 3985 1568 4042 iudicem
1591 3985 1721 4042 libertatis
1738 3987 1860 4056 partibus
1878 3987 1934 4042 suis

261 4061 315 4108 tere
333 4069 347 4108 e
363 4055 420 4124 lege
443 4055 585 4110 duodecim
607 4057 760 4110 tabularum
782 4055 825 4110 vel
848 4069 881 4108 eii
902 4057 1070 4120 testamento,
1123 4057 1137 4106 2
1173 4053 1255 4124 fungi
1283 4053 1410 4122 Quotiens
1429 4059 1517 4108 autem
1535 4053 1593 4124 quis
1610 4057 1712 4124 patitur
1729 4055 1935 4110 controversiam

261 4123 330 4194 quod
347 4123 403 4176 iure
419 4123 522 4178 factum
539 4129 580 4178 est
1121 4121 1252 4178 libertatis
1278 4129 1305 4178 et
1328 4123 1496 4190 hereditatis,
1522 4123 1569 4178 sed
1593 4139 1621 4178 se
1643 4139 1697 4178 non
1721 4141 1752 4178 ex
1775 4129 1934 4180 testamento

294 4189 311 4248 2
335 4189 480 4246 Uarianos
494 4191 563 4246 libro
581 4193 675 4262 quinto
694 4191 795 4246 dommo
812 4189 850 4244 od
863 4189 978 4246 edictum
1007 4189 1071 4256 (sive
1121 4189 1233 4246 liberum
1257 4189 1335 4258 dicit,
1361 4191 1408 4246 sed
1431 4191 1498 4246 alias
1521 4191 1562 4246 vel
1586 4193 1675 4246 avivo
1694 4195 1823 4246 testatore
1840 4207 1933 4246 manu-

259 4275 306 4314 suo
324 4259 430 4312 nomine
448 4259 501 4314 sive
518 4275 567 4330 per
584 4261 632 4314 se⁴
649 4259 703 4314 sive
719 4275 768 4328 per
785 4257 851 4314 alios
869 4257 957 4312 effecti
970 4273 1070 4324 snmus,
1121 4259 1238 4324 missum,
1256 4263 1312 4314 noo'
1328 4259 1424 4314 debere
1439 4259 1562 4328 impediri
1578 4261 1714 4314 liberalem
1731 4275 1855 4326 causam,
1873 4261 1935 4314 licet

293 4329 309 4390 3
331 4327 423 4384 Gaius
437 4327 506 4382 libro
523 4333 601 4382 sexto
620 4327 657 4382 ud
669 4327 785 4382 edictum
794 4327 965 4398 provinciola
990 4327 1071 4382 veluti
1120 4327 1299 4382 iudiciumade
1315 4333 1476 4384 testamento
1493 4329 1593 4384 moveri
1616 4333 1751 4396 speretur,
1778 4327 1853 4382 divus
1870 4327 1935 4382 Pius

260 4395 280 4450 si
298 4411 355 4450 eam
372 4411 523 4466 personam,
542 4411 610 4516 ι111εε
626 4395 655 4448 in
671 4399 765 4450 nostra
782 4399 916 4464 potestate
933 4393 975 4474 sit,
993 4393 1069 4474 insti·
1120 4395 1270 4474 rescripsit:
1289 4397 1385 4450 adiecit
1402 4397 1482 4466 plane
1499 4397 1528 4450 in
1544 4397 1681 4464 rescripto,
1702 4393 1844 4474 dummodo
1856 4411 1934 4464 prae·

257 4467 341 4518 tutam
357 4463 511 4518 iusserimus
530 4479 546 4518 a
566 4465 572 4476 “
589 4479 603 4518 ε
619 4465 807 4518 hereditatem:
833 4465 881 4518 sed
904 4467 932 4516 et
949 4477 972 4516 si
989 4463 1069 4528 Titio,
1121 4463 1227 4516 dicatur
1243 4465 1325 4518 iudici
1342 4465 1459 4520 liberalis
1475 4479 1582 4530 causae,
1600 4479 1635 4518 ne
1649 4464 1731 4517 ullum
1746 4461 1934 4516 adminiculum

257 4531 369 4598 quiSeio
385 4531 463 4586 lieres
479 4531 573 4596 extit‘t,
591 4547 641 4586 nos
658 4531 769 4586 heredes
787 4529 854 4586 facti
872 4547 972 4594 sumus,
991 4531 1070 4586 sicuti
1119 4531 1251 4588 libertatis
1270 4549 1302 4588 ex
1319 4537 1480 4588 testamento
1498 4533 1620 4588 admittat
1629 4531 1646 4582 ⁸.

257 4597 318 4652 Titii
340 4599 516 4654 hereditatem
538 4603 658 4654 nostram
681 4615 740 4654 esse
763 4599 901 4654 intendere
918 4615 1068 4666 possumus,
1155 4595 1312 4658 8Pnurus
1332 4601 1400 4656 libro
1418 4605 1496 4654 scorto
1514 4601 1617 4656 decimo
1635 4597 1672 4652 ud
1688 4597 1801 4652 edictum
1835 4597 1933 4668 Legiti-

254 4665 292 4720 ita
309 4673 336 4720 et
353 4667 416 4732 Seii)
434 4667 475 4720 vel
492 4667 527 4720 ab
544 4667 672 4722 intestato
693 4667 771 4734 (forte
795 4669 868 4738 quod
891 4667 933 4720 sui
957 4667 1068 4722 heredes
1120 4683 1191 4720 mam
1215 4669 1390 4724 hereditatem
1415 4667 1549 4722 vindicare
1574 4681 1629 4720 non
1653 4665 1811 4732 prohibetur
1834 4667 1857 4722 is
1882 4669 1935 4738 qni3

256 4735 379 4790 defuncto
398 4749 504 4800 sumus,
522 4735 564 4790 vel
581 4735 703 4804 adgnati,
721 4735 763 4790 vol
780 4735 852 4804 quod
869 4735 1068 4790 manumisimus
1121 4753 1182 4790 cum
1198 4735 1339 4804 ignorabat
1355 4737 1423 4792 vires
1440 4733 1601 4798 testamenti,
1619 4733 1745 4786 iudicium
1760 4733 1880 4790 defuncti
1894 4753 1933 4792 so·

255 4801 417 4868 defunctum,
435 4801 539 4872 quodve
556 4819 654 4872 parens
672 4808 764 4858 noster
779 4803 981 4868 manumiserit).
999 4819 1068 4858 novo
1121 4809 1200 4858 cutus
1218 4809 1266 4858 est.

253 4867 308 4924 iure
326 4871 394 4924 fiunt
410 4869 522 4924 heredes
537 4885 629 4926 omnes
643 4871 688 4942 qui
702 4887 735 4924 ex
749 4877 861 4926 senatus
877 4871 1006 4926 consultis
1021 4879 1070 4926 aut
1155 4869 1174 4930 9
1198 4873 1344 4928 Uarianos
1359 4873 1427 4926 libro
1445 4867 1539 4940 quinto
1558 4867 1659 4924 decimo
1678 4867 1716 4924 ucl
1730 4869 1846 4926 edictum
1881 4873 1934 4928 Re·

254 4951 286 4992 ex
303 4939 537 4994 constitutionibus
556 4939 591 4992 ad
608 4939 784 4994 hereditatem
801 4945 940 4994 vocantur.
1119 4941 1246 5008 gulariter
1264 4937 1442 4996 definiendum
1460 4939 1501 4990 est
1519 4951 1578 4990 euin
1592 4935 1696 4992 demum
1712 4939 1794 4994 teneri
1809 4939 1937 5008 petitione

287 5003 305 5062 4
323 5005 444 5062 Paucos
458 5005 526 5062 libro
539 5007 633 5078 primo
650 5007 689 5062 od
704 5005 821 5062 edictum
856 5005 885 5062 Si
892 5005 1068 5062 hereditatem
1119 5009 1285 5074 hereditatis,
1304 5005 1464 5076 quisalius
1482 5021 1530 5074 pro
1548 5005 1645 5062 herede
1661 5007 1703 5062 vel
1717 5025 1766 5078 pro
1781 5023 1936 5076 possessore

253 5079 340 5140 petam
358 5075 393 5128 ab
411 5089 453 5140 eo,
470 5075 517 5144 qui
533 5089 615 5128 unam
632 5091 689 5128 reni
705 5075 870 5142 possidebat,
889 5075 922 5128 de
940 5091 993 5144 qua
1011 5077 1069 5130 sola
1119 5077 1239 5146 possidet
1255 5077 1298 5130 vel
1314 5091 1371 5128 rem
1386 5071 1575 5128 hereditariam

253 5143 430 5196 controversia
448 5149 513 5210 erat,
532 5143 656 5198 etiamid
674 5143 744 5212 quod
762 5149 858 5212 postea
876 5143 1068 5214 eoepitpossi-
1156 5143 1194 5202 10
1215 5143 1391 5200 Griosltbro
1406 5145 1485 5196 scuto
1501 5143 1666 5200 antedictum
1702 5143 1849 5200 rooiuciule
1874 5143 1936 5198 licet

252 5209 312 5264 dere
329 5211 461 5266 restituet.
1122 5217 1133 5266 ι
1170 5211 1314 5290 minimam.
1349 5209 1445 5290 ltaque
1463 5209 1507 5278 qui
1525 5227 1558 5290 ex
1576 5227 1636 5266 asse
1653 5161 1701 5266 vei
1712 5227 1744 5266 ex
1760 5217 1839 5282 parte
1855 5213 1933 5266 heres

284 5275 553 5334 turrianoslitro
589 5283 667 5334 uurto
683 5279 957 5334 docimoaclcdictum
983 5279 1068 5334 Divus
1120 5285 1169 5344 est,
1186 5275 1300 5332 intendit
1317 5275 1424 5344 quidem
1440 5277 1615 5334 hereditatem
1632 5295 1710 5334 suam
1724 5295 1782 5334 esse
1796 5285 1881 5334 totam
1895 5279 1937 5332 vel

251 5341 313 5398 Pius
330 5347 469 5416 rescripsit
485 5295 680 5416 prohigendum
698 5363 881 5416 possessorem
902 5345 1068 5414 hereditatis,
1118 5363 1168 5416 pro
1205 5349 1271 5410 arte,
1290 5345 1338 5398 sed
1355 5345 1407 5398 boc
1425 5347 1511 5400 solum
1529 5347 1554 5404 ei
1571 5347 1661 5402 cilicio
1678 5347 1774 5402 iudicis
1788 5347 1937 5402 restituitur

251 5409 283 5466 de
299 5429 353 5482 qua
371 5413 552 5470 commoversia
575 5415 638 5480 erit,
662 5419 807 5482 antequam
830 5415 863 5470 lis
886 5413 1067 5480 inchoaretur,
1121 5363 1378 5482 quodpadversarins
1395 5413 1529 5482 possidet,
1548 5421 1596 5470 aut
1613 5419 1714 5480 totum,
1733 5415 1755 5470 si
1773 5431 1807 5470 ex
1825 5431 1885 5470 asse
1901 5413 1937 5470 sit

250 5479 348 5550 aliquid
373 5497 408 5538 eir
433 5497 465 5536 ea
491 5483 651 5536 distrahere:
686 5483 738 5536 nisi
769 5483 894 5536 maluerit
920 5499 969 5554 pro
997 5483 1068 5536 omni
1118 5479 1206 5544 lieres,
1224 5485 1272 5533 aut
1288 5497 1338 5548 pro
1355 5487 1434 5548 parte
1451 5499 1484 5538 ex
1501 5499 1554 5554 qua
1571 5483 1649 5536 heres
1667 5487 1716 5538 est.

249 5653 278 5716 (l)
296 5657 458 5708 tutoremscr.
530 5655 561 5720 (a)
581 5657 859 5716 eertumeleseeotum
872 5655 1002 5706 Gouoluuit
1120 5650 1308 5712 spectaremur.
1363 5653 1396 5716 (o)
1415 5655 1517 5716 adigere
1525 5671 1573 5704 scr.
1626 5653 1659 5712 (t)
1677 5649 1794 5712 sulinF
1841 5649 1875 5706 (Β)
1894 5647 1936 5698 td·

281 5721 313 5786 (3)
331 5725 471 5784 Etiam
482 5719 1068 5790 Pupilla-tusci.trs-surina.trs—Bos.
1119 5715 1204 5764 mittet
1222 5717 1263 5768 FS
1366 5721 1400 5782 (a)
1419 5719 1640 5782 lntcrpunctionem
1658 5715 1759 5766 mutauit
1777 5711 1856 5764 Leuat

248 5789 410 5860 iai-oſs
424 5793 552 5854 cosan
634 5791 666 5854 p)
684 5789 886 5854 stupesceret
974 5785 1007 5848 (a)
1025 5799 1067 5832 ex·
1703 5865 1731 5918 tt
