4366 6258
256 385 297 432 DE
319 379 433 430 USURIS
454 379 497 424 ΕΤ
517 377 699 424 humoribus

763 955 896 1030 LIBER
917 949 1152 1032 messurus
1174 949 1404 1026 secribus,

639 1149 680 1210 1¹.

1113 1143 1270 1196 testamento
1289 1137 1543 1210 comprehendisset,
1561 1155 1595 1194 ue
1616 1141 1687 1198 tiliae
1708 1141 1856 1206 tutoribus,
1874 1139 1921 1194 sed

252 1255 298 1306 ee
314 1245 948 1368 ¹³⁵sugqunqugquqpps
964 1245 1062 1294 uu·
1113 1207 1921 1346 itiammittitisutitatissimum

1113 1343 1175 1398 torii
1192 1343 1266 1398 suasi
1281 1343 1394 1408 finctus,
1413 1345 1458 1414 qui
1475 1345 1547 1398 bona
1564 1343 1616 1396 fide
1633 1357 1650 1396 a
1664 1345 1776 1400 Pollidio
1793 1363 1825 1400 es
1842 1293 1920 1398 donis

288 1415 303 1472 1
330 1417 515 1470 Pammenes
538 1415 606 1468 libro
632 1411 750 1470 seeundo
776 1415 961 1482 quaestionum
997 1411 1063 1468 Cum
1115 1411 1257 1466 defunctae
1272 1413 1392 1480 percepti
1410 1419 1511 1478 essent,
1529 1411 1632 1466 restitui
1650 1411 1758 1478 debere,
1776 1413 1831 1468 sire
1849 1411 1922 1482 quod

253 1483 350 1540 iudicio
368 1484 456 1538 bonae
471 1483 534 1536 fidei
551 1481 730 1550 disceptatur,
754 1481 863 1534 arbitrio
886 1481 980 1536 iudicis
998 1495 1062 1534 usu-
1112 1477 1226 1534 fundum
1249 1479 1273 1534 ei
1294 1485 1399 1534 tautum
1421 1483 1617 1550 praelegaverat
1639 1479 1693 1534 sive
1719 1481 1791 1550 quod
1816 1481 1920 1536 lubrico

253 1567 342 1606 rarum
366 1549 460 1604 modus
484 1567 516 1604 ex
539 1565 612 1604 more
632 1549 746 1618 regionis
769 1549 822 1604 uhi·
839 1555 1005 1604 contractum
1022 1553 1064 1604 est
1113 1549 1214 1602 tutelae
1238 1547 1435 1604 fideicommissi
1460 1549 1603 1602 remedium
1633 1551 1717 1600 mater
1748 1549 1920 1618 praetulerat.

257 1625 266 1670 1
305 1617 483 1682 constituitur,
502 1619 540 1670 ita
556 1623 654 1682 tamen,
672 1623 702 1672 ut
719 1617 770 1684 legi
783 1633 837 1672 oon
852 1615 976 1672 offendat.
1013 1617 1062 1672 So·
1113 1621 1130 1668 4
1164 1615 1192 1670 si
1210 1633 1275 1672 auro
1293 1617 1335 1672 vel
1352 1621 1458 1684 argento
1476 1617 1549 1672 iacto
1566 1631 1615 1686 per
1631 1615 1862 1672 fideicommissum
1878 1633 1920 1672 re-

254 1687 310 1738 cius
329 1683 426 1738 siideo
442 1685 657 1738 condemnandus
672 1687 729 1750 erit,
747 1685 819 1752 quod
834 1685 975 1754 pecuniam
990 1701 1062 1740 com·
1113 1685 1176 1738 licto
1194 1701 1269 1740 mora
1285 1685 1467 1750 intervenerit,
1492 1699 1526 1738 an
1550 1699 1691 1738 usurarum
1713 1683 1861 1740 aestimatio
1879 1685 1920 1738 fa·

254 1765 358 1806 munem
375 1753 501 1806 invaserit
518 1753 559 1806 vel
576 1753 604 1804 in
621 1769 684 1806 suos
701 1767 765 1806 usus
784 1753 954 1818 converterit,
978 1753 1062 1808 omui·
1115 1753 1208 1806 cienda
1231 1753 1279 1818 sit,
1303 1753 1413 1806 tractari
1437 1753 1512 1806 solet.
1537 1751 1615 1820 plane
1638 1751 1661 1818 si
1683 1751 1820 1804 materiam
1842 1753 1923 1806 istam

254 1819 330 1874 modo
358 1819 436 1872 etiam
461 1837 536 1874 mora
562 1837 616 1874 non
641 1819 830 1874 interueniente
855 1821 1064 1888 praestabuntur
1113 1819 1173 1874 ideo
1190 1821 1344 1888 relinquit⁵,
1371 1825 1401 1874 ut
1424 1835 1457 1872 ιι
1480 1819 1609 1874 distracta
1631 1820 1797 1888 pecuniaque
1820 1819 1923 1876 reiecta

254 1891 269 1940 i
303 1893 409 1940 usurae.
445 1885 801 1942 Nectameniudexiudicii
814 1889 901 1942 bonae
915 1887 1063 1942 fideirecte
1114 1887 1316 1942 fideicommissa
1333 1887 1497 1942 solverentur
1513 1893 1561 1940 aut
1574 1885 1699 1942 alimenta
1715 1891 1923 1954 praestarentur,

254 1953 356 2008 iubebit
372 1953 504 2022 interponi
522 1957 674 2020 cautiones,
692 1961 736 2020 ut,
755 1955 778 2010 si
794 1957 897 2008 tardius
916 1957 1063 2010 sententiae
1113 1973 1167 2010 non
1192 1959 1314 2024 oportere
1337 1953 1535 2008 frustrationem
1556 1953 1713 2024 impunitam
1736 1969 1794 2008 esse
1811 1969 1922 2024 respou-

254 2021 444 2076 condemuatus
458 2023 585 2090 paruerit,
599 2023 684 2074 bituri
698 2023 825 2092 temporis
834 2023 989 2100 pendentur
998 2039 1061 2076 usu·
1114 2023 1170 2076 deri
1193 2027 1314 2092 opo1tet:
1340 2023 1410 2092 quod
1432 2023 1456 2076 si
1477 2021 1547 2076 forte
1568 2023 1627 2076 ideo
1644 2021 1800 2090 relinquit⁵‚
1826 2027 1858 2076 ut
1880 2023 1923 2076 his

253 2103 315 2152 rae,
339 2105 400 2142 aum
423 2089 451 2140 iu
468 2095 601 2160 potestate
618 2089 653 2142 sit
671 2091 768 2146 actoris
785 2089 932 2144 iumentum
950 2089 1062 2158 exigere.
1112 2091 1182 2146 vasis
1206 2095 1338 2156 uteretur,
1363 2105 1417 2144 ιιι
1434 2089 1490 2144 sinc
1506 2089 1603 2146 rubore
1620 2089 1842 2146 desiderabantur
1857 2105 1922 2144 usu-

253 2153 372 2210 Pauaus
386 2161 476 2210 notat:
494 2157 556 2226 quid
575 2157 643 2212 enim
660 2157 774 2228 pertinet
788 2157 822 2212 ad
837 2157 954 2212 officium
968 2159 1062 2212 iudicis
1113 2173 1160 2212 rae
1175 2157 1289 2226 ideoque
1305 2173 1359 2212 nou
1377 2157 1521 2226 exigentur.

254 2227 269 2276 b
301 2223 1062 2294 postcondemnationemfuturitemporistractatusiPa-
1148 2223 1167 2284 4
1194 2225 1275 2280 Ιιιι
1296 2225 1364 2280 libro
1390 2227 1512 2280 uicesimo
1537 2227 1647 2296 septima
1674 2223 1861 2296 quaestionum
1896 2223 1925 2278 st

254 2305 398 2344 rrurnurs.
441 2293 518 2346 (lirae
543 2293 642 2348 tutelae
668 2295 861 2348 restitutionem
893 2309 941 2362 pro
972 2293 1064 2348 favore
1114 2293 1257 2362 stipulatus
1272 2293 1308 2348 sis
1323 2309 1379 2346 rem
1394 2293 1453 2348 dari
1468 2291 1835 2362 vscmmquepossessionem
1844 2293 1923 2356 uadi,

253 2359 413 2428 pupillorum
431 2359 510 2414 labor
526 2361 595 2414 inter
614 2361 708 2414 rotatio
726 2359 800 2414 iacta
818 2367 870 2416 est:
894 2377 971 2416 nemo
995 2361 1064 2416 enim
1113 2359 1219 2416 tructus
1244 2365 1338 2430 postea
1365 2365 1458 2430 captos
1484 2361 1589 2416 actione
1613 2359 1709 2414 incerti
1735 2375 1767 2414 ex
1793 2357 1923 2428 stipulatu

254 2425 363 2494 ambigit
380 2425 466 2492 bodie,
485 2427 540 2482 sive
557 2429 584 2482 iu
603 2443 636 2482 er
653 2429 808 2496 accipiatur,
826 2429 854 2480 in
871 2429 939 2482 diem
957 2433 1062 2482 senten·
1114 2433 1223 2506 propter
1239 2427 1365 2482 inferiora
1379 2429 1460 2482 verba
1475 2433 1679 2482 consecuturum
1693 2431 1720 2480 te
1734 2425 1803 2480 ratio
1817 2425 1923 2480 suadet.

254 2491 315 2558 tiae,
335 2493 389 2546 sive
407 2493 462 2548 siue
479 2495 567 2548 iudice
584 2497 669 2548 tutela
685 2497 854 2560 restituatur,
872 2497 900 2548 in
917 2509 978 2548 eum
995 2495 1063 2548 diem
1115 2511 1150 2548 au
1166 2495 1236 2548 rdem
1254 2495 1287 2550 de
1304 2501 1383 2562 partu
1401 2495 1513 2550 ancillae
1535 2495 1689 2566 responderi
1711 2495 1809 2562 possit,
1835 2493 1923 2548 consi-

255 2575 306 2626 ιιι
325 2561 458 2614 restituit2
475 2577 571 2616 usuras
585 2563 733 2632 praestari:
752 2565 831 2632 plane
847 2563 869 2616 si
883 2561 981 2616 tutelae
994 2563 1062 2618 iudi·
1115 2563 1261 2614 clemoium
1280 2567 1328 2616 est.
1355 2577 1417 2616 nam
1436 2561 1506 2632 quod
1524 2563 1559 2616 sd
1576 2563 1656 2616 verba
1679 2561 1818 2630 superiora
1840 2561 1923 2632 perti-

255 2627 295 2680 cio
314 2629 447 2682 nolentem
464 2629 576 2698 experiri
600 2635 674 2684 tutor
695 2629 766 2684 ultro
791 2629 942 2684 convenerit
967 2635 993 2684 et
1016 2647 1062 2698 pe·
1114 2635 1173 2690 net,
1198 2629 1253 2682 sive
1274 2629 1376 2684 factum
1397 2629 1436 2682 rei
1458 2629 1629 2698 promittendi
1652 2629 1706 2682 sive
1730 2629 1854 2682 effectum
1877 2643 1925 2698 per

255 2695 360 2748 cuniam
378 2695 503 2764 optulerit
521 2713 630 2766 eamque
653 2697 819 2766 obsignatam
842 2697 1006 2764 deposuerit,
1031 2713 1063 2750 ex
1114 2695 1281 2750 traditionem
1307 2695 1415 2752 dominii
1440 2695 1616 2750 transferendi
1647 2695 1797 2760 continent,
1829 2701 1922 2766 partus

255 2779 285 2816 ιι
303 2767 422 2834 tempore
440 2779 494 2818 ιιι
510 2765 657 2834 praestabit
674 2779 777 2818 usuras.

288 2827 307 2886 2
326 2831 406 2886 Ioum
421 2833 489 2886 libro
507 2839 586 2886 sento
603 2835 789 2902 quaestionum
822 2833 909 2902 Vulgo
926 2837 1062 2952 reoeqtum

1114 2779 1168 2818 non
1183 2763 1346 2818 continetur:
1364 2779 1455 2818 rerum
1472 2763 1495 2818 si
1509 2769 1611 2832 emptor
1628 2779 1644 2818 a
1658 2763 1794 2818 venditore
1808 2763 1923 2820 novandi

1115 2833 1200 2884 animo
1218 2831 1257 2884 ita
1274 2831 1416 2902 stipulatus
1436 2837 1488 2896 est,
1511 2833 1612 2886 factum
1634 2833 1758 2886 tradendi
1780 2831 1814 2884 sti
1833 2833 1923 2884 :slatus

255 2903 308 2962 est,
327 2905 372 2964 ut,
390 2899 509 2968 quamvis
526 2899 554 2952 in
571 2915 711 2970 personam
729 2905 818 2954 ectum
836 2901 885 2964 sit,
896 2905 970 2980 ‚post
1003 2899 1064 2952 'tem
1112 2899 1286 2978 intellegitur,
1310 2899 1374 2968 quia
1396 2915 1449 2952 non
1474 2903 1513 2954 est
1529 2899 1667 2954 verisimile
1685 2899 1744 2968 plus
1762 2913 1812 2952 ren
1831 2899 1923 2954 'torem

255 2971 343 3020 tamen
362 2971 539 3022 contestatam
557 2969 657 3022 causa³¹
674 2971 837 3036 praestetur:
862 2983 936 3020 curus
961 2967 1062 3034 opinio-

255 3035 295 3088 nis
314 3035 381 3088 ratio
400 3035 531 3100 redditur,
556 3037 681 3102 quoniam
699 3035 777 3102 quale
794 3039 848 3100 est,
874 3049 933 3088 cum
955 3033 1062 3100 petitur,

254 3103 309 3154 tale
332 3101 390 3154 dari
413 3103 493 3156 debet
510 3117 541 3154 ac
559 3109 702 3170 propterea
718 3107 812 3168 postea
830 3101 940 3170 captori
959 3101 1062 3154 fructus

254 3175 411 3238 partumque
430 3169 530 3224 editum
547 3169 652 3220 restitui
669 3173 782 3236 oportet.

232 3289 233 3294 ,
290 3233 307 3292 3
327 3235 408 3290 Ιιιι
428 3237 495 3290 libro
519 3235 642 3290 uicemmo
661 3235 846 3304 quaestionum
881 3235 912 3288 In
929 3233 1062 3288 fideicom-

255 3305 329 3358 missi
345 3303 544 3372 persecutione,
564 3319 624 3356 cum
641 3307 703 3372 post
718 3301 813 3356 iudicis
831 3301 989 3356 sententiam
1006 3319 1062 3354 mo-

254 3387 312 3424 ram
329 3371 437 3424 iecisset
452 3373 545 3434 heres,
569 3369 646 3424 iussit
662 3369 807 3438 imperator
823 3369 933 3424 Marcus
950 3369 1062 3422 Antoni·

254 3455 319 3502 nus,
343 3439 491 3492 intermisso
515 3437 629 3504 legitimo
653 3441 771 3504 tempore
793 3437 864 3504 quod
882 3435 1062 3490 condemnatis

255 3511 407 3574 praestatur
429 3511 566 3572 utusque
590 3505 624 3556 ad
648 3503 805 3558 seutentiam
829 3503 966 3556 commoda
988 3503 1062 3558 fidei·
1091 3557 1092 3562 ,

1113 2967 1273 3034 promisisse,
1292 2983 1371 3034 quam
1388 2965 1485 3020 iudicio
1504 2967 1584 3034 empti
1601 2971 1737 3034 praestare
1752 2967 1923 3034 compellere·

1113 3039 1165 3088 tur.
1194 3033 1241 3088 sed
1263 3037 1353 3086 tamen
1376 3039 1484 3100 propter
1506 3035 1552 3086 illa
1574 3032 1654 3087 verba
1673 3037 1843 3102 ‘vacuamque
1861 3049 1923 3102 pos·

1115 3101 1267 3154 ‘sessionem
1290 3101 1368 3154 tradi’
1386 3105 1473 3166 potest
1491 3099 1652 3168 dietpertus
1671 3115 1776 3168 quoque
1793 3101 1925 3154 rationem

1115 3167 1244 3220 committi
1260 3167 1354 3220 incerti
1372 3167 1572 3234 stipulationei:
1598 3169 1694 3220 etenim
1712 3169 1808 3220 ancilla
1824 3167 1926 3220 tradita

1114 3239 1221 3302 partum
1242 3241 1337 3300 postea
1360 3233 1458 3288 editum
1481 3235 1509 3286 iu
1531 3235 1608 3286 bonis
1627 3235 1681 3286 suis
1699 3249 1760 3288 reus
1778 3233 1925 3304 stipulandi

1117 3309 1127 3352 1
1164 3301 1263 3354 habere
1286 3301 1425 3370 potuisset.
1461 3301 1489 3352 Si
1505 3307 1566 3368 post
1583 3307 1748 3356 contractam
1766 3303 1925 3370 emptionem

1115 3373 1176 3422 ante
1206 3367 1389 3436 interpositam
1422 3367 1618 3436 stipulationem
1643 3373 1737 3436 partus
1763 3367 1850 3424 editus
1877 3373 1925 3424 aut

1115 3435 1213 3504 aliquid
1229 3451 1277 3504 per
1293 3451 1398 3490 serrum
1415 3435 1544 3490 venditori
1562 3435 1721 3504 adquisitum
1737 3439 1785 3502 est,
1804 3437 1876 3506 quod
1891 3453 1924 3490 ex

1115 3505 1243 3570 stipulatu
1262 3503 1387 3572 consequi
1403 3517 1458 3556 ιιι
1475 3503 1586 3570 poterit,
1610 3503 1706 3558 iudicio
1732 3505 1812 3572 empti
1829 3519 1923 3560 conse-

257 3571 451 3628 eommissarius
466 3573 589 3652 accipiat.
616 3571 686 3640 quod
701 3571 834 3624 decretum
843 3571 881 3622 ita
890 3571 1061 3640 accipiopor-

254 3647 306 3706 tet,
331 3641 354 3694 si
377 3645 438 3694 ante
459 3639 554 3694 iudicrs
572 3639 729 3694 senteutiam
747 3655 822 3692 mora
839 3655 892 3692 non
909 3639 1062 3694 intervenit:

254 3709 360 3764 tametsi
377 3723 430 3760 non
446 3709 525 3762 facile
544 3707 647 3760 evenire
663 3707 756 3774 possit,
775 3711 804 3760 ut
821 3721 895 3760 mora
913 3723 966 3760 ιιι
984 3721 1060 3774 prae·
1149 3703 1167 3762 5
1186 3705 1265 3760 Ιιιιι
1279 3705 1347 3760 libro
1364 3707 1487 3760 uicesimo
1505 3709 1597 3760 octana
1616 3707 1800 3776 quaestionum
1836 3707 1924 3760 Gene-

256 3777 365 3832 eedente
382 3775 549 3844 perveniatur
567 3775 603 3828 ad
619 3773 747 3828 iudicem:
772 3775 818 3828 sed
836 3781 900 3844 puta
917 3775 981 3844 legis
999 3775 1062 3828 Fel-
1114 3775 1206 3828 raliter
1229 3775 1365 3826 obseruari
1388 3773 1510 3828 convenit
1532 3775 1619 3828 bonae
1641 3773 1703 3828 fidei
1725 3775 1852 3828 iudicium
1869 3791 1924 3830 ιιι

255 3845 339 3898 cidiae
356 3843 485 3898 rationem
502 3841 681 3896 intervenisse.
710 3847 825 3896 ceterum
844 3843 958 3908 stante,
984 3859 1063 3910 quam
1113 3841 1231 3910 recipere
1247 3843 1461 3910 praestationem,
1480 3857 1548 3910 quae
1566 3847 1659 3896 contra
1675 3843 1760 3898 bonos
1775 3859 1862 3898 mores
1878 3841 1923 3898 de-

255 3913 289 3966 ad
305 3913 420 3964 iudicem
437 3911 629 3978 perveniretur,
653 3909 682 3962 in
698 3927 774 3964 mora
790 3911 867 3964 heres
884 3909 897 3964 i
917 3911 949 3976 ἰ,
970 3909 1063 3964 exinde
1115 3909 1252 3964 rideretur.

254 3979 390 4034 fructuum
412 3979 633 4048 praestandoruru
656 3979 815 4032 necessitate
841 3979 984 4032 adstrictus
1011 3995 1064 4048 qua
1149 3973 1266 4036 ὅΙιιι
1280 3977 1347 4032 libro
1365 3979 1487 4032 vicesimo
1505 3993 1575 4032 nono
1594 3979 1778 4048 quaestionum
1814 3977 1924 4032 Oumde

254 4047 361 4102 tandem
378 4047 489 4112 ratione,
509 4047 632 4114 quoniam
651 4051 677 4100 et
691 4045 822 4102 sententia
835 4047 918 4100 victus
934 4051 982 4112 est,
1000 4047 1062 4114 legi-
1113 4045 1142 4100 in
1164 4061 1220 4102 rem
1243 4061 1317 4100 verso
1337 4061 1397 4102 cum
1413 4045 1509 4100 herede
1526 4045 1610 4114 patris
1627 4045 1668 4100 nel
1686 4045 1783 4102 domini
1800 4051 1924 4114 ageretur

255 4117 310 4168 timi
333 4115 460 4184 temporis
484 4115 571 4182 spatio
594 4113 725 4170 fructibus
749 4115 919 4180 liberabitur,
947 4129 1008 4168 cum
1031 4129 1064 4168 ea
1115 4119 1143 4168 et
1158 4129 1299 4168 usurarum
1316 4115 1435 4182 quaestio
1460 4119 1623 4180 moreretur,
1646 4115 1791 4184 imperator
1807 4115 1922 4168 Antoni-

254 4183 380 4252 temporis
397 4183 569 4252 intercapedo
592 4183 710 4236 iudicato
734 4183 885 4236 dilationem
909 4183 986 4248 dare,
1010 4199 1062 4236 uon
1114 4197 1165 4236 uus
1182 4181 1242 4236 ideo
1261 4183 1399 4236 solvendas
1418 4199 1513 4236 usuras
1535 4183 1676 4248 iudicavit,
1702 4183 1773 4252 quod
1796 4197 1842 4236 eas
1865 4183 1923 4248 ipse

257 4255 268 4302 t
304 4253 408 4304 lucrum
431 4249 535 4304 adferre
559 4251 672 4304 debeat?
706 4251 737 4304 In
759 4251 801 4304 his
842 4267 928 4318 noque
950 4249 1063 4316 iudiciis,
1117 4255 1128 4304 1
1166 4249 1336 4304 domibusvel
1349 4255 1425 4318 pater
1440 4251 1518 4318 longo
1534 4255 1651 4318 tempore
1666 4249 1851 4318 praestitisset.
1869 4249 1922 4300 lm·

255 4333 324 4384 quae
341 4333 395 4370 ιιι
412 4323 475 4370 ιιιι
492 4317 633 4372 arbitraria
650 4333 699 4372 nec
717 4319 803 4372 bonae
820 4267 894 4384 diei,
913 4323 975 4386 post
990 4319 1063 4372 litem
1113 4325 1222 4388 perator
1245 4333 1350 4386 quoque
1373 4323 1462 4372 noster
1480 4319 1590 4372 Seuerus
1613 4319 1685 4372 tiliae
1701 4317 1786 4372 Flavii
1802 4315 1921 4394 Athena-

256 4391 434 4438 coutestutam
448 4385 533 4438 autori
548 4401 629 4438 causa
643 4387 805 4454 praestanda
820 4391 861 4438 ιιι
873 4385 901 4438 iu
917 4387 1062 4450 eumdiem,
1113 4401 1207 4456 gorae,
1234 4387 1308 4440 cuius
1327 4387 1398 4440 bona
1414 4385 1520 4442 fuerant
1544 4385 1693 4468 publicata,
1718 4385 1755 4442 de
1772 4383 1837 4438 fisco
1862 4383 1922 4438 ideo

256 4469 306 4522 quo
326 4453 457 4506 sententia
474 4453 584 4508 dicitur:
605 4459 675 4508 certe
692 4459 754 4522 post
770 4469 826 4508 rem
839 4453 982 4508 iudicatam
996 4459 1062 4508 tem·
1114 4453 1247 4510 numerari
1264 4453 1349 4510 decies
1367 4459 1479 4510 centena
1496 4453 1565 4510 dotis
1579 4453 1685 4508 nomine
1698 4453 1783 4516 iussit,
1802 4451 1874 4520 quod
1890 4467 1923 4506 ea

255 4525 270 4574 2
305 4537 355 4588 pus
380 4537 396 4574 a
418 4519 551 4576 fructibus
575 4521 755 4590 dependendis
773 4523 887 4576 ἱιιιιιιι
905 4527 952 4576 est.
988 4521 1062 4576 Nou·
1113 4527 1216 4592 patrem
1232 4523 1397 4592 praestitisse
1413 4523 1482 4578 dotis
1500 4537 1595 4576 usuras
1613 4521 1759 4588 allegasset.

255 4603 398 4658 numquam
422 4591 521 4656 evenit,
545 4597 590 4654 ut,
614 4605 773 4658 quamquam
789 4591 892 4644 fructus
910 4591 1063 4644 hereditatis
1149 4585 1167 4648 7
1184 4591 1264 4646 Ιιιι
1279 4591 1346 4646 libro
1364 4591 1481 4646 secundo
1498 4605 1686 4660 responsorum
1721 4587 1833 4642 Debitor
1856 4603 1920 4642 usu-

255 4663 303 4710 aut
320 4657 449 4726 pecuniae
465 4673 548 4712 usura
566 4657 720 4712 nominatim
737 4657 830 4712 relicta
847 4675 900 4712 non
919 4659 960 4722 sit,
979 4659 1060 4712 nihilo
1113 4659 1199 4714 rarius
1217 4659 1339 4714 creditori
1355 4659 1495 4726 pecuniam
1511 4657 1608 4728 optrdit
1625 4661 1650 4708 et
1668 4671 1740 4722 eam,
1765 4671 1826 4710 cum
1850 4657 1921 4712 aeci·

255 4725 341 4778 minus
367 4723 501 4778 debeatur.
528 4731 558 4778 ut
575 4731 641 4794 puta
659 4725 681 4780 si
698 4725 757 4792 quis
779 4731 886 4794 rogetur
927 4731 970 4780 ost
992 4743 1062 4782 mor·
1114 4741 1177 4794 pere
1190 4727 1327 4792 noluisset,
1340 4727 1488 4794 obsignarit
1502 4741 1533 4780 ac
1547 4725 1682 4846 dqqrosuit:
1700 4739 1733 4776 ex
1747 4737 1778 4778 eo
1793 4723 1836 4778 die
1850 4725 1921 4780 ratio

255 4795 307 4844 tem
331 4807 407 4846 suam
433 4793 560 4861 quidquid
583 4809 616 4846 ex
639 4793 717 4846 bonis
740 4793 870 4860 supererit
917 4793 963 4846 itio
986 4795 1062 4846 resti·
1114 4809 1168 4846 non
1184 4793 1326 4848 habebitur
1342 4809 1491 4848 usurarum.
1517 4809 1569 4862 quo
1613 4807 1635 4846 ιι
1658 4795 1752 4858 postca
1775 4797 1921 4850 conventus

255 4863 342 4914 tuere:
366 4867 397 4912 ut
420 4859 488 4912 euim
513 4877 544 4914 ea
562 4877 630 4930 quae
647 4861 700 4914 fide
716 4861 787 4916 bona
805 4861 939 4914 deminuta
956 4867 1020 4914 sunt
1035 4861 1064 4914 iu
1113 4867 1144 4916 ut
1161 4861 1272 4914 solveret
1289 4877 1390 4916 moram
1406 4861 1507 4924 fecerit,
1524 4859 1623 4914 nummi
1640 4859 1743 4914 steriles
1761 4875 1794 4914 ex
1808 4875 1838 4918 eo
1854 4865 1921 4916 tem·

256 4943 339 4982 causa
352 4927 546 4984 fideicommissi
558 4945 613 4984 ιιι
628 4929 968 4998 deprehenduntur,sip1·o
983 4929 1062 4984 modo
1113 4945 1178 4996 pore
1194 4945 1248 4982 ιιι
1266 4933 1350 4984 erunt

257 4999 404 5050 ceterorum
414 5011 519 5064 quoque
533 4999 663 5052 bonorum
679 4997 873 5060 deminuuntur,
886 4997 924 5050 ita
941 4997 1014 5066 quod
1031 5013 1063 5050 ex
1148 4991 1166 5054 8
1184 4997 1264 5050 [ιιι
1275 4997 1660 5078 lidroseptimoresponsorum
1694 4997 1779 5068 Equis
1788 5015 1836 5068 per
1845 4999 1920 5054 fidei-

256 5061 389 5118 fructibus
413 5065 543 5132 supererit
565 5065 623 5120 iure
639 5065 782 5120 voluntatis
800 5065 903 5120 restitui
921 5065 1062 5134 oportebit.
1115 5065 1281 5120 commissum
1305 5065 1403 5120 rebeus
1426 5069 1487 5132 post
1509 5079 1610 5116 moram
1632 5063 1702 5120 fetus
1720 5083 1825 5136 quoque
1842 5083 1920 5138 prae-

257 5133 271 5182 3
308 5131 374 5184 Cum
390 5131 518 5186 Pollidius
542 5147 558 5184 a
581 5133 732 5200 propinqua
755 5149 804 5188 sua
826 5133 902 5188 heres
926 5133 1064 5188 institutus
1115 5133 1229 5188 stabitur
1254 5137 1285 5186 ut
1308 5131 1426 5196 fructus,
1454 5131 1501 5186 sed
1524 5131 1594 5186 fetus
1620 5133 1752 5188 secundus
1775 5141 1807 5190 ut
1829 5151 1921 5200 causa,

256 5205 364 5266 rogatus
386 5199 481 5254 fuisset
498 5197 568 5252 filiae
584 5201 700 5266 mulieris
719 5201 847 5270 quidquid
863 5215 896 5254 ex
912 5201 988 5254 bonis
1007 5201 1064 5254 eius
1114 5201 1183 5254 sieut
1199 5205 1292 5268 partus
1309 5199 1424 5254 mulieris
1431 5201 1450 5254 ⁷.

257 5266 291 5319 ad
308 5281 338 5320 sc
355 5267 530 5336 pervenisset,
554 5283 614 5320 cum
638 5273 737 5324 aemam
755 5273 869 5322 aetatem
886 5267 974 5338 puella
992 5283 1064 5322 com·
1148 5263 1167 5324 9
1200 5267 1279 5322 Inna
1300 5267 1367 5320 libro
1392 5265 1532 5320 undecima
1557 5281 1601 5320 res
1621 5285 1746 5324 ansarum
1787 5269 1923 5324 Pecuniae

256 5333 363 5402 plesset,
387 5335 539 5398 restituere,
565 5335 645 5404 idque
667 5335 718 5390 sibi
741 5341 827 5390 mater
848 5335 908 5390 ideo
931 5335 1065 5404 placuisse
1113 5333 1343 5400 tannetarium
1362 5333 1429 5388 diem
1448 5283 1650 5390 eertumdedito
1665 5353 1719 5392 non
1733 5335 1829 5400 soluto,
1848 5335 1923 5404 dupli

1115 3571 1216 3640 quitur:
1235 3571 1262 3622 id
1280 3571 1347 3624 euim
1365 3571 1436 3640 quod
1454 3587 1508 3624 non
1525 3569 1685 3626 transfertur
1700 3571 1729 3624 iu
1748 3587 1857 3626 causam
1874 3589 1923 3628 uo·

1114 3637 1227 3692 nationis
1245 3637 1302 3718 iure
1319 3639 1430 3706 pristino
1441 3637 1503 3718 ¹peti
1520 3643 1616 3706 potest¹

291 5509 320 5572 (tl
339 5509 403 5572 Pap.
413 5519 489 5568 1...ts;
506 5509 567 5560 Sed.
578 5499 667 5560 itast.
679 5521 719 5566 ιιι
735 5509 785 5558 Ed,
795 5517 890 5566 34...tt;
905 5507 971 5572 App.
981 5517 1016 5558 st.
1026 5515 1062 5558 ιι.
1115 5521 1212 5568 quoque
1228 5501 1409 5568 praestabitur:
1426 5505 1469 5554 sed
1484 5505 1548 5556 fetus
1564 5505 1697 5570 [secundus
1712 5509 1740 5554 ut
1755 5521 1838 5566 causa,
1854 5491 1926 5554 siout¹

257 5575 444 5704 lmdddsdud’d
455 5575 678 5710 ”qdfioddduff
705 5643 737 5706 ts)
755 5641 859 5706 reliquit
868 5641 928 5692 Hal.
974 5641 1005 5704 (c)
1025 5655 1064 5688 ra·
1116 5639 1174 5688 dnm
1184 5643 1279 5704 coepta,
1290 5653 1346 5688 oum
1355 5639 1497 5690 omnimodo
1505 5641 1549 5692 ille
1557 5643 1665 5704 gregem]
1675 5639 1792 5690 relictum
1802 5641 1922 5702 sequatur

257 5711 327 5764 tione
336 5711 460 5762 committi
470 5713 561 5764 incerti
572 5711 761 5776 stipulationem
772 5713 828 5760 dett.
923 5709 954 5770 (ι)
974 5707 1065 5770 [Equis
1121 5707 1175 5758 Vas.
1187 5715 1213 5758 ιι

257 5791 302 5842 par
316 5779 533 5832 fideicommissum
548 5779 645 5830 relictis
660 5781 689 5826 ut
704 5779 800 5826 fruetus
815 5781 871 5840 post
886 5779 990 5838 mabam
999 5775 1065 5824 fetus

815 5575 847 5636 (i)
865 5575 1008 5624 restituitur
1016 5593 1063 5624 ser.
1115 5575 1201 5638 partus
1211 5571 1341 5634 mulieris]
1352 5571 1374 5620 si
1379 5587 1479 5636 gregem
1486 5573 1596 5638 reliquit,
1605 5573 1644 5624 vel
1652 5587 1734 5622 moras
1740 5573 1851 5634 actio[ne
1857 5587 1920 5620 ιιι-
