4366 6258
271 357 385 424 1245
1009 435 1010 438 Ἴ
1073 349 1136 424 alt
1360 373 1407 420 nn
1428 369 1548 422 vscnr.
1570 369 1613 418 nr
1633 371 1749 422 uncus.
1772 367 1961 446 nurnnun

272 557 357 610 neque
373 541 408 596 ab
425 541 540 610 angariis
558 553 644 608 neque
661 555 678 594 a
698 541 795 596 teredo
818 555 903 620 neque
920 541 956 596 ab
972 541 1078 610 hospite
1164 535 1182 598 3
1200 539 1353 594 Sennrons
1370 539 1440 596 libro
1452 541 1530 594 tertio
1541 539 1699 610 copularum
1725 539 1782 606 His,
1800 541 1847 610 qui
1859 553 1941 596 nares

271 609 422 678 recipiendo
440 625 525 678 neque
541 623 558 662 a
575 623 642 662 nave
659 623 745 676 neque
762 609 936 678 capitatione,
959 609 1078 678 exceptis
1129 607 1246 662 marinas
1262 607 1462 662 fabricaverunt
1479 613 1507 664 et
1523 607 1559 662 ad
1571 623 1705 662 annonam
1720 607 1815 678 populi
1826 607 1941 664 Romani

272 683 304 730 30
339 677 465 730 militibus
488 681 516 730 et
536 675 840 742 rotmanis,exonsa1i¹
861 681 983 744 possunt.
1017 677 1077 732 Ma·
1129 675 1324 744 praefuerint¹²
1347 691 1401 730 non
1417 675 1534 730 minores
1558 677 1749 746 quinquaginta
1766 675 1867 730 milium
1884 691 1940 730 mo-

269 745 372 814 g'stris,
404 745 450 812 qui
476 745 590 798 cirillum
614 759 753 798 munerum
778 745 944 798 racodonem
968 745 1077 810 habent,
1130 745 1234 798 diorum
1262 747 1310 798 aut
1330 745 1453 812 plures¹³
1483 743 1600 812 singulas
1622 759 1678 798 non
1707 743 1822 800 minores
1849 743 1941 798 decem

270 813 349 866 item²
365 811 543 880 grammaticis
561 817 588 868 et
605 813 756 872 oratoribus
773 817 801 868 et
818 811 929 868 medicis
948 817 975 866 et
991 813 1078 934 philo·
1130 811 1230 866 milium
1252 811 1415 876 modiorum,
1446 811 1531 866 donec
1557 811 1608 864 hae
1637 827 1718 864 nares
1741 811 1869 880 navigant
1894 817 1941 866 sut

271 879 376 950 sophis,
400 895 433 934 ne
451 879 581 948 hospitem
598 879 761 948 reciperent,
779 895 795 934 a
812 879 977 948 principibus
1007 881 1078 934 uisse
1130 878 1199 934 aliae
1216 879 1245 932 in
1263 877 1470 946 carumlocum,
1488 879 1605 934 muneris
1623 877 1725 948 publici
1741 879 1845 934 racadu
1863 893 1941 950 prae·

270 949 462 1000 immunitatem
477 947 608 1002 indultam
625 953 652 1002 et
669 949 743 1006 divus
761 949 942 1016 Vespasianus
960 953 987 1002 et
1004 947 1077 1006 dirus
1130 951 1218 1002 statur
1235 947 1269 1000 ob
1288 961 1391 1002 narem.
1425 949 1563 1000 senatores
1582 951 1671 1000 autem
1688 947 1758 1000 hanc
1775 947 1942 1002 vocatorem

270 1015 422 1070 Hadrianus
440 1015 643 1084 rescripserunt.
1130 1015 1230 1068 habere
1246 1029 1301 1068 nou
1318 1019 1440 1084 possunt,
1459 1013 1531 1082 quod
1544 1027 1594 1068 nec
1611 1015 1711 1068 habere
1727 1013 1779 1070 illis
1796 1029 1890 1070 narem
1904 1029 1941 1068 ex

605 1085 607 1092 “
1130 1083 1187 1150 lege
1203 1081 1274 1136 Iulia
1291 1081 1500 1150 repetundarum
1517 1081 1590 1136 licet.

600 1169 601 1172 ¹
1164 1147 1444 1204 tinnunculum
1463 1151 1557 1220 primo
1574 1147 1790 1204 membranarum
1824 1147 1941 1218 Tempus

649 1223 703 1282 W,
1086 1267 1087 1270 ,
1129 1217 1290 1282 sarabodis,
1318 1217 1389 1284 quod
1415 1217 1495 1270 datur
1520 1215 1559 1270 eis
1585 1217 1632 1286 qui
1652 1215 1694 1270 rei
1714 1215 1837 1286 pubhcae
1859 1231 1942 1296 causa

272 1319 318 1368 nn
341 1319 536 1372 vncnnrcnn
563 1321 606 1372 nr
633 1319 874 1372 nxccsnnronn
897 1321 1077 1372 mannaan.
1130 1285 1343 1416 {ffissssgnssgsffin
1360 1285 1504 1408 {diff
1520 1283 1941 1420 ffliffissggssqo‘liffieffi

308 1415 344 1474 1⁴
374 1417 519 1474 curruum
548 1419 615 1474 irbro
641 1417 759 1476 secundo
785 1419 941 1488 opinionum
986 1419 1077 1474 Omnis
1130 1419 1304 1486 nequeenim
1320 1417 1409 1474 minus
1426 1421 1522 1474 abesse
1538 1421 1579 1474 rei
1595 1417 1720 1488 publicae
1738 1435 1821 1474 causa
1835 1419 1939 1474 intelle-

272 1487 408 1540 excusatio
426 1501 476 1540 sua
493 1489 627 1556 aequitate
643 1487 746 1544 nititur.
778 1485 825 1540 sed
842 1489 866 1540 si
881 1487 1077 1558 praetendenti·
1129 1489 1231 1556 gendus
1247 1493 1297 1552 cst,
1311 1487 1405 1556 quiad
1418 1487 1475 1540 id²⁴
1491 1487 1627 1554 negotium
1641 1487 1683 1540 rel
1696 1489 1731 1540 ab
1747 1501 1778 1542 eo
1792 1483 1941 1540 reuertitur.
1965 1541 1967 1544 .

263 1553 323 1608 ‘bus
347 1553 455 1622 aliquod
476 1555 532 1610 sine
557 1555 646 1610 iudice
670 1555 808 1622 credatur,
833 1561 882 1608 aut
903 1555 1005 1622 passim
1021 1555 1078 1608 sine
1130 1555 1153 1608 si
1170 1555 1230 1624 quis
1247 1561 1338 1608 tamen
1354 1555 1414 1624 plus
1432 1555 1503 1610 iusto
1522 1555 1648 1624 temporis
1667 1561 1716 1608 aut
1730 1555 1826 1608 itinere
1847 1559 1894 1610 aut
1913 1553 1948 1608 in.

272 1621 400 1690 temporis
413 1621 607 1702 praefinitione,
626 1629 708 1690 prout
725 1621 821 1690 cuique
833 1621 947 1686 libuerit,
965 1623 1077 1690 permis·
1130 1623 1182 1676 alic
1193 1625 1212 1656 ¹⁵
1229 1623 1289 1678 loco
1306 1629 1485 1678 commoratus
1502 1623 1705 1690 consumpserit,
1719 1621 1758 1676 ita
1768 1621 1942 1690 eainterpre-

272 1705 330 1744 sum
351 1689 433 1744 iucrn
450 1705 478 1744 se
495 1707 636 1756 excusare,
657 1705 712 1744 nou
729 1693 819 1756 erunt,
843 1691 889 1758 qui
905 1705 1015 1744 munera
1031 1705 1078 1744 nc·
1130 1687 1212 1744 tanda
1228 1691 1315 1756 erit¹⁸‚
1334 1695 1364 1744 ut
1379 1705 1413 1744 ex
1426 1707 1458 1746 eo
1471 1695 1590 1760 tempore
1603 1691 1751 1744 vacabouis
1764 1689 1822 1744 dies
1832 1689 1944 1758 incipiat

273 1757 390 1812 cessaria
406 1759 433 1810 in
451 1759 530 1814 rebus
546 1759 660 1828 publicis
675 1759 781 1812 obeant.
825 1773 890 1812 uere
907 1763 933 1812 et
950 1759 996 1826 qui
1013 1759 1078 1812 libe·
1130 1759 1155 1812 ei
1173 1757 1275 1824 cedere,
1294 1773 1346 1828 quo
1359 1759 1412 1812 iter
1425 1775 1459 1814 ex
1474 1757 1614 1814 commodo
1624 1759 1644 1792 ‘⁷
1681 1771 1790 1828 ersgere
1802 1759 1942 1826 potuisset.

272 1843 362 1880 rorum
389 1825 560 1882 incolumium
582 1827 640 1882 iure
662 1839 679 1880 a
706 1773 861 1882 munerihus
885 1825 1004 1880 ciuilibus
1028 1825 1079 1880 sibi
1166 1823 1183 1882 5
1205 1825 1314 1880 nuens
1337 1825 1404 1882 libro
1427 1827 1545 1882 secundo
1569 1825 1603 1880 dc
1630 1775 1725 1948 adjicio
1744 1825 1884 1898 praemitis
1916 1825 1943 1878 A

272 1893 407 1948 vindicant
434 1897 643 1960 excusationem,
676 1893 882 1962 appellationem
909 1895 1079 1962 interponere
1131 1891 1314 1960 decurionem,
1333 1893 1453 1962 quamvis
1468 1893 1512 1948 bic
1527 1909 1634 1964 quoque
1665 1899 1794 1962 onorest,
1813 1893 1848 1948 ad
1862 1891 1944 1948 ahum

272 1961 381 2016 debent:
410 1967 437 2016 et
459 1963 504 2030 qui
524 1969 645 2032 tempora
665 1961 807 2030 praefinita
824 1961 851 2016 iu
874 1963 985 2016 ordine5
1008 1961 1078 2016 eius·
1130 1963 1260 2016 honorem
1288 1961 1388 2016 nullam
1415 1963 1581 2018 recchonem
1613 1961 1783 2018 tribuendam
1811 1961 1944 2032 Ulpianus

271 2031 343 2084 modi
351 2031 556 2098 appellationum
566 2029 716 2098 peragendo
732 2047 788 2084 uon
801 2031 968 2094 servaverint,
983 2029 1078 2084 merim
1130 2045 1174 2084 res
1194 2029 1278 2082 ondit.

275 2103 284 2150 1
321 2097 531 2166 praescriptione
551 2097 724 2164 repelluntur.
761 2097 813 2166 Qui
836 2097 1006 2152 excusatione
1030 2097 1078 2150 ali·
1202 2095 1386 2150 Pupienum
1401 2095 1469 2150 libro
1486 2095 1605 2152 secundo
1623 2097 1811 2166 quaestionum
1835 2095 1881 2164 Hi,
1898 2095 1944 2164 qui

272 2181 324 2234 qua
341 2171 460 2232 utuntur,
479 2165 715 2236 quotienscumque
733 2167 816 2220 creati
832 2165 940 2230 fuerint,
959 2165 1008 2220 etsi
1025 2165 1080 2218 iam
1130 2163 1247 2220 muneris
1262 2163 1364 2232 publici
1376 2163 1545 2218 vacationem
1558 2163 1666 2230 habent,
1682 2163 1718 2218 ad
1730 2179 1770 2230 ea,
1785 2179 1854 2236 quae
1868 2169 1944 2218 extra

271 2239 333 2290 ante
350 2234 466 2290 absoluti
483 2239 559 2302 sunt,
577 2249 687 2290 necesse
704 2232 804 2302 habent
821 2233 964 2302 appellare.
992 2233 1039 2288 sed
1057 2235 1080 2288 si
1131 2233 1249 2288 ordinem
1266 2233 1303 2286 im
1323 2237 1446 2296 eranum,
1466 2231 1661 2302 compelli'non
1679 2233 1773 2290 solent.

270 2319 318 2370 per
336 2303 494 2380 calumniam
517 2307 543 2356 et
566 2301 672 2370 saepius
689 2301 759 2356 idem
781 2301 949 2380 adversarius
966 2301 1080 2380 venandi
1166 2299 1284 2380 'ilpunc
1303 2249 1375 2356 {ibeo
1404 2301 1661 2380 tripmrsimolseocip
1689 2301 1879 2380 quaestionum
1919 2301 1944 2356 A

271 2371 443 2492 iiiiii
463 2369 1078 2504 iiiiuiiidiisiiicliiiiixtiilibi’
1130 2369 1670 2492 illustrissiibsiull
1688 2369 1944 2492 studuit·

271 2509 402 2560 cretarum
424 2453 612 2572 pi’iuoipslium
632 2477 771 2582 p’raestare
793 2503 919 2558 iubeatur
941 2453 989 2568 emp
1001 2517 1080 2572 quem
1130 2453 1401 2574 pctuopexcusi'ntur.
1668 2453 1704 2506 gu
1883 2453 1900 2506 p

272 2577 285 2626 2
322 2571 378 2626 sine
402 2587 484 2626 causa
506 2571 612 2640 saepius
635 2571 799 2640 inquietavit.
836 2571 888 2640 Qui
908 2571 936 2626 in
958 2571 1080 2626 fraudem
1166 2567 1285 2628 Sionis
1304 2571 1371 2628 libro
1391 2573 1482 2642 primo
1506 2587 1699 2644 responsorum
1738 2571 1770 2626 In
1795 2571 1944 2628 bonoribus

271 2639 371 2694 ordinis
389 2641 417 2694 in
434 2639 579 2692 honoribus
595 2639 724 2706 gerendis,
743 2655 804 2694 cum
821 2641 892 2694 inter
910 2655 955 2696 eos
973 2639 1008 2692 ad
1024 2639 1078 2710 pri-
1131 2639 1228 2694 delatis
1250 2641 1444 2708 nequemaior
1467 2641 1545 2694 annis
1568 2641 1738 2710 septuaginta
1760 2655 1794 2696 ne
1812 2655 1845 2694 ue
1866 2645 1944 2710 pater

270 2723 329 2760 mos
346 2707 461 2762 honores
483 2707 568 2760 creari
590 2707 696 2776 possint
719 2709 765 2776 qui
780 2707 939 2762 incivitate
956 2723 1078 2762 munera·
1130 2723 1240 2764 numero
1265 2707 1389 2776 quinque,
1402 2707 1547 2762 liberorum
1569 2713 1722 2764 excusatur.
1756 2657 1812 2764 sedq
1826 2707 1854 2762 in
1877 2707 1944 2764 Asia

271 2775 395 2842 bantur⁷,
425 2773 606 2830 rutundorum
632 2775 762 2830 maiorum
793 2791 904 2830 onerum
930 2777 1016 2844 gratia
1045 2775 1080 2830 ad
1131 2773 1311 2832 sacerdotium
1334 2775 1487 2846 provinciae
1511 2777 1648 2844 suscipere
1670 2791 1725 2830 non
1747 2781 1878 2844 cogrmtur
1893 2792 1944 2831 nu-

272 2845 381 2900 oolonos
402 2841 572 2914 praediorum
595 2859 625 2898 se
645 2845 855 2912 transtulerunt,
879 2847 915 2898 ut'
933 2845 1079 2898 minoribus
1131 2861 1204 2900 merc
1219 2845 1363 2898 liberorum
1378 2845 1495 2914 quinque
1510 2845 1630 2900 subnixi:
1649 2843 1721 2914 quod
1735 2845 1850 2914 optimus
1859 2845 1944 2898 maxi-

271 2913 448 2976 subiciantur,
466 2911 535 2964 hanc
553 2911 753 2966 excusationem
770 2911 893 2968 sibinen
910 2917 1077 2980 paraverunt.
1130 2929 1243 2982 musque
1267 2911 1393 2980 princeps
1416 2919 1510 2968 noster
1533 2911 1647 2968 Severus
1668 2915 1805 2980 Augustus
1826 2911 1945 2968 decrevit

271 2983 285 3034 3
321 2979 445 3046 Quamvis
471 2981 609 3046 sexaginta
637 2979 754 3048 quinque
777 2995 909 3034 annorum
933 2979 1026 3050 aliquis
1045 2979 1080 3034 sit
1131 2995 1164 3036 ac
1181 2985 1277 3052 postea
1294 2981 1323 3034 iu
1340 2981 1434 3036 ceteris
1458 2979 1602 3050 provinciis
1626 2979 1784 3036 servandum
1801 2995 1860 3036 esse
1879 2995 1943 3036 ccu-

270 3051 297 3100 et
312 3053 368 3126 tres
386 3047 482 3102 liberos
500 3047 645 3102 incolumes
659 3049 765 3114 habeat,
784 3063 801 3102 a
818 3049 972 3104 muneribus
990 3055 1080 3104 tamen
1133 3055 1144 3102 l
1182 3049 1277 3104 stituit.
1303 3047 1366 3104 Nou
1383 3049 1452 3104 alios
1468 3049 1528 3104 fisci
1544 3049 1713 3118 reetigohum
1728 3047 1910 3128 redemptores
1928 3065 1944 3104 a

271 3115 392 3172 cirihbus
408 3121 519 3184 propter
534 3117 585 3170 has
603 3131 699 3172 causas
718 3133 771 3172 nou
788 3117 927 3172 liberatur.
1030 3161 1032 3164 .
1130 3117 1286 3174 muneribus
1301 3117 1420 3172 civilibus
1438 3131 1471 3172 ac
1487 3115 1580 3172 tutelis
1598 3115 1721 3172 excusari
1737 3115 1846 3186 plaomt,
1882 3131 1944 3172 uam

304 3181 422 3240 Molem
440 3185 507 3240 libro
533 3185 612 3238 tertio
630 3187 786 3256 opinionum
821 3185 932 3240 Sextum
950 3185 1080 3240 deuictum
1131 3191 1146 3238 2
1181 3201 1242 3252 eos,
1268 3185 1313 3256 qui
1329 3191 1484 3254 praesentes
1501 3185 1638 3254 negotium
1658 3191 1821 3240 exercerent.
1881 3199 1944 3238 aea·

270 3253 365 3308 aetatis
393 3269 491 3306 annum
521 3257 642 3322 agentem
672 3253 707 3308 ad
733 3271 831 3308 munus
854 3253 966 3318 sitoniae
989 3253 1079 3310 vocari
1130 3253 1237 3310 donum
1250 3253 1388 3322 privilegia
1401 3271 1455 3310 nou
1470 3255 1623 3322 spectante
1639 3253 1737 3309 liberos
1750 3259 1943 3310 ueteranorum.

270 3337 324 3376 non
342 3325 458 3390 oportet:
482 3321 529 3376 sed
551 3321 575 3376 si
591 3321 657 3376 nihil
680 3323 786 3406 proprie
804 3323 831 3376 in
852 3323 942 3392 patris.
959 3327 1078 3376 servatur
1132 3329 1146 3376 3
1183 3323 1234 3390 Qui
1251 3323 1367 3378 muneris
1383 3321 1487 3392 publici
1503 3323 1671 3377 vacadouem
1688 3321 1777 3388 habet,
1795 3337 1844 3394 per
1860 3319 1943 3390 magi·

271 3389 303 3446 de
326 3391 471 3444 minoribus
495 3405 600 3460 quoque
622 3391 699 3446 annis
719 3391 811 3460 nginti
835 3391 951 3460 quinque
969 3391 1004 3446 ad
1020 3409 1078 3446 mu·
1131 3397 1233 3446 stratus
1255 3407 1289 3446 ex
1305 3391 1440 3460 inprouiso
1459 3391 1616 3446 collationes
1638 3391 1754 3446 indictas
1776 3395 1850 3446 recte
1866 3405 1943 3444 rocu-

270 3473 336 3514 nera
353 3457 406 3512 sire
422 3457 537 3514 honores
553 3459 687 3524 creandis
704 3457 776 3514 iusta
793 3463 868 3514 aetas
883 3459 1013 3514 servanda
1029 3465 1078 3514 est.
1130 3463 1186 3514 sat:
1205 3475 1251 3514 eas
1268 3475 1340 3524 vero,
1359 3475 1427 3528 quae
1442 3475 1457 3514 e
1473 3459 1532 3528 lege
1549 3457 1626 3526 fiunt,
1643 3475 1769 3514 recusare
1786 3475 1841 3514 non
1856 3457 1943 3514 debet.

273 3531 284 3578 1
320 3525 453 3580 Numerus
475 3527 619 3580 liberorum
640 3533 689 3580 aut
705 3527 876 3594 septuaginta
896 3543 1027 3582 annorum
1044 3529 1078 3582 ab
1131 3533 1148 3582 4
1181 3529 1368 3596 Philosophis‚
1393 3529 1438 3598 qui
1465 3541 1494 3582 se
1517 3529 1671 3598 frequentes
1694 3533 1774 3596 atque
1795 3525 1875 3582 utiles
1895 3541 1945 3596 per

271 3595 416 3648 honoribus
440 3599 487 3648 aut
505 3595 658 3650 muneribus
676 3595 718 3650 his
744 3595 948 3650 cohaerentibus
967 3611 1077 3650 excusa·
1130 3595 1242 3652 eandem
1264 3595 1413 3652 studiorum
1435 3603 1536 3652 sectam
1560 3595 1782 3652 contendentibus
1805 3595 1943 3664 praebent,

273 3663 369 3718 donem
386 3679 440 3716 non
458 3667 584 3730 praestat,
603 3663 651 3718 sed
668 3679 684 3716 a
701 3663 856 3718 muneribus
874 3667 979 3718 tantum
997 3663 1078 3718 civili-
1130 3665 1243 3736 tutelas,
1266 3665 1332 3718 item
1347 3679 1458 3718 munera
1476 3663 1586 3720 sordida
1604 3665 1754 3734 corporalia
1769 3663 1869 3718 remitti
1886 3663 1942 3732 pla-

271 3735 286 3784 i
320 3733 380 3786 bus.
418 3731 543 3800 Adoptiri
566 3731 614 3784 filii
641 3731 672 3792 in
693 3747 832 3786 numerum
857 3749 911 3786 non
937 3731 1081 3802 proliciunt
1132 3733 1200 3798 cnit,
1219 3749 1274 3784 nou
1298 3747 1341 3796 sa,
1366 3747 1434 3802 quae
1457 3733 1608 3802 sumptibus
1627 3733 1817 3802 expediuntur:
1847 3731 1944 3786 etenim

270 3815 362 3854 eorum
396 3799 549 3868 hbercrum,
584 3799 631 3868 qui
660 3813 792 3856 excusare
826 3805 949 3868 parentes
985 3799 1078 3856 solent.
1130 3815 1192 3854 rere
1205 3799 1428 3922 philosophantes
1447 3801 1588 3868 pecuniam
1604 3805 1789 3866 contemnunt,
1808 3799 1884 3856 cuius
1901 3815 1944 3854 re-

272 3873 286 3922 3
322 3867 373 3934 uui
394 3867 428 3922 ad
449 3885 559 3922 munera
579 3871 721 3936 vocantur,
748 3869 867 3922 rivorum
890 3883 919 3922 se
933 3867 1080 3922 vliberorum
1130 3869 1205 3924 tinen
1224 3883 1255 3922 ae
1286 3867 1410 3936 cupidine
1440 3869 1530 3922 fictam
1554 3867 1782 3924 adseverationem
1809 3867 1942 3936 detegunt.

271 3951 408 3990 numerum
425 3937 524 3992 habere
541 3943 673 4006 tempore,
697 3953 749 4006 quo
766 3941 877 4006 propter
893 3951 939 3990 ecs
957 3937 1080 3992 excusari
1132 3943 1147 3990 5
1182 3935 1234 4004 Qui
1250 3937 1379 3990 maximos
1397 3935 1532 4006 principes
1550 3937 1695 4006 appellavit
1710 3943 1738 3992 et
1755 3951 1865 3992 oausam
1880 3953 1942 4006 pro·

272 4003 435 4070 desiderant,
459 4007 575 4074 probare
597 4005 707 4061 debent:
735 4021 863 4060 numerus
890 4003 960 4060 enim
982 4005 1079 4060 libero·
1130 4005 1217 4074 priam
1238 4009 1349 4060 acturus
1372 4003 1518 4060 Romam²⁰
1539 4003 1678 4074 proiectus
1697 4009 1748 4060 est:
1774 4003 1864 4076 quoad
1880 4019 1944 4074 cog-

271 4077 438 4196 {umqjgwqea
455 4073 745 4196 impletusuiisusceptis
761 4079 839 4128 antea
857 4073 1011 4194 munetribus
1025 4089 1080 4126 non
1130 4073 1295 4196 nitipbfinem
1311 4073 1441 4196 accipiat,
1467 4075 1503 4128 ab
1526 4073 1674 4194 ltnonoribus
1697 4077 1725 4128 et
1748 4071 1868 4128 civilibus
1883 4089 1944 4128 mu-

272 4215 285 4264 5
321 4141 762 4264 hbgdgrquuggrPaextggsldoniff
780 4157 1079 4278 onlerssofuudlre’smlirssgdss
1130 4157 1189 4268 neg
1208 4159 1329 4264 nfirma
1348 4157 1421 4264 ((1)ῗο
1429 4157 1759 4282 θῖἰιέἷξιῖυἳῆσερυηεοναηι
1795 4207 1877 4276 Eos„
1897 4209 1943 4278 qui

271 4279 374 4334 etiamsi
399 4279 427 4332 iu
449 4283 582 4348 potestate
605 4279 677 4348 patri
694 4295 743 4334 suo
767 4279 893 4334 desierint
910 4293 981 4344 esse,
999 4293 1078 4332 excu-
1130 4279 1234 4332 Romae
1256 4277 1430 4346 profitentur,
1455 4277 1568 4348 proinde
1591 4279 1620 4332 in
1641 4277 1731 4358 patria
1748 4293 1797 4332 sua
1820 4277 1943 4332 excusari

273 4355 287 4400 6
323 4347 453 4402 sationem
470 4363 487 4402 a
504 4347 659 4402 muneribus
677 4347 797 4402 civilibus
814 4351 962 4414 praestant.
989 4345 1079 4402 Minus
1131 4345 1287 4402 muneribus
1302 4351 1434 4414 oportere,
1449 4361 1485 4400 ao
1500 4345 1525 4402 si
1537 4345 1566 4400 iu
1578 4351 1668 4428 patna
1679 4361 1730 4402 sua
1743 4345 1941 4414 profiterentur.

272 4415 381 4470 audiens
407 4415 591 4470 inmunitatem
617 4415 730 4468 ciuilium
752 4431 890 4468 muncrum
913 4415 1077 4478 nonhabet.
1133 4421 1144 4468 l
1181 4413 1282 4470 Paulus
1305 4413 1442 4484 respondit
1466 4413 1632 4484 privilegium
1659 4413 1838 4470 frumentariis
1861 4429 1942 4534 aefic-

272 4489 285 4538 l
322 4483 405 4550 Quem
428 4485 467 4538 ita
490 4483 563 4540 senio
587 4489 615 4538 et
646 4483 765 4552 corporis
793 4483 967 4538 inbccillitate
989 4483 1080 4538 vexari
1130 4483 1273 4540 datonbus
1296 4497 1453 4538 concessum
1477 4483 1557 4536 etiam
1580 4483 1617 4538 cd
1639 4483 1753 4538 honores
1774 4497 1892 4538 mansan
1911 4495 1942 4538 os

272 4567 379 4622 praeses
403 4551 629 4616 animadverterit,
655 4557 687 4604 ut
707 4551 810 4606 muneri
836 4549 1010 4618 perierendae
1031 4567 1077 4618 pe·
1129 4551 1271 4618 pertinere.
1773 4581 1774 4584 =
1834 4609 1835 4612 Ἴ

272 4621 366 4672 cuniae
389 4635 444 4672 non
471 4619 602 4684 sufficiat,
627 4617 743 4672 dimittat
765 4623 792 4672 et
819 4621 901 4672 alium
925 4619 1077 4672 constituat.
1167 4615 1204 4676 10
1223 4617 1304 4672 locu
1317 4617 1386 4672 libro
1397 4615 1491 4688 primo
1509 4615 1702 4672 sententiarum
1735 4617 1778 4672 Ab
1796 4617 1837 4672 his
1855 4619 1941 4672 oneri-

272 4693 305 4740 lo
341 4687 465 4756 Corporis
479 4687 601 4740 debilitas
619 4701 711 4740 eorum
727 4703 867 4742 munerum
881 4687 1079 4742 excusationem
1130 4687 1193 4752 bus,
1218 4699 1287 4754 quae
1308 4685 1524 4754 possessionibus
1540 4685 1583 4738 rel
1603 4683 1762 4752 patrimonio
1778 4683 1941 4754 indicuntur,

253 4759 404 4824 ‘praestan
422 4771 491 4824 quae
507 4759 612 4810 tantum
630 4771 741 4824 corpore
758 4755 893 4824 implenda
911 4759 981 4810 sunt.
1007 4759 1077 4810 cete-
1132 4759 1144 4806 1
1182 4753 1257 4808 nulla
1284 4753 1421 4822 privilegia
1450 4755 1592 4822 praestant
1619 4753 1793 4808 vacationem.
1838 4753 1941 4822 Corpus

271 4839 331 4876 rum
353 4837 422 4894 quae
446 4823 585 4878 consilio¹⁰
611 4823 750 4894 prudentis
773 4821 823 4878 riri
850 4821 891 4876 rel
919 4821 1078 4892 patrimonio
1130 4823 1344 4878 mensurarum²¹
1360 4821 1488 4876 frumenti
1504 4823 1580 4876 iuxta
1594 4835 1727 4876 annonam
1740 4819 1815 4876 urbis
1832 4819 1942 4876 habet²²

272 4891 429 4946 sufficientis
446 4891 473 4944 in
490 4891 637 4944 homines¹¹
656 4891 725 4946 obiri
741 4897 868 4964 possunt,
885 4891 938 4944 nisi
956 4891 1035 4946 certis
1052 4895 1080 4946 et
1131 4895 1146 4942 2
1181 4891 1359 4944 racadcnem:
1383 4891 1413 4944 in
1434 4889 1579 4960 provinciis
1596 4903 1652 4942 non
1668 4889 1776 4950 idemii.
1811 4889 1941 4960 Angario·

272 4963 287 5014 8
321 4959 435 5028 receptis
452 4959 634 5026 probabilibus
650 4959 738 5014 causis
755 4975 810 5014 non
822 4957 1003 5014 remittuntur.
1028 4957 1078 5026 uui
1130 4975 1191 5012 rum
1214 4957 1359 5026 praestatio
1382 4963 1410 5012 et
1431 4957 1579 5026 recipiendi
1606 4955 1722 5026 hospitis
1745 4959 1890 5012 necessitas
1914 4963 1942 5014 ct

290 5041 369 5082 ueros
386 5029 485 5096 primas
502 5027 604 5082 litteras
623 5025 732 5096 docent,
758 5029 943 5080 inmunitatem
965 5043 981 5080 a
998 5027 1078 5080 niuh-
1130 5027 1209 5080 militi
1226 5031 1253 5080 et
1269 5025 1419 5080 liberalium
1436 5025 1535 5080 artium
1550 5023 1749 5096 professoribus
1764 5025 1836 5080 inter
1852 5029 1942 5080 cetera

272 5045 322 5150 Eas
345 5095 498 5150 muneribus
521 5111 576 5150 non
598 5095 712 5148 habeut:
736 5095 784 5150 sed
809 5111 844 5150 ne
868 5095 912 5148 cui
937 5109 1029 5150 eorum
1050 5095 1081 5148 id
1130 5099 1146 5148 3
1181 5093 1293 5148 remissa
1315 5097 1387 5148 sunt.
1421 5093 1518 5146 Auctis
1540 5097 1604 5164 post
1626 5093 1833 5164 appellationem
1853 5093 1941 5150 medio

272 5161 343 5230 quod
357 5179 439 5230 supra
451 5163 519 5216 sires
532 5163 568 5218 sit
578 5161 719 5230 indicatur,
735 5161 770 5216 ad
781 5161 912 5230 praesidis
926 5161 1078 5230 religionem
1130 5167 1251 5230 tempore
1274 5159 1450 5216 facultatibus
1466 5161 1634 5230 paupertatis
1658 5165 1770 5230 optentu
1787 5177 1842 5218 non
1859 5175 1940 5216 excu-

271 5229 400 5298 pertinet,
424 5229 479 5284 sive
496 5231 525 5284 in
542 5229 692 5284 eiulatibus
714 5229 769 5284 sire
785 5231 815 5284 in
830 5231 896 5284 vicis
919 5231 1017 5298 primas
1034 5231 1078 5284 ht-
1130 5235 1147 5282 4
1182 5233 1286 5284 santur.
1321 5227 1483 5284 Defensores
1501 5227 1681 5298 reipublicae
1698 5229 1732 5284 ab
1751 5227 1896 5286 honoribus
1914 5233 1941 5284 et

268 5303 341 5352 toras
357 5297 476 5364 magistri
494 5297 615 5352 doceant.
1130 5297 1284 5352 muneribus
1302 5295 1395 5352 eodem
1412 5303 1531 5366 tempore
1548 5301 1653 5368 vacant.

271 5479 300 5536 (1)
319 5473 468 5522 mcumncl‘
530 5473 564 5534 (i)
581 5469 649 5536 item]
659 5467 732 5518 idei
744 5469 858 5522 Cuiacr'ms
1128 5467 1262 5520 siliumF²
1330 5471 1371 5532 (ll)
1388 5473 1416 5520 in
1425 5469 1646 5522 bonhominisscr.
1710 5473 1754 5536 ila)
1771 5469 1940 5536 praebuerunt

303 5543 335 5602 is)
353 5539 414 5590 sao.
429 5551 491 5596 runs
509 5537 572 5602 Pap.
587 5547 666 5596 e...1a;
683 5535 732 5586 Ed.
747 5537 1077 5602 rs.1r.-Bas.54‚s.-
1128 5539 1189 5590 Hui.
1266 5543 1308 5600 (tal
1328 5537 1685 5604 autquinquspluresremr.
1760 5541 1804 5602 (tri
1822 5539 1903 5602 adid]
1919 5539 1940 5588 it

273 5605 520 5672 GfiCcd.10,rs...u
575 5605 609 5668 (t)
626 5605 928 5670 uddtrplD.50,l‚3,d
985 5607 1017 5672 (b)
1036 5623 1075 5656 or·
1127 5605 1215 5656 adsum
1282 5605 1326 5670 (15)
1343 5603 1485 5670 aliquosum
1549 5605 1595 5668 (16)
1613 5609 1751 5660 eruntedd.
1811 5611 1856 5672 ili)
1873 5621 1938 5658 eom-

270 5677 389 5728 dinemF
456 5671 628 5740 (ejid1utF2
702 5673 735 5736 (l)
753 5673 1077 5740 cumintereosadprimos
1127 5673 1261 5724 modatoF
1307 5675 1352 5738 (ts)
1370 5671 1590 5726 civilibusins.F²
1637 5677 1683 5742 (lu)
1699 5675 1939 5744 cumpunctae,

270 5743 375 5794 honores
391 5743 435 5806 qui
449 5743 527 5794 creari
539 5743 640 5808 possent
653 5739 681 5790 in
694 5739 796 5794 civitate
811 5743 1007 5794 numerabantur
1022 5743 1076 5806 (ior
1127 5743 1260 5794 vetautF¹
1304 5743 1353 5804 (ao)
1370 5743 1475 5794 romaF
1511 5743 1556 5808 (ll)
1574 5759 1714 5796 mensorum
1724 5743 1785 5798 Hal.
1829 5747 1875 5812 (aa)
1894 5743 1938 5796 ha·

272 5813 336 5878 edd.)
351 5831 396 5862 scr.
466 5813 500 5874 (8)
518 5809 689 5864 creandisrcr.
758 5809 825 5880 (⁹)ss
838 5809 882 5866 ins.
914 5875 918 5880 Ι
953 5811 998 5878 (lu)
1016 5825 1074 5862 eon·
1126 5809 1223 5864 uentu
1285 5813 1332 5876 (23)
1349 5811 1410 5862 item
1418 5811 1480 5864 Hal.
