4366 6258
279 355 449 430 XXXXVl
473 363 537 428 ιι

279 563 327 614 pro
338 561 367 598 se
381 545 499 598 solvendi
513 545 609 610 animo,
627 543 675 598 sed
690 559 738 612 pro
753 543 824 600 titio
839 545 910 608 fecit,
929 551 961 598 ιι
973 545 1087 598 maxime

279 627 339 666 cum
356 613 458 678 liberet,
476 613 586 666 babebit
604 627 664 664 cum
681 625 714 666 ec
731 613 849 666 mandati
866 613 1005 666 ιιιιιιιιι.

313 675 353 734 70
374 679 465 732 Gaios
479 679 547 732 libro
560 681 653 748 primo
670 679 704 732 dc
720 681 861 734 amborum
878 679 1088 748 obligationibus

280 745 307 796 Si
330 763 347 798 a
368 761 414 800 reo
443 747 492 800 sub
521 745 678 800 condicione
705 745 782 800 fuero
805 745 961 812 stipulatus,
992 751 1086 812 potero

279 811 460 866 fideiussorem
479 819 504 866 ιι
521 811 550 864 in
567 811 638 866 hanc
654 819 681 868 ιι
697 813 725 866 in
742 813 822 866 aliam
839 811 1020 866 condicionem
1039 813 1104 866 ob-.

280 879 375 946 ligare,
399 879 421 932 si
444 877 522 934 modo
546 895 593 934 eas
615 881 785 946 coniungam:
815 879 866 934 nisi
888 879 957 934 enim
974 885 1088 946 unaque

280 947 417 1010 exstiterit,
435 963 490 1000 noo
503 947 645 1012 tenebitur,
664 963 724 1000 com
741 961 804 1000 reos
818 961 851 998 ex
864 961 918 1000 una
933 947 1087 1000 ιιιιιιιιιι

280 1019 408 1066 teneatur.
440 1013 513 1082 quod
530 1013 552 1066 si
569 1029 615 1068 eas
633 1015 790 1080 disiungam,
809 1013 900 1068 durior
915 1013 947 1066 nt
965 1013 1087 1066 condicio

280 1079 441 1134 fideiussoris
463 1095 513 1132 nec
536 1081 570 1132 cb
593 1081 621 1134 id
644 1081 789 1148 obligatur:
819 1081 916 1150 quippe
939 1081 994 1134 rive
1016 1097 1087 1134 com·

280 1147 365 1200 munis
389 1147 527 1214 utriusque
544 1149 665 1202 condicio
684 1147 799 1200 extiterit
816 1147 870 1202 sive
888 1147 1032 1210 alterutra,
1049 1147 1087 1198 vi-

280 1213 375 1266 deatur
397 1213 573 1280 adprehendi,
604 1231 664 1268 cum
689 1229 750 1266 reus
773 1229 827 1266 non
850 1215 927 1266 aliter
955 1219 1086 1276 teneatur,

280 1297 359 1348 quam
376 1281 399 1334 si
416 1281 563 1334 communis
581 1281 723 1336 exstiterit:
754 1287 801 1334 aut
817 1281 897 1348 igitur
917 1281 990 1336 nollo
1008 1279 1086 1334 modo

278 1349 413 1402 tenebitur
428 1347 578 1414 fideiussor,
596 1355 651 1414 aut,
670 1345 742 1416 quod
759 1349 841 1416 magis
860 1355 909 1414 cst,
930 1349 1087 1412 ¹tencbitur,

283 1421 293 1468 t
329 1417 353 1468 si
368 1415 443 1482 prius
461 1417 578 1468 extiterit
594 1415 750 1468 communis.
781 1415 836 1468 Sub
856 1415 965 1468 dirersis
983 1429 1088 1484 quoqne

281 1483 479 1536 condicionibus
506 1483 651 1536 siluerint
673 1483 842 1548 interrogati,
871 1483 994 1546 interest,
1026 1491 1088 1534 utra

280 1565 371 1602 eorum
414 1551 469 1604 rior
495 1549 621 1604 extiterit.
665 1549 689 1602 si
717 1563 763 1602 rec
791 1549 924 1614 iniuncta,
953 1549 1089 1602 tenebitur

280 1615 358 1672 etiam
376 1567 530 1682 ticinasci,
556 1633 615 1670 curn
639 1615 759 1696 condicio
777 1617 834 1672 eius
852 1615 995 1680 exstiterit,
1019 1621 1087 1668 tam·

280 1699 358 1752 quarn
380 1685 405 1738 si
426 1685 516 1738 statim
539 1685 574 1738 ab
596 1685 671 1736 initio
695 1699 757 1738 rcus
774 1699 855 1752 pure,
880 1683 1019 1738 fideiussor
1037 1685 1086 1738 sub

281 1751 435 1806 condicione
452 1759 579 1818 acceptus
593 1755 669 1804 esset.
698 1767 730 1804 ex
748 1751 850 1804 diuerso
867 1757 963 1816 antem,
982 1753 1005 1804 si
1022 1751 1086 1804 fide-

279 1819 389 1874 iussoris
408 1819 528 1872 condicio
545 1819 618 1888 prior
636 1819 760 1884 extiterit,
778 1835 832 1872 non
847 1825 960 1886 tenetur,
979 1819 1088 1888 perinde

280 1903 311 1942 ac
335 1887 358 1942 si
380 1887 470 1940 statim
493 1887 527 1940 ab
551 1885 625 1940 initio
647 1903 714 1954 pure
736 1893 864 1956 acceptus
887 1891 956 1942 esset
972 1903 1017 1942 reo
1035 1889 1086 1940 sub

280 1961 294 2008 2
330 1955 485 2008 condicione
508 1955 634 2020 obligato.
671 1953 699 2008 Si
721 1971 767 2010 reo
788 1957 817 2008 in
834 1955 946 2008 fundum
970 1957 1086 2022 obligato

280 2023 420 2076 fideiussor
433 2023 461 2074 in
475 2021 683 2076 usumfructum
699 2025 854 2092 accipiatur,
874 2023 1022 2092 quaesitum
1038 2029 1086 2086 cst,

279 2095 366 2144 utrum
390 2091 522 2158 obligetur
545 2089 687 2144 fideiussor
710 2091 786 2160 quasi
807 2093 836 2146 in
853 2093 954 2158 miuus,
982 2107 1017 2144 an
1034 2107 1089 2144 non

279 2159 410 2228 obligetur
433 2159 510 2228 quasi
530 2159 558 2214 ιι
584 2159 665 2212 aliud.
697 2161 777 2214 nobis
794 2159 822 2212 ιι
840 2175 871 2214 eo
888 2159 993 2212 videtur
1010 2161 1087 2212 dubi-

278 2229 344 2282 tatio
367 2241 438 2292 esse,
467 2243 532 2282 usus
554 2227 659 2282 fructus
686 2245 750 2296 pars
773 2229 812 2284 rci
835 2229 870 2284 sit
892 2245 927 2282 aa
949 2227 1088 2298 proprium

280 2295 417 2364 quiddam:
444 2295 490 2350 sed
512 2311 573 2350 curn
593 2299 783 2350 ususfructus
807 2295 883 2352 fundi
904 2297 947 2350 ius
970 2303 1023 2362 cst,
1047 2297 1087 2350 iu-

280 2365 354 2420 aiviic
368 2371 408 2420 est
425 2365 607 2420 fideiussorem
625 2381 657 2418 ex
674 2381 722 2420 soa
735 2365 910 2434 promissione
923 2381 978 2420 non
992 2365 1086 2420 teneri.

280 2439 294 2486 3
329 2433 403 2488 Adeo
427 2449 444 2486 a
466 2449 540 2488 servo
569 2439 657 2500 potest
685 2431 827 2488 fideiussor
848 2433 947 2500 accipi,
977 2437 1008 2486 ut
1031 2435 1088 2502 ipse

280 2517 384 2570 qnoque
401 2499 521 2554 dominus
537 2501 567 2554 in
582 2501 625 2566 id,
644 2501 714 2568 qnod
732 2501 783 2554 sibi
802 2501 924 2566 debetur,
947 2499 1086 2554 fideiusso-

279 2587 335 2622 rem
352 2569 387 2622 ab
409 2583 441 2622 co
462 2575 534 2622 recte
551 2569 679 2648 accipiat:
707 2585 785 2636 quem
802 2567 984 2622 fideiussorem
1007 2569 1088 2622 etiarn

280 2643 294 2690 4
330 2637 364 2690 ab
383 2653 413 2690 co
437 2637 494 2706 ipso
516 2653 591 2692 servo
609 2637 768 2704 mterrogari
784 2635 851 2690 nihil
872 2635 990 2704 impedit.
1025 2635 1088 2690 Sia

279 2705 381 2758 iurioso
403 2705 546 2776 stipulatus
566 2705 663 2768 fueris,
688 2719 742 2760 non
765 2709 888 2774 possete
905 2705 1089 2760 fideiussorem

280 2773 403 2842 accipere
421 2779 523 2830 certum
540 2779 594 2842 est,
620 2773 683 2842 quia
700 2789 755 2828 ιιι
771 2773 857 2828 solum
873 2773 933 2846 ipsa
950 2773 1088 2844 stipulatio

281 2843 354 2896 nulla
370 2843 578 2908 intercessisset,
602 2841 650 2898 sed
674 2859 706 2896 ne
731 2843 863 2910 negotium
881 2843 987 2914 quidem
1004 2843 1089 2898 ullum

281 2917 382 2980 gestum
399 2911 566 2980 intellegitur.
594 2911 666 2980 qood
684 2911 708 2966 si
719 2927 768 2980 pro
782 2911 884 2966 furioso
897 2911 957 2966 iure
971 2911 1088 2980 obligato

281 2987 294 3034 5
329 2979 512 3034 fideiussorem
524 2995 662 3050 accepero,
681 2985 786 3034 tenetur
800 2979 948 3034 fideiussor.
972 2979 1003 3034 Id
1017 2979 1089 3050 quod

280 3049 355 3118 volgo
385 3049 483 3104 dictum
512 3055 552 3102 est
578 3047 769 3104 maleficiorum
796 3049 978 3104 fideiussorem
1002 3047 1090 3118 accipi

280 3135 335 3172 non
350 3133 430 3186 posse
447 3135 502 3172 oon
516 3119 554 3172 sic
572 3117 688 3186 intellegi
705 3117 791 3184 debet,
809 3125 840 3172 ut
857 3117 885 3172 in
896 3129 1010 3186 poenam
1024 3115 1090 3172 furti

280 3187 312 3252 is,
332 3187 374 3240 cui
392 3187 492 3240 lurtum
509 3187 610 3242 factum
628 3193 677 3254 cst,
695 3187 877 3242 fideiussorem
894 3187 1016 3256 accipere
1034 3203 1089 3240 non

281 3257 366 3326 possit
390 3261 461 3322 (nam
482 3271 585 3326 poenas
608 3257 642 3312 ob
665 3255 797 3310 maleficia
818 3255 885 3310 solvi
907 3271 1003 3324 magna
1019 3255 1090 3310 ratio

283 3325 400 3390 suadet),
425 3325 527 3380 sedita
544 3325 648 3394 potius,
672 3331 702 3378 ιι
719 3325 764 3394 qui
781 3341 841 3378 cum
864 3325 915 3378 alio
939 3325 1015 3378 ιιιι2
1038 3341 1091 3394 quo

281 3393 383 3448 turtum
400 3393 513 3460 admisit,
531 3393 560 3448 in
575 3399 687 3462 partem,
706 3409 786 3460 qnam
804 3409 837 3448 ex
854 3393 926 3448 furto
944 3393 996 3448 sibi
1012 3393 1091 3448 resti·

282 3463 322 3514 tui
344 3461 489 3526 desiderat,
516 3461 699 3516 fideiussorem
725 3463 843 3528 obligare
866 3477 919 3514 non
942 3461 1041 3530 possit,
1066 3467 1093 3514 et

284 3529 330 3598 qui
351 3529 437 3584 alieno
460 3531 571 3584 hortatu
593 3529 627 3582 ad
652 3529 753 3582 furtum
775 3529 927 3584 faciendum
947 3535 1092 3600 protectos

284 3603 339 3662 ιιι,
362 3613 396 3652 ιι
411 3597 447 3650 in
462 3597 528 3652 furti
551 3613 639 3666 poena
655 3599 690 3652 ab
708 3613 740 3652 co
763 3597 808 3664 qui
830 3597 954 3652 bonatus
971 3603 1012 3652 est
1027 3597 1092 3652 iide-

285 3667 414 3720 iussorem
442 3667 564 3736 accipere
591 3665 686 3736 possit.
725 3665 753 3718 in
787 3665 883 3732 quibus
914 3667 1020 3720 casibus
1047 3667 1094 3718 illa

285 3733 354 3788 ratio
378 3733 487 3802 impedit
511 3733 694 3790 fideiussorem
717 3733 842 3802 obligari,
867 3733 929 3802 quia
945 3733 1048 3788 scilicet
1064 3735 1093 3786 in

286 3803 386 3856 nullam
403 3803 532 3858 rationem
550 3801 691 3856 adhibetur
709 3799 864 3866 fideiussor,
884 3803 961 3856 ιιιι3
979 3801 1093 3870 flagitio-

286 3885 332 3926 sae
349 3871 388 3924 rei
406 3871 519 3926 societas
537 3871 608 3926 coita
624 3871 724 3924 nullam
741 3871 793 3922 uim
810 3869 900 3924 babet.
931 3881 932 3884 ’
1085 3885 1087 3892 ’

322 3935 357 3994 ‘ii
383 3937 501 3994 Pactus
527 3939 594 3994 libra
626 3945 722 4010 quarto
750 3939 936 4010 quaestionum
978 3937 1095 3992 Granius

287 4009 437 4060 Antoninus
458 4019 508 4078 pro
530 4009 617 4062 Inlio⁴
641 4007 762 4062 Pollione
785 4013 813 4060 et
829 4005 897 4060 Iulio
915 4005 988 4060 Rufo
1013 4021 1094 4074 pctu-

287 4075 358 4130 niam
381 4081 501 4128 mutuam
518 4075 576 4130 acci
593 4075 721 4140 ientibus,
746 4075 783 4128 ita
801 4079 832 4128 ut
849 4075 901 4128 dno
920 4075 958 4128 rei
977 4075 1096 4128 ciusdem

289 4143 368 4198 debiti
386 4143 496 4210 fuerint,
515 4093 593 4210 apati
602 4143 737 4197 Aurelium
755 4141 874 4196 Palmam
891 4141 1032 4196 mandator
1049 4159 1096 4196 ex-

288 4211 387 4264 stitit⁵:
409 4209 470 4264 Iulii
491 4212 564 4265 bona
581 4211 615 4264 ad
632 4211 726 4264 fiscum
743 4213 902 4264 venerumt:
926 4211 1047 4264 similiter
1069 4219 1096 4264 ιι

289 4277 414 4332 creditori
434 4277 517 4330 fiscus
539 4283 714 4332 successerat.
750 4279 890 4332 mandator
911 4279 1044 4346 allegabat
1067 4295 1095 4330 se

287 4347 429 4400 liberatum
445 4345 504 4398 iure
521 4345 697 4412 confusionis,
720 4347 783 4414 quia
800 4345 880 4400 fiscus
897 4355 953 4398 tam
971 4345 1096 4400 creditori

289 4429 367 4482 quam
385 4411 497 4468 debitori
514 4419 687 4468 successerat.
722 4419 750 4468 et
773 4413 879 4482 quidem
896 4413 919 4468 si
935 4429 1005 4474 unus
1023 4413 1095 4468 debi-

287 4487 331 4534 tor
347 4481 453 4546 fnisset,
470 4495 525 4534 non
542 4479 699 4534 dubitabam
716 4481 786 4534 sicut
802 4481 996 4546 fideiussorem,
1013 4481 1052 4534 ita
1069 4489 1097 4534 et

289 4549 470 4602 mandatorem
491 4549 632 4602 liberatum
653 4565 723 4604 esse:
756 4551 875 4618 quamvis
903 4549 974 4602 enim
998 4549 1096 4604 indicio

289 4623 416 4670 convento
434 4615 583 4696 principali
593 4615 711 4672 debitore
728 4615 869 4670 mandator
884 4633 939 4670 non
959 4615 1095 4688 liberetur,

289 4693 378 4738 tamen
401 4685 449 4738 ιιι
470 4683 600 4736 ιιιιιιιιι
624 4683 740 4738 creditor
764 4683 888 4750 debitori,
919 4685 1000 4738 veluti
1022 4685 1096 4738 solu-

288 4753 366 4806 tionis
388 4753 446 4804 iore
463 4751 570 4806 sublata
593 4751 753 4818 obligatione
771 4753 850 4804 etiarn
872 4751 1012 4806 mandator
1029 4753 1095 4806 libc-

288 4827 378 4884 ratur,
402 4813 523 4888 rel'quia
539 4833 594 4872 non
611 4825 701 4886 potest
717 4837 765 4888 pro
785 4819 877 4874 codem
893 4819 967 4888 apud
983 4821 1097 4874 eundem

288 4889 347 4956 quis
370 4887 510 4942 mandator
533 4901 599 4940 esse.
635 4889 682 4942 sed
705 4903 765 4942 cum
789 4889 841 4942 duo
865 4887 903 4942 rei
926 4887 1097 4956 promittendi

289 4957 342 5010 sint
363 4963 390 5010 et
407 4957 484 5010 alteri
507 4957 585 5008 heres
602 4957 704 5008 exstitit
721 4957 851 5020 creditor,
875 4957 945 5010 iusta
962 4955 1095 5010 dubitatio

288 5031 341 5088 est,
368 5031 456 5076 utrum
474 5022 542 5076 alter
560 5037 664 5090 quoque
687 5023 815 5078 liberatus
833 5029 886 5086 est,
911 5039 943 5078 ac
966 5023 990 5078 si
1007 5023 1096 5078 soluta

287 5091 382 5146 inisset
398 5091 520 5158 pecunia,
538 5101 573 5144 au
589 5105 705 5158 persona
721 5097 825 5146 tantum
844 5095 966 5158 exempta
982 5089 1096 5146 confusa

288 5159 456 5228 obligatione.
492 5167 519 5212 et
539 5163 604 5228 puto
627 5157 744 5212 ιιιιιιιιι
765 5159 921 5214 hereditatis
939 5159 1096 5214 confusione

289 5227 454 5296 obligationis
478 5227 558 5282 eximi
578 5239 733 5296 personam:
760 5227 807 5282 sed
829 5233 855 5282 et
878 5227 1044 5284 accessiones
1063 5239 1096 5282 ex

289 5295 345 5350 cius
368 5311 484 5362 persona
505 5293 615 5350 liberari
642 5301 751 5364 propter
772 5295 846 5350 illam
862 5297 1005 5360 rationem,
1034 5297 1096 5364 quia

288 5377 342 5416 oon
364 5369 477 5430 possunt
519 5379 550 5418 ro
568 5361 660 5418 eodem
678 5365 750 5432 apud
767 5363 878 5416 eundern
902 5363 1009 5432 obligati
1027 5379 1095 5428 esse,

288 5437 319 5486 ut
336 5381 556 5500 quemadmotium
572 5431 689 5500 incipere
707 5431 771 5488 alias
785 5447 839 5486 nou
854 5437 975 5502 possunt,
992 5431 1032 5486 ita
1045 5447 1095 5486 nec

290 5611 318 5668 ιιι
336 5605 373 5656 ita
387 5605 431 5656 ins.
446 5603 485 5654 κη
560 5605 592 5672 (2)
610 5621 668 5656 com
681 5605 728 5656 del.
797 5605 828 5668 (a)
846 5601 941 5656 scilicet
954 5605 983 5656 in
996 5601 1094 5654 nullam

289 5677 410 5726 rationem
424 5673 557 5728 adhibetur
568 5675 696 5728 fideiussor
708 5689 763 5724 cum
782 5675 826 5726 del.
916 5673 948 5738 (4)
968 5673 1042 5724 Innio
1055 5675 1096 5724 acl

288 5745 364 5798 simile
380 5747 440 5812 quid
451 5763 500 5796 scr.
583 5749 615 5806 (s)
634 5743 755 5798 exstiterit
770 5743 796 5794 F
875 5745 908 5808 (b)
926 5743 1058 5794 vestiemini
1072 5743 1098 5804 F

289 5813 321 5882 ιι)
338 5813 373 5882 et]
383 5815 516 5868 uctasrcr.

1081 349 1146 430 ttt

1584 335 1586 340 Ι
1631 373 1676 424 DE
1700 371 1944 424 novnmonmcs

1138 547 1302 598 remaneant.
1337 541 1417 610 igitur
1439 541 1554 594 alterum
1576 557 1652 594 reum
1679 541 1797 594 eiusdem
1821 541 1947 608 pecuniae

1138 627 1193 664 non
1209 609 1319 664 liberari
1337 615 1363 664 ct
1379 623 1427 676 per
1444 607 1497 664 hcc
1514 625 1564 662 nec
1581 607 1764 664 fideiussorem
1781 607 1823 662 vel
1839 607 1944 660 manda-

1138 685 1224 730 torem
1247 679 1312 732 eius.
1369 677 1430 730 lane
1460 677 1523 744 quia
1544 677 1568 730 is
1592 675 1711 730 mandati
1733 675 1831 730 iudicio
1856 675 1945 742 eligere

1159 751 1228 798 otest
1244 744 1287 796 vel
1370 745 1475 808 torem,
1499 743 1704 812 competitorum
1725 745 1752 796 ei
1769 742 1946 808 exceptionem

1139 763 1193 864 ioli
1208 811 1284 874 mab,
1309 811 1332 864 si
1353 811 1471 876 coeperit
1493 811 1634 864 conveniri.
1670 819 1730 862 cum
1753 811 1839 862 altero
1863 815 1946 866 auten

1139 895 1186 932 reo
1209 879 1251 932 ιιι
1272 877 1302 930 in
1324 876 1451 940 solidum,
1481 877 1503 930 si
1526 895 1581 932 noo
1602 877 1683 932 inerit
1707 877 1834 940 societas,
1858 877 1900 932 vel
1922 879 1946 934 in

1138 951 1255 1012 partem,
1284 947 1307 998 si
1332 945 1398 998 socii
1423 943 1547 1008 inerunt,
1574 961 1653 1012 posse
1680 945 1839 998 creditorem
1863 961 1944 1012 agere.

1139 1013 1212 1078 qood
1229 1013 1252 1066 si
1270 1013 1385 1066 creditor
1398 1011 1551 1066 fideiussori
1564 1013 1642 1066 heres
1660 1011 1742 1066 fuerit
1754 1013 1796 1066 vel
1810 1011 1945 1066 fideiussor

1140 1079 1275 1144 creditori,
1293 1085 1359 1148 puto
1377 1079 1518 1132 convenire
1536 1081 1692 1132 confusione
1711 1079 1880 1144 obligationis
1897 1095 1945 1136 non

1142 1153 1152 1198 t
1190 1147 1301 1200 liberari
1323 1161 1405 1198 reum.
1442 1145 1472 1200 Si
1495 1161 1626 1214 ponamus
1650 1159 1734 1198 unum
1758 1161 1791 1198 ex
1812 1147 1865 1198 reis
1888 1163 1945 1224 pro-

1139 1213 1260 1266 mittendi
1288 1221 1397 1282 pactum
1427 1229 1497 1276 csse,
1527 1229 1561 1266 nc
1589 1229 1605 1266 a
1632 1231 1660 1268 se
1682 1219 1833 1280 peteretur,
1858 1213 1946 1270 demde

1139 1279 1322 1336 mandatorem
1340 1281 1464 1336 solvisse:
1492 1279 1611 1334 ntandati
1628 1281 1726 1336 iudicio
1745 1281 1887 1336 convenire
1902 1297 1946 1350 po-

1139 1349 1192 1400 tuit
1215 1351 1296 1402 etiam
1317 1363 1392 1412 eum,
1420 1365 1482 1402 curn
1511 1365 1563 1416 quo
1592 1357 1701 1416 pactum
1725 1353 1779 1402 est:
1806 1365 1860 1404 non
1883 1351 1946 1408 enirn

1139 1421 1154 1468 2
1189 1423 1300 1484 pactum
1317 1415 1455 1470 creditoris
1473 1417 1544 1468 tollit
1562 1417 1674 1470 alienam
1692 1417 1833 1470 actionem.
1859 1417 1947 1474 Placet

1139 1483 1323 1536 mandatorem
1355 1483 1440 1536 teneri
1468 1483 1547 1536 etiam
1577 1483 1599 1536 si
1627 1483 1799 1538 faeneratum
1828 1483 1947 1540 creditori

1139 1549 1247 1604 mandet
1262 1549 1405 1618 pecuniam
1423 1549 1539 1604 credere.

1175 1615 1214 1672 72
1235 1617 1327 1672 Gaius
1347 1617 1415 1672 libro
1433 1621 1512 1672 tertio
1530 1619 1563 1672 dc
1585 1619 1725 1672 uerborum
1743 1617 1947 1690 obligationibus

1138 1683 1168 1738 st
1188 1685 1339 1738 fideiussori
1361 1687 1412 1738 sub
1442 1687 1599 1738 condicione
1626 1684 1743 1754 obligato
1769 1687 1798 1738 ‘si
1822 1685 1895 1738 naris
1918 1701 1947 1744 er

1139 1753 1214 1806 ‘Asia
1231 1753 1349 1818 venerit’,
1367 1769 1445 1822 quem
1464 1755 1513 1808 sub
1530 1753 1584 1808 hoc
1599 1753 1679 1808 modo
1697 1755 1802 1822 accepi,
1821 1761 1947 1822 utusque

1139 1821 1175 1874 ad
1190 1825 1296 1890 tempus
1308 1821 1378 1874 vitae
1396 1837 1461 1876 snae
1477 1821 1617 1874 dumtaxat
1631 1821 1802 1888 obligaretur,
1840 1821 1947 1880 endentc

1140 1887 1297 1942 condicione
1325 1895 1464 1958 acceptum
1489 1891 1575 1944 latum
1603 1889 1684 1944 fuerit
1712 1897 1739 1942 et
1762 1889 1785 1944 is
1812 1839 1947 1948 lideiussor

1139 1957 1228 2010 adhuc
1244 1957 1377 2026 pendente
1393 1957 1551 2014 condicione
1564 1963 1685 2012 mortuus
1700 1957 1793 2010 luerit:
1814 1957 1947 2016 confestim

1139 2041 1157 2078 a
1181 2041 1226 2078 reo
1243 2031 1336 2094 petere
1352 2041 1476 2094 possum,
1502 2025 1565 2092 qnia
1588 2025 1703 2080 existens
1728 2025 1947 2092 conditioneque

1140 2093 1326 2160 obligationem
1342 2093 1370 2146 in
1391 2109 1533 2162 personam
1550 2093 1605 2146 iam
1628 2093 1725 2146 mortui
1743 2091 1848 2146 efficere
1867 2107 1947 2162 neque

1140 2177 1204 2214 acce
1224 2161 1371 2216 tilaticncm
1391 2161 1547 2216 confirmare
1565 2161 1658 2230 possit.

1175 2177 1223 2288 ιι)
1232 2227 1351 2284 Paucos
1367 2229 1434 2284 libro
1452 2231 1668 2300 septuagenarium
1686 2233 1766 2284 sento
1784 2229 1821 2284 nd
1837 2229 1947 2286 edictum

1139 2299 1205 2354 Cum
1227 2305 1386 2368 procurator
1409 2299 1437 2352 in
1460 2313 1515 2352 rem
1541 2299 1651 2368 agebat,
1676 2299 1825 2352 cantionem
1843 2297 1947 2356 dederat

1138 2375 1225 2422 ratam
1241 2383 1298 2422 rem
1314 2367 1449 2422 dominum
1471 2365 1636 2422 habiturum:
1655 2371 1749 2436 postea
1766 2367 1836 2422 victo
1855 2383 1885 2422 eo
1904 2367 1945 2422 do-

1139 2437 1225 2490 minus
1242 2453 1364 2490 reversus
1382 2437 1479 2490 iterum
1497 2437 1530 2490 de
1547 2437 1639 2490 eadem
1656 2451 1685 2488 re
1703 2435 1829 2504 agitabat,
1847 2441 1946 2492 etcum

1138 2521 1200 2558 reus
1218 2505 1330 2560 haberet
1346 2505 1554 2572 possessionem,
1573 2507 1615 2558 et⁷
1632 2505 1718 2558 noluit
1736 2521 1794 2558 eam
1812 2503 1947 2560 restituere

1139 2579 1167 2626 ιι
1183 2571 1242 2626 ideo
1261 2587 1355 2640 magno
1375 2575 1567 2644 condemnatos
1585 2577 1639 2626 cst:
1663 2573 1691 2626 in
1712 2573 1826 2640 amplius
1844 2571 1946 2626 fideius-

1139 2655 1215 2694 sores
1229 2655 1284 2694 non
1295 2645 1431 2692 tenentur:
1449 2641 1501 2694 hoc
1513 2641 1583 2692 enim
1594 2657 1649 2694 non
1660 2641 1740 2694 debet
1751 2641 1876 2710 imputari
1887 2641 1946 2694 fide·

1138 2709 1297 2774 iussoribus,
1316 2709 1386 2776 quod
1405 2709 1449 2762 illo
1467 2713 1577 2776 propter
1591 2725 1667 2764 snam
1682 2725 1794 2780 poenam
1810 2709 1945 2778 praestitit.

1517 2917 1575 2976 ΗΒ.

1193 3017 1239 3068 ιι
1257 3017 1511 3068 novarionrsns
1529 3017 1573 3068 nr
1592 3015 1899 3068 nannonrtonmus.

1162 3114 1192 3174 ,ι
1219 3115 1362 3172 Uarianos
1388 3117 1456 3172 libro
1481 3117 1707 3188 quadragensimo
1726 3123 1805 3172 sento
1823 3115 1860 3172 act
1877 3115 1947 3172 Sabi-

1142 3201 1206 3238 num
1232 3185 1345 3240 Neratio
1361 3191 1401 3240 ιιι
1417 3187 1515 3256 prioris
1529 3187 1610 3240 debiti
1627 3187 1655 3238 in
1673 3187 1753 3240 aliam
1767 3185 1947 3254 obligationem

1142 3253 1184 3310 vel
1201 3253 1303 3310 civilem
1320 3255 1361 3310 vel
1378 3255 1528 3310 naturalem
1542 3253 1687 3310 transfusio
1706 3261 1787 3322 atque
1804 3253 1947 3320 translatio,

1141 3325 1194 3378 hoc
1218 3327 1259 3378 est
1282 3341 1343 3376 cum
1361 3339 1394 3376 er
1409 3325 1581 3392 praecedenti
1603 3339 1686 3378 causa
1706 3325 1745 3376 ita
1766 3339 1836 3378 nora
1855 3323 1947 3376 consti·

1142 3397 1248 3460 tuetur,
1277 3399 1307 3446 ιι
1330 3393 1404 3460 prior
1428 3399 1589 3462 perematur.
1630 3391 1736 3446 novatio
1761 3391 1830 3446 enim
1853 3407 1949 3446 anona

1145 3467 1157 3514 ι
1193 3475 1290 3514 nomen
1310 3461 1415 3528 accepit
1439 3467 1464 3514 ιι
1482 3477 1499 3514 a
1515 3475 1585 3514 nova
1608 3461 1777 3528 obligatione.
1813 3459 1883 3514 Illud
1900 3475 1949 3514 non

1143 3529 1266 3594 interest,
1291 3529 1375 3598 qualis
1394 3529 1542 3598 processiti
1561 3529 1695 3598 obligatio,
1718 3535 1809 3582 utrum
1825 3527 1949 3582 naturalis

1145 3613 1179 3650 aa
1206 3597 1288 3652 civilis
1310 3613 1346 3652 an
1367 3597 1524 3662 honoraria,
1549 3603 1578 3652 ιι
1599 3603 1688 3652 utrum
1712 3597 1799 3652 verbis
1821 3613 1857 3650 an
1873 3613 1902 3652 rc
1921 3611 1949 3648 an

1145 3681 1291 3720 consensu:
1322 3667 1524 3734 qualiscumque
1550 3665 1632 3736 igitur
1657 3665 1782 3734 obligatio
1811 3665 1861 3730 sit,
1888 3679 1950 3734 quae

1144 3733 1304 3802 praecessit,
1329 3733 1422 3788 novari
1445 3733 1533 3790 verbis
1556 3739 1659 3802 potest,
1684 3733 1824 3788 dummodo
1843 3747 1950 3802 sequens

1146 3801 1272 3868 obligatio
1290 3807 1338 3856 ιιι
1355 3803 1466 3856 civiliter
1482 3807 1574 3856 teneat
1591 3807 1639 3856 aut
1655 3801 1825 3856 naturaliterz
1843 3809 1874 3856 ut
1890 3807 1951 3872 puta

1146 3871 1169 3924 si
1206 3887 1223 3922 u
1241 3871 1305 3936 illus
1322 3871 1377 3922 sine
1394 3871 1491 3922 tutoris
1510 3871 1671 3924 auctoritate
1688 3869 1845 3940 promiserit.

1181 3885 1299 3994 iiam
1318 3937 1385 3994 libro
1409 3937 1639 4018 quadragensimo
1657 3947 1751 3994 octauo
1774 3939 1811 3994 ad
1826 3937 1952 3994 Sabinum

1148 4007 1245 4060 Omnes
1267 4021 1311 4060 res
1332 4013 1447 4060 transme
1469 4007 1497 4060 in
1526 4007 1695 4060 novationem
1715 4011 1842 4078 possunt:
1873 4005 1951 4076 quod·

1148 4091 1260 4144 cumque
1283 4075 1352 4128 enim
1376 4075 1430 4128 sire
1454 4075 1543 4128 verbis
1574 4081 1740 4128 contractum
1762 4081 1803 4130 est
1825 4075 1880 4130 sive
1903 4089 1952 4128 non

1147 4143 1245 4208 verbis,
1263 4143 1356 4196 novari
1372 4147 1462 4212 potest
1478 4147 1507 4196 ιι
1523 4143 1638 4196 transire
1653 4143 1682 4196 in
1698 4143 1839 4196 verborum
1857 4143 1951 4210 obliga·

1146 4213 1246 4264 tionem
1258 4225 1292 4264 ex
1309 4225 1476 4280 quacumque
1495 4211 1663 4278 obligatione,
1683 4211 1823 4266 dummodo
1842 4211 1951 4264 ιιιιιιιι

1147 4279 1313 4332 ιιιιιιιιιιι
1331 4279 1369 4330 ιιι
1386 4279 1491 4332 demum
1509 4279 1581 4342 fieri,
1600 4279 1623 4332 si
1640 4279 1692 4332 boc
1709 4283 1811 4346 agatur,
1829 4285 1860 4332 nt
1877 4293 1952 4332 nore·

1147 4353 1191 4468 api
1208 4345 1347 4414 obligatio:
1366 4351 1484 4400 ceterum
1499 4345 1521 4400 si
1538 4363 1593 4400 non
1610 4345 1662 4400 hoc
1675 4351 1777 4414 agatur,
1796 4345 1864 4400 duae
1880 4349 1952 4398 erunt

1148 4431 1163 4468 o
1194 4415 1330 4468 ἰιιιιιι.
1454 4427 1456 4430 ·

1181 4429 1389 4538 iilgPonronrcs
1405 4481 1473 4534 libra
1489 4481 1578 4550 priato
1596 4479 1779 4534 addubitant
1814 4481 1864 4534 Oui
1880 4479 1951 4534 bonis

1147 4549 1317 4602 interdictum
1340 4555 1393 4614 ιιι,
1416 4563 1516 4602 novare
1534 4549 1720 4614 obligationem
1743 4563 1820 4602 suam
1836 4565 1891 4602 non
1907 4563 1951 4616 po-

1147 4621 1209 4682 test,
1228 4615 1281 4672 nisi
1297 4617 1431 4672 maiorem
1449 4631 1525 4672 suam
1543 4615 1725 4670 condicionem
1742 4615 1842 4670 fecerit.

1181 4681 1200 4740 4
1230 4683 1375 4738 Uarianae
1401 4683 1469 4738 libro
1493 4687 1588 4754 quinto
1612 4685 1649 4736 ad
1670 4683 1800 4738 Sabinum
1840 4683 1869 4738 si
1890 4699 1951 4738 usus

1146 4753 1251 4816 fructus
1269 4753 1415 4806 debitorem
1438 4767 1525 4804 meum
1547 4751 1700 4820 delegavero
1716 4751 1779 4816 tibi,
1803 4769 1858 4808 non
1874 4769 1950 4806 nova-

1146 4825 1191 4874 tur
1202 4823 1222 4852 ¹⁰
1244 4819 1369 4888 obligatio
1393 4835 1464 4874 mea:
1489 4819 1609 4888 quamvis
1628 4819 1782 4888 exceptione
1800 4819 1854 4874 doli
1869 4821 1911 4874 uel
1927 4821 1951 4874 io

1147 4889 1249 4942 factum
1274 4895 1349 4942 totus
1373 4889 1469 4942 debeat
1492 4903 1551 4942 esse
1574 4887 1699 4942 adversus
1723 4903 1764 4942 me
1781 4889 1805 4942 ιι
1823 4889 1867 4956 qui
1885 4889 1951 4942 dele·

1145 4961 1224 5078 grapus
1241 4957 1338 5020 fuerit,
1365 4963 1393 5010 et
1413 4973 1467 5010 non
1490 4957 1576 5012 solnm
1599 4957 1684 5010 donec
1708 4963 1798 5010 manet
1820 4957 1872 5012 ei¹¹
1889 4973 1951 5010 usus

1191 5031 1249 5078 ctus
1269 5025 1312 5078 cui
1329 5023 1458 5092 delegavi,
1481 5023 1528 5080 sed
1552 5023 1632 5080 etiam
1652 5029 1716 5092 post
1731 5023 1867 5076 interitum
1883 5025 1950 5080 eius:

1146 5091 1323 5146 ιιιιιιιιιιι12
1345 5093 1408 5160 quia
1431 5091 1511 5146 edam
1532 5091 1584 5146 boc
1602 5091 1797 5146 incommodum
1814 5091 1906 5158 sentit,
1931 5091 1951 5148 si

1146 5165 1208 5228 post
1225 5165 1337 5214 mortam
1353 5175 1440 5214 meam
1456 5167 1564 5214 mancat
1582 5161 1604 5214 ei
1622 5157 1817 5214 ususfructus.
1845 5165 1872 5212 et
1887 5161 1950 5216 hacc

1146 5227 1239 5348 capam
1256 5227 1368 5284 ιιιιιιιιι
1385 5233 1449 5284 sunt
1464 5227 1492 5282 iu
1511 5229 1629 5298 qualibet
1645 5227 1807 5296 obligatione
1823 5243 1950 5298 personae

1148 5297 1308 5350 concreati.
1383 5303 1384 5306 ’

1181 5361 1296 5420 bicen
1318 5365 1385 5420 libro
1407 5365 1563 5436 trigon-simo
1587 5371 1686 5434 quarto
1706 5365 1745 5418 ad
1761 5363 1887 5418 Sabutum
1923 5365 1950 5416 ln

1147 5433 1216 5486 diem
1233 5433 1356 5502 obligatio
1375 5433 1467 5488 novari
1489 5437 1623 5502 potestat
1644 5433 1718 5502 prius
1736 5447 1815 5502 quam
1832 5431 1889 5488 dies
1907 5435 1950 5488 ad·

1178 5605 1212 5668 (a)
1231 5605 1545 5666 Sab.r...rc;Ed.1r...ao;
1560 5603 1623 5672 Pap.
1635 5571 1833 5666 anan—Boc.
1844 5607 1884 5672 26,
1894 5619 1942 5660 r.-

1148 5673 1185 5742 G'fl
1199 5673 1256 5726 God.
1268 5677 1290 5738 8,
1304 5683 1331 5726 ιι
1412 5673 1447 5738 (a)
1464 5673 1598 5738 praecessit
1611 5677 1665 5726 add.
1751 5677 1794 5740 (ιιι
1813 5675 1952 5728 novatori

1146 5743 1186 5808 (ιιι
1206 5743 1259 5794 eius
1270 5745 1295 5794 F
1300 5743 1307 5774 ¹
1377 5743 1422 5806 (ιι)
1439 5741 1585 5812 videbimus]
1597 5743 1712 5794 videlicet
1721 5765 1760 5796 scr
