4366 6258
278 349 405 418 XXXX
426 357 446 418 5
1079 349 1142 424 628
1334 373 1337 382 “
1482 373 1529 420 00
1551 373 1752 422 munionem.
1775 367 1945 418 clusuras.

278 541 461 598 commissario
482 541 612 598 libertas?
635 547 662 594 et
679 541 734 596 sive
750 541 813 610 plus
833 543 912 598 sitin
929 541 1015 610 pretio
1034 541 1088 596 sire
1138 545 1182 596 tes
1203 541 1285 598 detur
1305 559 1360 598 non
1383 541 1461 598 aliter
1485 541 1749 598 fideicommissario⁵
1770 543 1842 600 tradi
1865 543 1947 608 debet,

277 613 378 676 nunus,
404 609 509 678 cogitur
530 609 681 664 libertatem
698 617 847 680 praestare,
872 607 990 664 simodo
1008 609 1089 664 semel
1140 625 1220 678 quam
1244 617 1276 664 ut
1302 617 1428 664 caveatur
1457 613 1587 666 existente
1613 609 1769 666 condicione
1797 611 1899 666 traditu
1919 613 1947 666 iri

278 677 402 746 adgnovit
430 677 594 732 voluntatem
625 677 771 734 creditoris.
813 679 970 748 adgnouisse
998 683 1089 732 autem
1140 685 1156 730 4
1191 693 1260 732 eum.
1294 679 1428 748 Quaedam
1448 697 1509 734 cum
1526 679 1554 732 in
1571 685 1689 732 extrema
1706 685 1776 732 esset
1793 679 1947 746 valetudine,

278 745 317 800 sic
335 745 487 814 accipimus,
506 747 528 802 ai
545 745 624 814 forte,
643 749 719 800 cum¹
739 747 927 802 convenmetur
939 745 972 800 ab
982 745 1088 814 herede,
1139 747 1327 814 praesentibus
1342 747 1462 802 honestis
1475 749 1539 802 viris
1553 747 1735 828 compluribus
1753 751 1780 800 et
1793 751 1880 802 matre
1894 763 1947 812 sua,

278 829 343 868 usus
360 819 402 868 est
419 815 575 884 exceptione
591 814 634 868 rel
650 815 888 870 aliasvoluntatem
905 829 982 870 suam
1000 819 1089 870 osten·
1140 813 1176 868 ed
1193 829 1272 882 quarn
1289 815 1423 884 legitima⁰
1444 815 1578 870 hereditas
1596 829 1653 868 erus
1670 813 1833 884 pertinebat,
1857 815 1896 870 ite
1912 815 1947 868 lo·

278 883 330 934 dit:
349 897 411 934 nam
428 883 451 936 si
469 883 642 936 conueniatur
658 883 763 938 debitor
780 883 815 936 ab
827 883 925 938 herede
942 883 1089 946 creditoris,
1141 887 1205 936 cute
1227 889 1268 936 est
1290 883 1409 936 ‘ancillas
1436 899 1508 936 meas
1530 883 1664 938 Maeciam
1689 887 1716 936 et
1740 883 1827 934 Seiam
1854 883 1947 940 liberas

278 949 333 1004 doli
353 949 510 1018 exceph'one
530 949 570 1002 uti
592 955 683 1018 potest
705 951 735 1006 in
751 949 792 1016 id,
817 949 888 1018 quod
905 949 1089 1004 intereritde-
1140 955 1209 1004 ‘esse
1229 949 1299 1004 volo’
1321 955 1350 1004 et
1370 949 1496 1018 intestata
1519 949 1662 1004 decessit⁷:
1690 965 1803 1018 quaero,
1828 949 1850 1002 si
1868 955 1947 1006 mater

280 1021 291 1070 1
327 1015 422 1072 bitoris
436 1015 561 1070 ancillam
575 1033 651 1072 suam
665 1019 773 1072 habere.
800 1017 832 1070 lu
845 1015 1089 1072 fideicommissaria
1139 1033 1173 1072 ex
1196 1023 1306 1072 senatus
1329 1017 1450 1072 consulto
1467 1017 1611 1084 legitimam
1633 1015 1806 1070 hereditatem
1825 1017 1882 1072 eius
1899 1033 1947 1074 non

277 1085 413 1148 libertate,
432 1085 549 1150 quemvis
567 1085 626 1152 quis
644 1087 777 1138 modicum
793 1083 910 1150 legatum
926 1083 1009 1138 fuerit
1019 1099 1089 1138 con·
1139 1085 1302 1138 vindicasset
1319 1089 1347 1138 et
1362 1083 1496 1138 hereditas
1511 1085 1547 1136 ad
1563 1085 1715 1152 proximum
1734 1091 1875 1150 cognatum
1892 1099 1947 1152 per-

278 1157 533 1230 secutus‚‘necess·e
557 1151 639 1234 habet
662 1167 767 1232 servum
789 1165 867 1232 suum
888 1153 1089 1232 manumittere:
1140 1153 1277 1230 tinuisset,
1304 1167 1341 1230 an
1357 1151 1560 1206 fideicommissa
1582 1151 1692 1230 libertas
1711 1151 1869 1232 deberetur..
1889 1167 1947 1230 ‘res-

277 1219 813 1354 attufittttttttttttttt
830 1217 1089 1342 latitudini:
1139 1219 1354 1340 attilia
1369 1233 1441 1340 :uu
1460 1217 1947 1350 tramituttttttttttt

277 1351 360 1408 satius
379 1357 420 1408 est
436 1351 518 1420 igitur
535 1369 608 1420 eum,
633 1355 679 1424 qui
696 1353 821 1422 adgnovit
836 1353 966 1420 legatum,
985 1353 1090 1408 onerari
1141 1355 1176 1408 ab
1193 1355 1330 1418 omnibus,
1354 1353 1399 1422 qui
1421 1351 1531 1420 legitimi
1547 1353 1659 1408 heredes
1678 1359 1725 1408 aut
1742 1355 1874 1408 bonorum
1890 1371 1947 1422 pos·

278 1425 291 1474 1
329 1435 408 1488 quam
431 1421 582 1478 libertatem
604 1421 771 1478 intercidere.
808 1421 936 1486 Quotiens
954 1437 1030 1476 servo
1049 1421 1090 1474 vel
1141 1435 1260 1476 sessores
1277 1419 1362 1474 futuri
1379 1425 1477 1486 essent,
1495 1421 1602 1490 petisse,
1620 1427 1652 1474 ut
1667 1421 1720 1474 hoc
1736 1421 1796 1474 fieri
1813 1421 1906 1490 possit.

277 1489 390 1542 anemae
410 1489 656 1546 fideicommissario
679 1489 789 1542 libertas
812 1489 982 1558 relinquitur,
1004 1489 1033 1540 in
1058 1503 1090 1542 ea
1175 1483 1215 1546 48
1234 1489 1314 1540 [orer
1337 1489 1404 1542 libro
1432 1489 1621 1558 reuapenrimo
1648 1489 1765 1542 recaredo
1789 1489 1819 1542 oli
1837 1495 1947 1544 cetorum

278 1555 432 1612 condicione
451 1561 556 1624 estut,
575 1555 884 1626 quoadmenumittetur,
903 1555 1089 1612 0001110000-
1142 1555 1209 1610 Gum
1226 1555 1254 1608 in
1270 1561 1431 1612 testamento
1446 1555 1637 1624 scriptumest:
1657 1555 1785 1610 ‘Stichum
1824 1557 1871 1612 itio
1885 1555 1947 1624 lego’

278 1621 389 1678 dicionis
406 1623 454 1678 sit:
472 1631 499 1678 et
516 1625 623 1694 quidem
640 1623 663 1678 si
680 1621 779 1678 nullam
794 1637 895 1678 morem
913 1621 1090 1692 praestandae
1140 1624 1182 1678 rel
1200 1623 1287 1686 &heres
1304 1639 1380 1678 meus
1397 1623 1461 1678 dato
1477 1621 1525 1688 ita,
1544 1627 1575 1676 ut
1592 1639 1653 1678 eum
1663 1623 1749 1678 Titius
1766 1623 1947 1690 manumittat,

276 1691 394 1746 libertati
415 1691 460 1760 qui
488 1697 628 1762 praestare
657 1691 736 1744 debet
760 1689 839 1756 iecit,
866 1691 933 1744 nihil
959 1691 993 1744 de
1016 1695 1090 1746 stetu
1141 1691 1195 1744 dixi
1212 1691 1314 1762 petenti
1330 1691 1459 1758 legatario
1478 1689 1599 1744 Stichum
1621 1691 1805 1756 exceptionem
1822 1691 1875 1744 doh
1892 1693 1947 1748 mali

277 1773 369 1812 eorum
391 1765 524 1814 mutatur:
550 1759 666 1826 ideoque
694 1771 739 1812 eos
766 1759 872 1812 interim
896 1759 981 1828 legari
1001 1773 1089 1828 posse,
1141 1761 1317 1824 obstaturam,
1344 1759 1395 1814 nisi
1412 1759 1514 1812 caverit
1531 1775 1560 1812 se
1576 1758 1727 1813 libertatem
1745 1759 1890 1812 secundum
1907 1777 1947 1814 vo-

277 1827 323 1882 sed
342 1843 402 1882 cum
419 1843 469 1882 sua
487 1843 577 1892 cause,
596 1831 711 1882 constet.
1140 1827 1270 1880 luntatem
1287 1825 1407 1882 defuncti
1423 1831 1633 1894 praestaturum.
1831 1831 1833 1838 ’

310 1891 351 1952 46
368 1895 447 1948 loru
462 1895 621 1948 librosesto
635 1893 846 1964 disputationum
872 1893 1090 1948 Fideicommissa
1175 1891 1216 1950 49
1233 1895 1403 1948 Arercnrus
1417 1895 1486 1948 libro
1505 1909 1576 1948 nono
1595 1897 1781 1964 quaestionum
1816 1893 1845 1948 Si
1861 1893 1893 1960 is,
1911 1899 1947 1950 eui

275 1963 386 2016 libertas
403 1963 441 2014 ita
457 1965 548 2030 potest
565 1959 636 2014 dari:
654 1961 751 2026 thersa,
767 1963 792 2016 si
808 1961 931 2028 volueris,
948 1959 1012 2014 fidei
1026 1967 1089 2014 tuae
1140 1975 1233 2016 servus
1250 1963 1356 2028 legatus
1373 1967 1422 2026 est,
1441 1967 1551 2028 rogatus
1569 1963 1755 2014 manumittere
1771 1963 1866 2026 latitet,
1885 1965 1947 2016 orci-

275 2029 434 2096 ‘committo,
462 2035 492 2082 ut
519 2027 640 2082 Stichum
667 2029 857 2096 manumittas',
880 2029 1000 2098 quamvis
1023 2029 1089 2082 nibil
1139 2045 1204 2082 num
1226 2029 1285 2084 fieri
1306 2029 1431 2084 libertum
1456 2029 1605 2098 respondit:
1634 2029 1704 2084 idem
1727 2029 1784 2084 fore
1807 2035 1832 2084 et
1854 2029 1878 2084 si
1899 2047 1947 2086 non

275 2097 350 2152 aliud
371 2099 400 2152 in
422 2101 580 2152 testamento
602 2101 695 2176 potest
715 2097 804 2152 salem
826 2113 860 2152 ex
881 2103 949 2152 nutu
974 2097 1088 2152 heredis.
1139 2097 1269 2166 legatarii,
1294 2097 1342 2152 sed
1358 2097 1464 2152 heredis
1481 2097 1545 2152 fidei
1562 2099 1731 2152 commissum
1750 2103 1827 2152 esset.
1864 2097 1910 2152 sed
1926 2107 1947 2152 et

278 2171 288 2218 1
326 2165 410 2220 Plane
427 2169 455 2218 et
471 2165 511 2218 ita
529 2165 561 2218 ‘si
569 2163 679 2218 Stichus
695 2165 817 2228 uoluerit'
834 2171 924 2236 potest
941 2165 966 2220 ei
979 2167 1089 2220 libertas
1140 2167 1164 2222 si
1181 2181 1236 2222 non
1253 2167 1383 2232 omnium,
1409 2165 1456 2220 sed
1474 2165 1642 2234 quorundam
1657 2167 1785 2220 heredum
1802 2165 1863 2218 fidei
1882 2181 1946 2220 ccm-

278 2239 292 2286 1
329 2233 453 2288 adscribi.
490 2233 543 2288 Sed
564 2237 591 2288 et
614 2233 637 2290 si
659 2233 699 2288 ita
722 2233 887 2302 adscriptum
910 2235 945 2290 sit
962 2233 994 2290 ‘si
1011 2233 1089 2288 Seius
1140 2233 1250 2290 missum
1274 2233 1321 2298 sit,
1351 2249 1436 2302 aeque
1460 2233 1602 2288 dicendum
1620 2235 1742 2288 oscinum
1759 2233 1828 2288 fieri:
1857 2233 1886 2286 in
1906 2251 1946 2290 ecs

277 2301 408 2366 ‘voluerit
431 2299 551 2356 Stichum
576 2301 690 2356 libemm
713 2317 771 2356 esse
797 2301 875 2368 volo',
897 2301 963 2356 mihi
986 2301 1089 2356 videtur
1140 2309 1230 2356 autem
1247 2303 1293 2370 qui
1310 2301 1500 2356 latitaveriut⁷¹
1523 2301 1711 2368 coheredibus,
1736 2301 1866 2368 aquibus
1883 2303 1946 2356 redi·

275 2385 355 2438 posse
374 2369 522 2424 dicivalere
539 2367 697 2434 libertatem,
716 2371 778 2438 quia
796 2371 916 2424 condicio
954 2371 1024 2424 otius
1039 2375 1088 2434 est,
1139 2371 1251 2424 mendae
1272 2377 1364 2438 partes
1386 2377 1491 2436 essent,
1519 2371 1611 2424 utilem
1634 2371 1767 2424 actionem
1793 2385 1824 2424 eo
1847 2371 1946 2426 nominc

259 2435 498 2506 -quemadmodum
522 2437 545 2492 si
562 2437 627 2490 mihi
647 2437 765 2506 legatum
782 2443 866 2504 esset,
891 2387 1088 2492 01400000-
1141 2439 1199 2492 dari
1223 2437 1320 2492 debere
1349 2439 1492 2494 ueletiam
1520 2437 1635 2494 familiae
1657 2437 1831 2492 erciscundae
1853 2439 1946 2494 iudicio

277 2511 291 2558 3
326 2503 448 2574 pitolium
465 2503 624 2560 ascenderit.
659 2503 735 2572 Quod
757 2505 780 2560 si
797 2505 836 2560 ita
858 2505 986 2576 scriptum
1004 2505 1040 2560 rit
1056 2505 1089 2560 ‘si
1139 2511 1212 2562 recte
1229 2523 1275 2560 eos
1293 2513 1436 2562 acturos..

276 2573 501 2640 ‘heresvoluerit',
520 2589 575 2628 non
587 2571 695 2642 valebit,
713 2573 760 2628 sed
776 2573 817 2628 ita
834 2575 947 2638 demum,
966 2571 989 2630 si
1002 2577 1089 2626 totum
1175 2573 1215 2632 50
1238 2575 1416 2630 Maecianus
1441 2575 1509 2632 libro
1531 2577 1644 2646 septimo
1669 2575 1883 2630 restitutionum
1923 2575 1946 2630 Si

275 2641 303 2696 in
320 2641 457 2696 voluntate
473 2641 538 2696 iecit
554 2641 675 2708 heredis,
697 2641 720 2698 si
737 2641 762 2698 ei
777 2641 894 2698 libuerit.
930 2641 1089 2698 ceterumsi
1140 2659 1232 2698 servus
1260 2643 1365 2710 legatus
1387 2651 1413 2698 et
1439 2659 1488 2712 per
1515 2643 1748 2708 fideicommissum
1772 2643 1946 2698 manumissus

276 2709 415 2764 arbitrium
431 2709 471 2764 illi
488 2709 564 2778 quasi
577 2709 633 2764 siro
647 2711 717 2764 bono
733 2709 813 2776 dedit,
832 2725 885 2764 non
899 2709 1089 2776 dubitabimus,
1139 2713 1182 2776 sit,
1202 2711 1338 2766 Carsidius
1352 2711 1480 2766 Scaevola
1499 2713 1635 2766 consultus
1652 2714 1768 2782 putabat
1784 2713 1945 2766 novissimam

277 2779 342 2848 quin
357 2779 467 2834 libertas
485 2779 628 2832 debeatur:
652 2795 714 2834 uam
732 2779 777 2834 et³
795 2795 853 2834 eam
875 2779 1025 2838 libertatem
1043 2779 1089 2834 de-
1139 2779 1300 2848 scripturam
1313 2779 1410 2844 velere,
1428 2779 1483 2834 sive
1497 2779 1607 2836 libertas
1622 2779 1658 2836 sit
1670 2779 1725 2836 sire
1739 2779 1862 2848 legatum,
1881 2781 1945 2850 quia,

275 2847 334 2902 beri
350 2845 453 2916 placuit
470 2845 502 2910 ‘si
518 2845 568 2902 tibi
584 2845 730 2914 videbitur,
753 2851 816 2918 peto
833 2847 1027 2902 manumittas:
1051 2849 1089 2902 ita
1140 2863 1200 2902 cum
1217 2849 1368 2902 libertatem
1388 2849 1475 2902 datam
1493 2851 1605 2918 postea⁹
1622 2851 1728 2918 placeat
1746 2849 1838 2914 adimi,
1861 2855 1887 2904 et
1904 2865 1947 2920 per

277 2917 346 2970 enim
363 2915 415 2970 hoc
433 2917 618 2986 accipiendum
636 2917 668 2972 ‘si
684 2915 733 2970 tibi
755 2917 832 2986 quasi
854 2917 909 2972 viro
929 2917 999 2970 bono
1017 2917 1088 2970 vide·
1139 2918 1255 2986 legatum
1278 2921 1386 2972 constat
1408 2933 1488 2986 posse
1506 2917 1599 2972 adinfi:
1623 2917 1671 2974 sed
1688 2917 1757 2972 siin
1775 2919 1889 2974 obscuro
1907 2917 1946 2982 sit,

277 2983 375 3040 ι01100.
410 2999 472 3040 nam
500 2985 585 3040 etita
608 2985 731 3040 relictum
758 2987 791 3040 ‘si
816 2988 981 3041 voluntatem
1002 3001 1089 3040 meam
1140 3001 1193 3054 qua
1214 2991 1302 3040 mente
1325 2991 1387 3056 post
1409 2985 1559 3040 libertatem
1581 2987 1679 3056 legavit
1702 2985 1816 3042 eundem
1838 3003 1945 3052 serrum,

278 3055 449 3124 ‘probaveris’
471 3059 537 3124 puto
563 3053 666 3110 deberi:
697 3055 917 3124 quemadmodum
935 3055 967 3110 ‘si
989 3061 1017 3108 te
1034 3071 1089 3108 me·
1139 3055 1168 3110 in
1196 3055 1311 3110 obscuro
1343 3055 1494 3110 libertatem
1520 3057 1683 3124 praevalere.
1724 3071 1793 3124 quae
1820 3057 1947 3112 sententia

279 3121 379 3178 ‘merit'
398 3121 576 3192 quasivirum
593 3123 693 3178 bonum
715 3124 757 3178 rel
775 3123 809 3178 ‘si
824 3129 852 3178 te
869 3139 923 3178 non
941 3123 1088 3196 offenderit’
1139 3123 1204 3178 mihi
1221 3139 1327 3192 quoque
1345 3125 1431 3178 verior
1449 3139 1508 3178 esse
1524 3123 1637 3178 ridetur.

278 3191 971 3330 ttttttttlttttittittfflttblttii
989 3193 1090 3316 itt
1138 3189 1212 3316 :ii
1236 3193 1946 3316 11111101011111110101ιο111

278 3277 385 3398 quitari
403 3327 513 3384 Graecis
534 3331 622 3386 verbis
644 3331 684 3384 ite
704 3277 936 3386 fiieicommis‘sum
958 3331 1088 3386 dedisset:
1139 3277 1240 3386 illices}
1255 3277 1354 3400 potuit,
1372 3331 1420 3386 sed
1439 3333 1465 3384 et
1481 3301 1728 3394 successores’eius,
1747 3331 1801 3386 sive
1818 3277 1947 3400 emptius

277 3399 318 3466 τῷ
338 3397 417 3460 δεῖνι,
438 3397 486 3450 ἐὰν
504 3397 660 3470 δοκιμάσῃι,
680 3397 836 3472 ἐλευθερίαν
854 3397 974 3464 δοθῆναι
990 3397 1089 3468 βούλο-
1140 3401 1194 3454 sive
1217 3415 1269 3468 quo
1299 3399 1352 3454 alio
1380 3398 1460 3454 modo
1486 3399 1673 3454 successerint.
1709 3399 1756 3454 sed
1779 3403 1806 3454 et
1827 3399 1850 3454 si
1873 3415 1945 3454 nemo

277 3487 327 3534 μαι
335 3469 352 3528 1,
378 3481 395 3520 a
416 3467 477 3522 divo
495 3467 592 3522 Severo
616 3467 774 3536 rescriptum
796 3473 837 3522 est
857 3465 1089 3524 fideicommissum
1140 3483 1280 3524 successor
1297 3469 1427 3532 extiterit,
1445 3467 1479 3522 ad
1497 3469 1591 3524 fiscum
1607 3469 1646 3520 ita
1663 3467 1771 3532 transit,
1794 3475 1825 3522 ut
1841 3467 1946 3522 libertas

277 3541 293 3588 4
348 3535 478 3604 etiposse.
506 3535 672 3604 Quamquam
685 3541 774 3590 autem
788 3535 936 3590 inheredis
950 3537 1089 3592 arbitrium
1142 3543 1153 3590 1
1190 3537 1225 3592 01)
1242 3553 1275 3592 eo
1292 3541 1453 3606 praestetur.
1487 3535 1515 3592 Is
1536 3541 1625 3590 autem
1648 3535 1694 3604 qui
1710 3541 1819 3604 rogatus
1837 3541 1878 3592 est
1894 3553 1946 3590 ma·

278 3551 402 3670 oculoru,
419 3619 455 3658 an
471 3602 607 3670 debeatur,
626 3619 680 3658 non
696 3603 795 3672 possit,
813 3603 918 3672 quando
935 3609 1026 3658 tamen
1043 3605 1088 3658 de·
1117 3671 1118 3674 η
1140 3607 1281 3660 numittere
1298 3607 1379 3660 etiam
1396 3621 1427 3660 eo
1445 3611 1565 3676 tempore
1586 3619 1638 3686 quo
1662 3605 1779 3660 alienare
1795 3603 1947 3674 prohibetur

278 3677 293 3724 5
329 3671 432 3736 beatur,
452 3671 567 3726 conferri
584 3679 681 3740 potest.
707 3671 828 3740 Quidam,
847 3687 906 3726 cum
925 3677 980 3728 tres
998 3689 1089 3728 servos
1140 3679 1155 3728 2
1190 3679 1280 3744 potest
1295 3675 1490 3730 manumittere.
1526 3673 1554 3728 Si
1571 3673 1687 3728 ahenum
1704 3689 1809 3728 servum
1829 3673 1888 3742 quis
1907 3691 1946 3728 ro·

277 3741 405 3810 legasset,
427 3739 488 3796 fidei
505 3741 610 3810 heredis
628 3741 671 3796 sui
688 3741 830 3808 commisit,
856 3745 886 3794 ut
908 3757 940 3796 ex
961 3741 1003 3796 his
1021 3741 1089 3796 duos
1139 3749 1218 3812 gatus
1245 3743 1326 3798 fuerit
1347 3743 1545 3810 manumittere,
1570 3759 1630 3796 cum
1648 3745 1672 3796 ei
1688 3741 1804 3822 pecunia
1822 3749 1896 3796 certa
1913 3743 1946 3796 le·

278 3825 347 3934 tlt
362 3809 678 3948 ittittdtltttt
695 3809 1089 3948 filttttttttttfittt
1139 3817 1206 3934 itit
1220 3817 1567 3934 iii'aiiriii‘iuhfi
1583 3811 1946 3934 tatttitatttttl

280 3949 303 4002 si
321 3963 366 4002 eos
384 3949 530 4002 vindicaret
547 3923 706 4018 tagatensi,
734 3963 801 4018 quos
821 3949 899 4002 heres
922 3949 978 4002 vult
996 3963 1089 4000 manu-
1140 3953 1155 4002 3
1190 3947 1285 4002 fimeti.
1322 3949 1370 4002 dut
1388 3921 1436 4016 pe’r
1453 3949 1471 4000 fi
1490 3949 1685 4004 eicommissum
1700 3949 1812 4004 libertas
1830 3949 1945 4012 debetur,

251 4041 252 4044 ¹
279 4017 391 4082 mittere,
409 4017 565 4086 exceptione
582 4017 636 4072 doli
653 4017 804 4086 repelletur.
1139 4015 1218 4072 liberi
1241 4017 1434 4086 quodammodo
1463 4017 1524 4072 loco
1551 4023 1605 4084 est,
1634 4021 1660 4072 et
1687 4015 1837 4072 statuliberi
1862 4019 1944 4072 locum

313 4083 352 4142 47
371 4085 516 4140 qurnuus
536 4087 605 4142 libro
641 4087 848 4156 andrapensimo
866 4085 984 4140 secundo
1002 4085 1089 4156 depes·
1140 4085 1243 4154 optinet
1259 4087 1301 4140 uel
1319 4101 1350 4140 eo
1368 4087 1465 4154 magis,
1484 4087 1556 4154 quod
1573 4101 1623 4142 nec
1640 4085 1669 4140 in
1685 4087 1767 4140 alium
1785 4087 1945 4142 transferen-

280 4165 366 4210 toram
401 4153 430 4210 Si
446 4159 525 4222 pater
542 4153 609 4210 duos
623 4103 695 4210 ilios
707 4153 819 4208 heredes
836 4153 981 4208 instituerit
997 4159 1025 4210 et
1042 4153 1088 4208 ad·
1140 4155 1190 4210 dus
1214 4159 1266 4222 est,
1295 4161 1328 4208 ut
1348 4159 1396 4208 ant
1416 4155 1528 4210 libertas
1555 4155 1611 4210 dus
1634 4153 1796 4222 impediatur
1822 4161 1869 4208 aut
1890 4153 1947 4208 iura

279 4223 403 4294 gnatione
417 4221 537 4304 postumi
553 4227 662 4290 ruptum
680 4227 866 4278 testamentum
882 4221 978 4288 fuerit,
996 4237 1089 4304 quam·
1139 4229 1156 4276 4
1188 4228 1365 4292 patronorum
1392 4225 1516 4292 graviora
1545 4225 1704 4294 experiatur.
1745 4223 1860 4276 Senatus
1886 4237 1944 4276 eon·

279 4293 318 4346 vis
336 4291 468 4346 hereditas
491 4307 540 4358 pro
564 4289 666 4346 duabus
688 4291 810 4360 partibus
827 4291 863 4344 ad
879 4305 925 4346 eos
946 4297 1089 4360 pertineat,
1139 4291 1210 4348 sulto
1227 4291 1394 4344 Dasumiano
1417 4297 1527 4346 cautum
1544 4297 1598 4356 est,
1620 4297 1664 4356 ut,
1688 4291 1711 4346 si
1729 4309 1762 4346 ex
1778 4293 1851 4346 iusta
1868 4305 1946 4344 causa

279 4365 368 4414 tamen
379 4357 597 4414 fideicommissae
614 4359 753 4414 libertates
765 4359 897 4428 praestari
914 4375 969 4414 non
982 4359 1088 4424 debent,
1139 4359 1210 4414 absh
1238 4359 1285 4428 qui
1307 4357 1537 4414 fideicommissum
1562 4359 1712 4414 libertatem
1739 4359 1819 4415 debet
1846 4365 1872 4412 et
1898 4359 1945 4412 hoc

281 4427 360 4482 sicuti
380 4443 414 4482 ne
436 4429 524 4496 legata
540 4427 645 4496 quidem
662 4433 711 4480 aut
730 4425 933 4482 fideicommissa
950 4431 1089 4496 praestare
1138 4429 1341 4496 pronuntiatum
1358 4425 1446 4496 fuerit,
1464 4427 1573 4498 perinde
1590 4427 1851 4498 libertascompetat,
1870 4431 1945 4494 atque

285 4505 293 4552 l
332 4501 471 4566 coguntur.
499 4493 535 4560 Si,
554 4511 614 4548 cum
632 4495 747 4550 alienum
763 4511 868 4552 servum
882 4495 960 4550 heres
978 4501 1089 4564 rogatus
1139 4497 1174 4562 si,
1197 4501 1229 4550 ut
1250 4501 1365 4564 oportet,
1392 4511 1425 4550 ex
1449 4511 1531 4550 causa
1554 4495 1749 4552 fideicommissi
1772 4495 1945 4550 manumissus

281 4565 316 4620 sit
339 4565 537 4628 manumittere,
566 4565 629 4618 item
656 4579 821 4618 communem
837 4565 879 4618 vel
896 4579 967 4630 eum,
989 4565 1018 4618 iu
1035 4579 1088 4632 quo
1139 4571 1154 4618 5
1189 4569 1268 4618 esset.
1302 4565 1406 4618 Abesse
1424 4569 1514 4618 autem
1529 4565 1553 4618 is
1570 4563 1745 4632 intellegitur,
1769 4565 1815 4634 qui
1832 4579 1848 4618 a
1865 4563 1944 4618 tribu-

281 4651 345 4742 qsus
362 4633 656 4754 fruqqushqliqqrautsibest,
674 4633 1088 4754 latitetqtnonsimbqqghqeqqtus
1138 4639 1155 4756 qi
1188 4631 1354 4754 munima}
1381 4633 1503 4754 Euqmquiq
1524 4633 1588 4754 ded¹⁰
1604 4633 1746 4752 hemdqqrm
1764 4637 1946 4754 mmffiofflui

281 4717 861 4846 tas{glisfildeicominissumlsdzssgcffirituiub
878 4715 1088 4846 inofficionsfrsi
1139 4715 1297 4838 &uestraque
1310 4715 1551 4822 alitigiiommiesssaren⁰
1565 4715 1945 4836 qurerqqqremusexcqqsacufflqqe

282 4837 398 4892 rationes
415 4837 580 4900 reddidisset,
599 4845 628 4888 et
643 4851 666 4888 rs
684 4837 794 4892 absente
810 4837 907 4890 herede
924 4841 1035 4904 paratus
1052 4841 1089 4890 sit
1139 4839 1251 4892 causa¹¹
1272 4837 1474 4906 pronuntiatum
1495 4837 1576 4890 tuerit
1597 4851 1657 4890 eum
1679 4851 1755 4892 eosve
1772 4837 1879 4900 abesse,
1921 4851 1944 4888 e·

281 4907 390 4974 reliqua·
401 4907 510 4972 solvere,
527 4903 659 4972 praetoris
673 4903 762 4960 officio
780 4903 939 4970 continetur,
956 4909 988 4958 ut
1002 4905 1088 4958 virum
1137 4903 1214 4960 rinde
1229 4904 1368 4968 habeatur,
1388 4909 1468 4972 atque
1486 4905 1517 4972 si,
1535 4911 1566 4958 ut
1581 4909 1701 4972 oportet,
1723 4921 1755 4958 es
1774 4919 1857 4958 cause
1873 4903 1891 4956 11
1910 4903 1943 4956 ei·

281 4975 381 5028 bonum
403 4975 495 5042 eligat,
522 4973 597 5026 cuius
619 4971 729 5032 arbitrio
754 4973 870 5028 redonas
893 4976 1086 5040 compaterer,
1132 4977 1152 5026 1
1189 4971 1321 5026 commissi
1352 4973 1530 5026 manumissus
1561 4977 1640 5026 esset.
1682 4971 1735 5026 Sed
1765 4971 1942 5026 Articuleiano

282 5047 308 5096 et
325 5041 477 5110 pecuniam,
497 5055 565 5110 quae
581 5057 615 5094 ex
632 5041 830 5118 computatione
846 5039 987 5108 colligitur,
1005 5041 1038 5094 de
1058 5055 1087 5104 0:
1138 5045 1247 5094 senatus
1265 5041 1388 5094 consulto
1397 5041 1418 5074 ¹²
1435 5047 1551 5118 cavetur,
1569 5045 1600 5092 ut
1615 5041 1644 5094 in
1659 5041 1802 5110 provinciis
1810 5037 1942 5108 praesides

281 5114 341 5170 nat,
359 5115 439 5176 atque
455 5109 495 5166 ita
512 5107 664 5188 pronuntiet
686 5107 835 5164 hbertctem
857 5125 890 5162 cx
914 5123 996 5162 causa
1012 5057 1089 5164 fisse
1137 5107 1290 5176 provinciae
1313 5113 1487 5176 cognoscant,
1505 5107 1568 5160 hcet
1588 5107 1665 5162 heres
1682 5123 1737 5162 non
1759 5107 1794 5162 sit
1810 5107 1866 5162 eius
1883 5123 1942 5176 pro·

282 5175 415 5230 commissi
431 5175 531 5230 doben.
557 5177 624 5230 haec
638 5179 727 5228 autem
743 5175 802 5230 fieri
818 5175 961 5240 conveniet,
980 5177 1087 5230 siberes
1138 5179 1153 5230 8
1187 5175 1298 5230 vinciae.
1337 5173 1390 5230 Sed
1415 5175 1439 5228 si
1463 5191 1518 5228 non
1545 5173 1733 5230 hereditarium
1759 5189 1863 5230 servum
1887 5175 1942 5242 quis

282 5259 316 5296 ex
338 5245 409 5298 iusta
436 5259 518 5298 causa
540 5243 638 5298 aberit:
665 5257 728 5296 nam
749 5243 773 5298 si
794 5243 922 5308 latitabit,
950 5243 1015 5296 satis
1038 5241 1089 5296 erit
1137 5247 1247 5312 rogatus
1263 5241 1346 5296 fuerit
1361 5243 1561 5308 manumittere,
1580 5243 1627 5298 sed
1643 5245 1794 5312 proprium,
1818 5259 1851 5296 ex
1869 5257 1941 5296 sena·

282 5311 384 5378 liquere
403 5311 521 5380 praetori
540 5327 588 5380 per
611 5325 715 5366 servum
737 5325 791 5364 non
814 5317 897 5376 stare,
925 5327 978 5380 quo
1001 5311 1087 5364 minus
1136 5317 1181 5364 tus
1199 5311 1321 5364 consulto
1338 5311 1466 5364 iunciano
1489 5317 1552 5380 post
1568 5311 1809 5380 pronuntiationem
1825 5311 1943 5380 pervenit

284 5377 431 5432 condicioni
448 5383 554 5446 pareat,
577 5383 658 5446 atque
673 5377 712 5430 ita
728 5379 898 5446 pronuntiare
917 5377 948 5432 de
965 5377 1088 5432 libertate
1138 5383 1154 5432 9
1189 5377 1223 5432 ad
1245 5377 1404 5432 libertatem.
1446 5377 1506 5432 Sive
1530 5379 1602 5434 iusta
1623 5395 1657 5434 es
1681 5395 1763 5434 causa
1787 5379 1864 5434 abest
1890 5379 1941 5434 sive

284 5449 298 5498 3
335 5445 473 5512 oportebit.
501 5447 567 5502 dum
580 5447 630 5502 sub
644 5443 799 5500 condicione
815 5447 901 5516 legato
916 5461 992 5502 suno
1008 5445 1086 5500 liber·
1137 5445 1224 5500 latitet
1246 5445 1301 5500 sive
1321 5459 1450 5514 praesens
1470 5463 1526 5502 nou
1541 5449 1599 5502 vult
1614 5449 1806 5514 manumittere,
1829 5465 1878 5518 pro
1896 5449 1940 5500 ab·

1853 5563 1937 5570 ..μ-,ην-

284 5617 388 5676 1110001
401 5613 427 5662 F
509 5619 540 5674 (sl
559 5617 716 5666 evitabimus:
736 5617 761 5664 et
774 5621 869 5680 partem
882 5631 934 5666 neu
948 5619 999 5666 tum
1012 5615 1085 5668 facile
1137 5617 1235 5668 seritF
1295 5617 1338 5682 (τ’)
1355 5615 1526 5670 latitaveritF
1584 5623 1617 5682 (a)
1635 5623 1723 5688 septim
1731 5619 1945 5674 iustitutionemi'

282 5681 545 5746 logaunmeetatmile
554 5689 669 5748 quietius.
721 5685 752 5744 (31
770 5683 899 5734 etaim
950 5690 982 5747 lt]
1000 5687 1028 5734 id
1037 5695 1085 5736 eet:
1136 5685 1170 5748 (9)
1187 5685 1413 5752 postealpossescr.
1467 5689 1512 5750 (illl
1530 5689 1791 5756 ququ¹‚qtliabF²
1841 5691 1940 5758 (11)ᾱο-

284 5749 571 5812 1111,0100010000010010,
580 5751 718 5804 libertatem
728 5751 782 5802 deri
791 5753 854 5802 uolo.
912 5753 943 5816 (a)
961 5751 1084 5802 fideicom·
1135 5751 1268 5818 bebelina
1340 5757 1383 5814 (12)
1402 5775 1458 5822 ap.
1471 5761 1526 5808 Chr.
1539 5769 1575 5808 113

284 5815 589 5880 misserianocalitarecr
666 5823 699 5884 (a)
716 5819 886 5882 legitimamF
953 5821 985 5882 (tl
1004 5821 1083 5872 decet·
1476 5831 1477 5836 ’
