<?xml version="1.0" encoding="UTF-8"?>
<!DOCTYPE html PUBLIC "-//W3C//DTD XHTML 1.0 Transitional//EN"
    "http://www.w3.org/TR/xhtml1/DTD/xhtml1-transitional.dtd">
<html xmlns="http://www.w3.org/1999/xhtml" xml:lang="en" lang="en">
 <head>
  <title>
</title>
<meta http-equiv="Content-Type" content="text/html;charset=utf-8" />
  <meta name='ocr-system' content='tesseract 3.04.00' />
  <meta name='ocr-capabilities' content='ocr_page ocr_carea ocr_par ocr_line ocrx_word'/>
</head>
<body>
  <div class='ocr_page' id='page_1' title='image "./corpusiuriscivi00schogoog/corpusiuriscivi00schogoog_0313.png"; bbox 0 0 4366 6258; ppageno 0'>
   <div class='ocr_carea' id='block_1_1' title="bbox 268 349 407 420">
    <p class='ocr_par' dir='ltr' id='par_1_1' title="bbox 268 349 407 420">
     <span class='ocr_line' id='line_1_1' title="bbox 268 349 407 420; baseline 0.014 -2"><span class='ocrx_word' id='word_1_1' title='bbox 268 349 326 418; x_wconf 86' lang='lat' dir='ltr'><strong>XV</strong></span> <span class='ocrx_word' id='word_1_2' title='bbox 350 357 407 420; x_wconf 71' lang='grc' dir='ltr'><strong>ιι</strong></span> 
     </span>
    </p>
   </div>
   <div class='ocr_carea' id='block_1_2' title="bbox 258 537 1077 3246">
    <p class='ocr_par' dir='ltr' id='par_1_2' title="bbox 258 537 1076 1894">
     <span class='ocr_line' id='line_1_2' title="bbox 266 537 1075 612; baseline -0.006 -16"><span class='ocrx_word' id='word_1_3' title='bbox 266 543 310 612; x_wconf 89' lang='lat' dir='ltr'><strong>qui</strong></span> <span class='ocrx_word' id='word_1_4' title='bbox 328 541 454 596; x_wconf 88' lang='lat' dir='ltr'><strong>tradendo</strong></span> <span class='ocrx_word' id='word_1_5' title='bbox 468 541 496 594; x_wconf 89' lang='lat' dir='ltr'><strong>id</strong></span> <span class='ocrx_word' id='word_1_6' title='bbox 511 541 637 610; x_wconf 82' lang='lat' dir='ltr'><strong>legatario</strong></span> <span class='ocrx_word' id='word_1_7' title='bbox 653 553 682 592; x_wconf 91' lang='lat' dir='ltr'><strong>se</strong></span> <span class='ocrx_word' id='word_1_8' title='bbox 695 537 824 592; x_wconf 82' lang='lat' dir='ltr'><strong>liberavit.</strong></span> <span class='ocrx_word' id='word_1_9' title='bbox 850 539 969 608; x_wconf 81' lang='lat' dir='ltr'><strong>Pegasus</strong></span> <span class='ocrx_word' id='word_1_10' title='bbox 986 543 1075 592; x_wconf 90' lang='lat' dir='ltr'><strong>antem</strong></span> 
     </span>
     <span class='ocr_line' id='line_1_3' title="bbox 266 607 1075 676; baseline -0.006 -12"><span class='ocrx_word' id='word_1_11' title='bbox 266 611 354 664; x_wconf 87' lang='lat' dir='ltr'><strong>caveri</strong></span> <span class='ocrx_word' id='word_1_12' title='bbox 370 607 460 662; x_wconf 86' lang='lat' dir='ltr'><strong>heredi</strong></span> <span class='ocrx_word' id='word_1_13' title='bbox 478 607 573 662; x_wconf 88' lang='lat' dir='ltr'><strong>debere</strong></span> <span class='ocrx_word' id='word_1_14' title='bbox 590 609 629 662; x_wconf 91' lang='lat' dir='ltr'><strong>ait</strong></span> <span class='ocrx_word' id='word_1_15' title='bbox 645 607 679 662; x_wconf 91' lang='lat' dir='ltr'><strong>ab</strong></span> <span class='ocrx_word' id='word_1_16' title='bbox 696 621 736 674; x_wconf 88' lang='lat' dir='ltr'><strong>eo,</strong></span> <span class='ocrx_word' id='word_1_17' title='bbox 755 607 798 662; x_wconf 91' lang='lat' dir='ltr'><strong>oui</strong></span> <span class='ocrx_word' id='word_1_18' title='bbox 812 611 945 676; x_wconf 83' lang='lat' dir='ltr'><strong>pendium</strong></span> <span class='ocrx_word' id='word_1_19' title='bbox 959 609 1075 676; x_wconf 85' lang='lat' dir='ltr'><strong>legatum</strong></span> 
     </span>
     <span class='ocr_line' id='line_1_4' title="bbox 266 673 1074 748; baseline -0.002 -16"><span class='ocrx_word' id='word_1_20' title='bbox 266 679 313 742; x_wconf 89' lang='lat' dir='ltr'><strong>sit,</strong></span> <span class='ocrx_word' id='word_1_21' title='bbox 338 677 400 744; x_wconf 90' lang='lat' dir='ltr'><strong>quia</strong></span> <span class='ocrx_word' id='word_1_22' title='bbox 416 675 452 730; x_wconf 89' lang='lat' dir='ltr'><strong>ad</strong></span> <span class='ocrx_word' id='word_1_23' title='bbox 469 691 528 730; x_wconf 90' lang='lat' dir='ltr'><strong>eum</strong></span> <span class='ocrx_word' id='word_1_24' title='bbox 551 677 660 730; x_wconf 88' lang='lat' dir='ltr'><strong>veniunt</strong></span> <span class='ocrx_word' id='word_1_25' title='bbox 682 673 838 730; x_wconf 80' lang='lat' dir='ltr'>creditores:</span> <span class='ocrx_word' id='word_1_26' title='bbox 859 679 923 748; x_wconf 71' lang='lat' dir='ltr'><strong>&#39;ergo</strong></span> <span class='ocrx_word' id='word_1_27' title='bbox 947 677 970 730; x_wconf 87' lang='lat' dir='ltr'><strong>si</strong></span> <span class='ocrx_word' id='word_1_28' title='bbox 992 675 1074 730; x_wconf 88' lang='lat' dir='ltr'><strong>tradi·</strong></span> 
     </span>
     <span class='ocr_line' id='line_1_5' title="bbox 266 743 1073 812; baseline -0.005 -13"><span class='ocrx_word' id='word_1_29' title='bbox 266 749 281 800; x_wconf 87' lang='lat'>8</span> <span class='ocrx_word' id='word_1_30' title='bbox 316 745 384 796; x_wconf 93' lang='lat' dir='ltr'><strong>derit</strong></span> <span class='ocrx_word' id='word_1_31' title='bbox 401 743 458 796; x_wconf 92' lang='lat' dir='ltr'><strong>sine</strong></span> <span class='ocrx_word' id='word_1_32' title='bbox 476 745 611 808; x_wconf 79' lang='lat' dir='ltr'><strong>cautione,</strong></span> <span class='ocrx_word' id='word_1_33' title='bbox 635 745 686 796; x_wconf 89' lang='lat' dir='ltr'><strong>erit</strong></span> <span class='ocrx_word' id='word_1_34' title='bbox 709 745 911 800; x_wconf 88' lang='lat' dir='ltr'><strong>conveniendus.</strong></span> <span class='ocrx_word' id='word_1_35' title='bbox 946 743 975 796; x_wconf 87' lang='lat' dir='ltr'><strong>Si</strong></span> <span class='ocrx_word' id='word_1_36' title='bbox 997 759 1073 812; x_wconf 90' lang='lat' dir='ltr'><strong>prae-</strong></span> 
     </span>
     <span class='ocr_line' id='line_1_6' title="bbox 266 811 1075 880; baseline 0 -16"><span class='ocrx_word' id='word_1_37' title='bbox 266 817 344 880; x_wconf 90' lang='lat' dir='ltr'><strong>cepto</strong></span> <span class='ocrx_word' id='word_1_38' title='bbox 369 825 445 864; x_wconf 82' lang='lat' dir='ltr'><strong>servo</strong></span> <span class='ocrx_word' id='word_1_39' title='bbox 468 817 495 864; x_wconf 90' lang='lat' dir='ltr'><strong>ct</strong></span> <span class='ocrx_word' id='word_1_40' title='bbox 517 811 621 878; x_wconf 82' lang='lat' dir='ltr'><strong>peculio</strong></span> <span class='ocrx_word' id='word_1_41' title='bbox 644 815 752 876; x_wconf 84' lang='lat' dir='ltr'><strong>rogatus</strong></span> <span class='ocrx_word' id='word_1_42' title='bbox 776 811 811 866; x_wconf 90' lang='lat' dir='ltr'><strong>sit</strong></span> <span class='ocrx_word' id='word_1_43' title='bbox 833 811 910 868; x_wconf 89' lang='lat' dir='ltr'><strong>heres</strong></span> <span class='ocrx_word' id='word_1_44' title='bbox 935 811 1075 864; x_wconf 75' lang='lat' dir='ltr'><strong>restituere</strong></span> 
     </span>
     <span class='ocr_line' id='line_1_7' title="bbox 265 877 1076 946; baseline 0.002 -16"><span class='ocrx_word' id='word_1_45' title='bbox 265 877 453 942; x_wconf 73' lang='lat' dir='ltr'><strong>hereditatem,</strong></span> <span class='ocrx_word' id='word_1_46' title='bbox 477 877 500 932; x_wconf 87' lang='lat' dir='ltr'><strong>si</strong></span> <span class='ocrx_word' id='word_1_47' title='bbox 523 877 556 932; x_wconf 92' lang='lat' dir='ltr'><strong>de</strong></span> <span class='ocrx_word' id='word_1_48' title='bbox 577 877 681 946; x_wconf 87' lang='lat' dir='ltr'><strong>peculio</strong></span> <span class='ocrx_word' id='word_1_49' title='bbox 705 881 892 946; x_wconf 88' lang='lat' dir='ltr'><strong>conveniatur,</strong></span> <span class='ocrx_word' id='word_1_50' title='bbox 917 877 1076 932; x_wconf 82' lang='lat' dir='ltr'><strong>Trebelliani</strong></span> 
     </span>
     <span class='ocr_line' id='line_1_8' title="bbox 266 943 1073 1012; baseline 0.005 -16"><span class='ocrx_word' id='word_1_51' title='bbox 266 945 422 1012; x_wconf 81' lang='lat' dir='ltr'><strong>exceptione</strong></span> <span class='ocrx_word' id='word_1_52' title='bbox 435 961 489 998; x_wconf 91' lang='lat' dir='ltr'><strong>non</strong></span> <span class='ocrx_word' id='word_1_53' title='bbox 503 949 600 1010; x_wconf 87' lang='lat' dir='ltr'><strong>utetur,</strong></span> <span class='ocrx_word' id='word_1_54' title='bbox 615 949 646 998; x_wconf 92' lang='lat' dir='ltr'><strong>ut</strong></span> <span class='ocrx_word' id='word_1_55' title='bbox 654 943 798 1002; x_wconf 88' lang='lat' dir='ltr'><strong>Marcellus</strong></span> <span class='ocrx_word' id='word_1_56' title='bbox 810 953 930 1002; x_wconf 75' lang='lat' dir='ltr'><strong>mactans</strong></span> <span class='ocrx_word' id='word_1_57' title='bbox 944 945 1073 1000; x_wconf 82' lang='lat' dir='ltr'><strong>admittit:</strong></span> 
     </span>
     <span class='ocr_line' id='line_1_9' title="bbox 266 1011 1075 1078; baseline 0.002 -14"><span class='ocrx_word' id='word_1_58' title='bbox 266 1011 288 1064; x_wconf 90' lang='lat' dir='ltr'><strong>is</strong></span> <span class='ocrx_word' id='word_1_59' title='bbox 307 1017 397 1066; x_wconf 86' lang='lat' dir='ltr'><strong>autem</strong></span> <span class='ocrx_word' id='word_1_60' title='bbox 415 1011 458 1066; x_wconf 91' lang='lat' dir='ltr'><strong>cui</strong></span> <span class='ocrx_word' id='word_1_61' title='bbox 473 1011 598 1066; x_wconf 89' lang='lat' dir='ltr'><strong>restituta</strong></span> <span class='ocrx_word' id='word_1_62' title='bbox 616 1017 656 1066; x_wconf 93' lang='lat' dir='ltr'><strong>est</strong></span> <span class='ocrx_word' id='word_1_63' title='bbox 673 1013 807 1070; x_wconf 87' lang='lat' dir='ltr'><strong>hereditas</strong></span> <span class='ocrx_word' id='word_1_64' title='bbox 824 1031 878 1070; x_wconf 88' lang='lat' dir='ltr'><strong>non</strong></span> <span class='ocrx_word' id='word_1_65' title='bbox 900 1019 1020 1078; x_wconf 89' lang='lat' dir='ltr'><strong>tenetur,</strong></span> <span class='ocrx_word' id='word_1_66' title='bbox 1044 1019 1075 1066; x_wconf 92' lang='lat' dir='ltr'><strong>ut</strong></span> 
     </span>
     <span class='ocr_line' id='line_1_10' title="bbox 266 1077 1074 1150; baseline 0.005 -18"><span class='ocrx_word' id='word_1_67' title='bbox 266 1077 394 1133; x_wconf 81' lang='lat' dir='ltr'><strong>Scaevola</strong></span> <span class='ocrx_word' id='word_1_68' title='bbox 411 1081 456 1144; x_wconf 91' lang='lat' dir='ltr'><strong>ait,</strong></span> <span class='ocrx_word' id='word_1_69' title='bbox 475 1095 537 1134; x_wconf 90' lang='lat' dir='ltr'><strong>oum</strong></span> <span class='ocrx_word' id='word_1_70' title='bbox 554 1081 687 1150; x_wconf 89' lang='lat' dir='ltr'><strong>peculium</strong></span> <span class='ocrx_word' id='word_1_71' title='bbox 703 1097 757 1136; x_wconf 89' lang='lat' dir='ltr'><strong>uon</strong></span> <span class='ocrx_word' id='word_1_72' title='bbox 773 1083 873 1138; x_wconf 88' lang='lat' dir='ltr'><strong>habeat</strong></span> <span class='ocrx_word' id='word_1_73' title='bbox 890 1097 939 1136; x_wconf 89' lang='lat' dir='ltr'><strong>nec</strong></span> <span class='ocrx_word' id='word_1_74' title='bbox 957 1081 1017 1136; x_wconf 91' lang='lat' dir='ltr'><strong>dolo</strong></span> <span class='ocrx_word' id='word_1_75' title='bbox 1035 1081 1074 1136; x_wconf 83' lang='grc' dir='ltr'><strong>ιι-</strong></span> 
     </span>
     <span class='ocr_line' id='line_1_11' title="bbox 260 1147 1074 1216; baseline 0.002 -16"><span class='ocrx_word' id='word_1_76' title='bbox 260 1151 282 1200; x_wconf 85' lang='lat' dir='ltr'><strong>e</strong></span> <span class='ocrx_word' id='word_1_77' title='bbox 318 1147 384 1202; x_wconf 90' lang='lat' dir='ltr'><strong>oerit</strong></span> <span class='ocrx_word' id='word_1_78' title='bbox 400 1163 453 1216; x_wconf 88' lang='lat' dir='ltr'><strong>quo</strong></span> <span class='ocrx_word' id='word_1_79' title='bbox 471 1147 558 1200; x_wconf 88' lang='lat' dir='ltr'><strong>miuus</strong></span> <span class='ocrx_word' id='word_1_80' title='bbox 574 1147 693 1202; x_wconf 90' lang='lat' dir='ltr'><strong>haberet.</strong></span> <span class='ocrx_word' id='word_1_81' title='bbox 729 1151 785 1204; x_wconf 89' lang='lat' dir='ltr'><strong>Usu</strong></span> <span class='ocrx_word' id='word_1_82' title='bbox 802 1149 892 1204; x_wconf 84' lang='lat' dir='ltr'><strong>fructu</strong></span> <span class='ocrx_word' id='word_1_83' title='bbox 910 1165 1014 1216; x_wconf 90' lang='lat' dir='ltr'><strong>quoque</strong></span> <span class='ocrx_word' id='word_1_84' title='bbox 1030 1165 1074 1202; x_wconf 85' lang='lat' dir='ltr'><strong>ex-</strong></span> 
     </span>
     <span class='ocr_line' id='line_1_12' title="bbox 258 1213 1074 1272; baseline 0.002 -4"><span class='ocrx_word' id='word_1_85' title='bbox 258 1213 363 1268; x_wconf 84' lang='lat' dir='ltr'><strong>stineto</strong></span> <span class='ocrx_word' id='word_1_86' title='bbox 381 1215 452 1268; x_wconf 90' lang='lat' dir='ltr'><strong>intra</strong></span> <span class='ocrx_word' id='word_1_87' title='bbox 468 1231 567 1268; x_wconf 89' lang='lat' dir='ltr'><strong>annum</strong></span> <span class='ocrx_word' id='word_1_88' title='bbox 584 1215 716 1270; x_wconf 81' lang='lat' dir='ltr'><strong>actionem</strong></span> <span class='ocrx_word' id='word_1_89' title='bbox 734 1219 847 1272; x_wconf 88' lang='lat' dir='ltr'><strong>dandam</strong></span> <span class='ocrx_word' id='word_1_90' title='bbox 861 1217 888 1268; x_wconf 86' lang='lat' dir='ltr'><strong>in</strong></span> <span class='ocrx_word' id='word_1_91' title='bbox 902 1215 1074 1270; x_wconf 83' lang='lat' dir='ltr'><strong>usufructua-</strong></span> 
     </span>
     <span class='ocr_line' id='line_1_13' title="bbox 266 1281 1072 1352; baseline 0.002 -18"><span class='ocrx_word' id='word_1_92' title='bbox 266 1283 334 1334; x_wconf 88' lang='lat' dir='ltr'><strong>rium</strong></span> <span class='ocrx_word' id='word_1_93' title='bbox 359 1281 522 1350; x_wconf 85' lang='lat' dir='ltr'><strong>Pomponius</strong></span> <span class='ocrx_word' id='word_1_94' title='bbox 545 1283 613 1336; x_wconf 91' lang='lat' dir='ltr'><strong>libro</strong></span> <span class='ocrx_word' id='word_1_95' title='bbox 641 1297 705 1336; x_wconf 83' lang='lat' dir='ltr'><strong>sexa</strong></span> <span class='ocrx_word' id='word_1_96' title='bbox 723 1285 821 1338; x_wconf 87' lang='lat' dir='ltr'><strong>eusimo</strong></span> <span class='ocrx_word' id='word_1_97' title='bbox 848 1283 932 1352; x_wconf 76' lang='lat' dir='ltr'><strong>pmmo</strong></span> <span class='ocrx_word' id='word_1_98' title='bbox 959 1283 1072 1350; x_wconf 82' lang='lat' dir='ltr'><strong>scripsit.</strong></span> 
     </span>
     <span class='ocr_line' id='line_1_14' title="bbox 271 1301 1074 1428; baseline 0.005 -26"><span class='ocrx_word' id='word_1_99' title='bbox 271 1353 300 1428; x_wconf 77' lang='lat' dir='ltr'><strong>lt</strong></span> <span class='ocrx_word' id='word_1_100' title='bbox 336 1349 489 1414; x_wconf 77' lang='lat' dir='ltr'><strong>Quaesitum</strong></span> <span class='ocrx_word' id='word_1_101' title='bbox 513 1355 553 1404; x_wconf 88' lang='lat' dir='ltr'><strong>est</strong></span> <span class='ocrx_word' id='word_1_102' title='bbox 576 1351 648 1420; x_wconf 90' lang='lat' dir='ltr'><strong>apud</strong></span> <span class='ocrx_word' id='word_1_103' title='bbox 670 1301 837 1414; x_wconf 54' lang='lat' dir='ltr'><strong>Labeonem,</strong></span> <span class='ocrx_word' id='word_1_104' title='bbox 861 1351 896 1428; x_wconf 77' lang='lat' dir='ltr'><strong>si,</strong></span> <span class='ocrx_word' id='word_1_105' title='bbox 922 1367 982 1404; x_wconf 91' lang='lat' dir='ltr'><strong>curn</strong></span> <span class='ocrx_word' id='word_1_106' title='bbox 1004 1351 1074 1406; x_wconf 89' lang='lat' dir='ltr'><strong>iilius</strong></span> 
     </span>
     <span class='ocr_line' id='line_1_15' title="bbox 266 1416 1074 1486; baseline 0.002 -16"><span class='ocrx_word' id='word_1_107' title='bbox 266 1423 373 1482; x_wconf 79' lang='lat' dir='ltr'><strong>vireret,</strong></span> <span class='ocrx_word' id='word_1_108' title='bbox 390 1423 420 1472; x_wconf 92' lang='lat' dir='ltr'><strong>tu</strong></span> <span class='ocrx_word' id='word_1_109' title='bbox 439 1417 547 1472; x_wconf 88' lang='lat' dir='ltr'><strong>credens</strong></span> <span class='ocrx_word' id='word_1_110' title='bbox 566 1433 627 1472; x_wconf 91' lang='lat' dir='ltr'><strong>eum</strong></span> <span class='ocrx_word' id='word_1_111' title='bbox 643 1427 774 1474; x_wconf 84' lang='lat' dir='ltr'><strong>mortuum</strong></span> <span class='ocrx_word' id='word_1_112' title='bbox 791 1416 881 1472; x_wconf 88' lang='lat' dir='ltr'><strong>aunalr</strong></span> <span class='ocrx_word' id='word_1_113' title='bbox 895 1419 1000 1472; x_wconf 85' lang='grc' dir='ltr'>ιιιιιιι</span> <span class='ocrx_word' id='word_1_114' title='bbox 1016 1435 1074 1486; x_wconf 86' lang='lat' dir='ltr'><strong>ege-</strong></span> 
     </span>
     <span class='ocr_line' id='line_1_16' title="bbox 266 1483 1075 1554; baseline 0.002 -16"><span class='ocrx_word' id='word_1_115' title='bbox 266 1483 303 1538; x_wconf 89' lang='lat' dir='ltr'><strong>ris</strong></span> <span class='ocrx_word' id='word_1_116' title='bbox 322 1491 362 1548; x_wconf 89' lang='lat' dir='ltr'><strong>et,</strong></span> <span class='ocrx_word' id='word_1_117' title='bbox 381 1485 443 1554; x_wconf 88' lang='lat' dir='ltr'><strong>quia</strong></span> <span class='ocrx_word' id='word_1_118' title='bbox 459 1501 543 1538; x_wconf 88' lang='lat' dir='ltr'><strong>annus</strong></span> <span class='ocrx_word' id='word_1_119' title='bbox 561 1489 741 1554; x_wconf 84' lang='lat' dir='ltr'><strong>praeterierat,</strong></span> <span class='ocrx_word' id='word_1_120' title='bbox 760 1485 915 1552; x_wconf 83' lang='lat' dir='ltr'><strong>exceptione</strong></span> <span class='ocrx_word' id='word_1_121' title='bbox 932 1487 968 1540; x_wconf 89' lang='lat' dir='ltr'><strong>sis</strong></span> <span class='ocrx_word' id='word_1_122' title='bbox 986 1487 1075 1554; x_wconf 88' lang='lat' dir='ltr'><strong>repul·</strong></span> 
     </span>
     <span class='ocr_line' id='line_1_17' title="bbox 267 1555 1074 1622; baseline 0 -16"><span class='ocrx_word' id='word_1_123' title='bbox 267 1567 327 1616; x_wconf 83' lang='grc' dir='ltr'>ιιι,</span> <span class='ocrx_word' id='word_1_124' title='bbox 351 1567 386 1608; x_wconf 87' lang='grc' dir='ltr'><strong>ιι</strong></span> <span class='ocrx_word' id='word_1_125' title='bbox 403 1567 495 1606; x_wconf 88' lang='lat' dir='ltr'><strong>rursus</strong></span> <span class='ocrx_word' id='word_1_126' title='bbox 513 1555 626 1622; x_wconf 86' lang='lat' dir='ltr'><strong>experiri</strong></span> <span class='ocrx_word' id='word_1_127' title='bbox 642 1555 691 1606; x_wconf 91' lang='lat' dir='ltr'><strong>tibi</strong></span> <span class='ocrx_word' id='word_1_128' title='bbox 709 1559 842 1622; x_wconf 86' lang='lat' dir='ltr'><strong>comperto</strong></span> <span class='ocrx_word' id='word_1_129' title='bbox 862 1567 949 1606; x_wconf 89' lang='lat' dir='ltr'><strong>errore</strong></span> <span class='ocrx_word' id='word_1_130' title='bbox 967 1555 1074 1622; x_wconf 87' lang='lat' dir='ltr'><strong>permit-</strong></span> 
     </span>
     <span class='ocr_line' id='line_1_18' title="bbox 267 1619 1074 1690; baseline 0.002 -18"><span class='ocrx_word' id='word_1_131' title='bbox 267 1621 376 1674; x_wconf 90' lang='lat' dir='ltr'><strong>tendum</strong></span> <span class='ocrx_word' id='word_1_132' title='bbox 399 1627 447 1674; x_wconf 87' lang='grc' dir='ltr'>ιιι.</span> <span class='ocrx_word' id='word_1_133' title='bbox 475 1625 501 1674; x_wconf 88' lang='grc' dir='ltr'><strong>ιι</strong></span> <span class='ocrx_word' id='word_1_134' title='bbox 518 1621 555 1674; x_wconf 90' lang='lat' dir='ltr'><strong>ait</strong></span> <span class='ocrx_word' id='word_1_135' title='bbox 572 1621 689 1690; x_wconf 88' lang='lat' dir='ltr'><strong>permitti</strong></span> <span class='ocrx_word' id='word_1_136' title='bbox 705 1621 801 1674; x_wconf 87' lang='lat' dir='ltr'><strong>debere</strong></span> <span class='ocrx_word' id='word_1_137' title='bbox 818 1619 955 1674; x_wconf 82' lang='lat' dir='ltr'><strong>dumtaxat</strong></span> <span class='ocrx_word' id='word_1_138' title='bbox 974 1621 1006 1674; x_wconf 92' lang='lat' dir='ltr'><strong>de</strong></span> <span class='ocrx_word' id='word_1_139' title='bbox 1028 1635 1074 1690; x_wconf 89' lang='lat' dir='ltr'><strong>pe·</strong></span> 
     </span>
     <span class='ocr_line' id='line_1_19' title="bbox 269 1687 1074 1756; baseline -0.002 -14"><span class='ocrx_word' id='word_1_140' title='bbox 269 1687 351 1750; x_wconf 83' lang='lat' dir='ltr'><strong>ordio,</strong></span> <span class='ocrx_word' id='word_1_141' title='bbox 375 1703 429 1742; x_wconf 88' lang='lat' dir='ltr'><strong>uon</strong></span> <span class='ocrx_word' id='word_1_142' title='bbox 448 1687 526 1742; x_wconf 88' lang='lat' dir='ltr'><strong>etiam</strong></span> <span class='ocrx_word' id='word_1_143' title='bbox 544 1689 621 1742; x_wconf 89' lang='lat' dir='ltr'><strong>dein</strong></span> <span class='ocrx_word' id='word_1_144' title='bbox 638 1705 693 1744; x_wconf 89' lang='lat' dir='ltr'><strong>rem</strong></span> <span class='ocrx_word' id='word_1_145' title='bbox 710 1703 800 1742; x_wconf 84' lang='lat' dir='ltr'><strong>verso:</strong></span> <span class='ocrx_word' id='word_1_146' title='bbox 823 1701 885 1738; x_wconf 88' lang='lat' dir='ltr'><strong>uam</strong></span> <span class='ocrx_word' id='word_1_147' title='bbox 902 1687 990 1756; x_wconf 90' lang='lat' dir='ltr'><strong>priore</strong></span> <span class='ocrx_word' id='word_1_148' title='bbox 1007 1687 1074 1742; x_wconf 89' lang='lat' dir='ltr'><strong>iudi-</strong></span> 
     </span>
     <span class='ocr_line' id='line_1_20' title="bbox 269 1755 1074 1822; baseline -0.002 -12"><span class='ocrx_word' id='word_1_149' title='bbox 269 1755 309 1810; x_wconf 88' lang='lat' dir='ltr'><strong>cio</strong></span> <span class='ocrx_word' id='word_1_150' title='bbox 328 1755 404 1810; x_wconf 90' lang='lat' dir='ltr'><strong>dein</strong></span> <span class='ocrx_word' id='word_1_151' title='bbox 421 1771 476 1810; x_wconf 89' lang='lat' dir='ltr'><strong>rem</strong></span> <span class='ocrx_word' id='word_1_152' title='bbox 493 1771 567 1810; x_wconf 85' lang='lat' dir='ltr'><strong>verso</strong></span> <span class='ocrx_word' id='word_1_153' title='bbox 584 1763 657 1810; x_wconf 89' lang='lat' dir='ltr'><strong>recte</strong></span> <span class='ocrx_word' id='word_1_154' title='bbox 675 1761 763 1810; x_wconf 88' lang='lat' dir='ltr'><strong>actum</strong></span> <span class='ocrx_word' id='word_1_155' title='bbox 782 1759 829 1820; x_wconf 90' lang='lat' dir='ltr'><strong>est,</strong></span> <span class='ocrx_word' id='word_1_156' title='bbox 849 1755 910 1822; x_wconf 93' lang='lat' dir='ltr'><strong>quia</strong></span> <span class='ocrx_word' id='word_1_157' title='bbox 925 1771 1014 1810; x_wconf 87' lang='lat' dir='ltr'><strong>annua</strong></span> <span class='ocrx_word' id='word_1_158' title='bbox 1031 1771 1074 1808; x_wconf 82' lang='lat' dir='ltr'><strong>er-</strong></span> 
     </span>
     <span class='ocr_line' id='line_1_21' title="bbox 269 1823 1073 1894; baseline -0.002 -16"><span class='ocrx_word' id='word_1_159' title='bbox 269 1839 299 1878; x_wconf 88' lang='lat' dir='ltr'><strong>ce</strong></span> <span class='ocrx_word' id='word_1_160' title='bbox 319 1823 356 1876; x_wconf 89' lang='lat' dir='ltr'><strong>tio</strong></span> <span class='ocrx_word' id='word_1_161' title='bbox 375 1823 410 1878; x_wconf 91' lang='lat' dir='ltr'><strong>ad</strong></span> <span class='ocrx_word' id='word_1_162' title='bbox 426 1825 572 1894; x_wconf 89' lang='lat' dir='ltr'><strong>peculium,</strong></span> <span class='ocrx_word' id='word_1_163' title='bbox 590 1841 645 1880; x_wconf 90' lang='lat' dir='ltr'><strong>non</strong></span> <span class='ocrx_word' id='word_1_164' title='bbox 662 1825 697 1876; x_wconf 89' lang='lat' dir='ltr'><strong>ad</strong></span> <span class='ocrx_word' id='word_1_165' title='bbox 713 1823 741 1876; x_wconf 89' lang='lat' dir='ltr'><strong>in</strong></span> <span class='ocrx_word' id='word_1_166' title='bbox 758 1837 813 1876; x_wconf 86' lang='lat' dir='ltr'><strong>reru</strong></span> <span class='ocrx_word' id='word_1_167' title='bbox 830 1837 934 1876; x_wconf 85' lang='lat' dir='ltr'><strong>versum</strong></span> <span class='ocrx_word' id='word_1_168' title='bbox 950 1825 1073 1890; x_wconf 86' lang='lat' dir='ltr'><strong>pertinet.</strong></span> 
     </span>
    </p>

    <p class='ocr_par' dir='ltr' id='par_1_3' title="bbox 267 1841 1076 2506">
     <span class='ocr_line' id='line_1_22' title="bbox 299 1841 1075 1962; baseline -0.008 -14"><span class='ocrx_word' id='word_1_169' title='bbox 299 1841 321 1948; x_wconf 54' lang='lat' dir='ltr'>g</span> <span class='ocrx_word' id='word_1_170' title='bbox 339 1891 458 1948; x_wconf 79' lang='lat' dir='ltr'><strong>Pronus</strong></span> <span class='ocrx_word' id='word_1_171' title='bbox 471 1891 538 1948; x_wconf 80' lang='lat' dir='ltr'><strong>libro</strong></span> <span class='ocrx_word' id='word_1_172' title='bbox 557 1893 711 1962; x_wconf 76' lang='lat' dir='ltr'><strong>tripensimo</strong></span> <span class='ocrx_word' id='word_1_173' title='bbox 731 1891 768 1944; x_wconf 85' lang='lat' dir='ltr'><strong>nd</strong></span> <span class='ocrx_word' id='word_1_174' title='bbox 784 1891 898 1944; x_wconf 78' lang='lat' dir='ltr'><strong>edictum</strong></span> <span class='ocrx_word' id='word_1_175' title='bbox 933 1891 999 1944; x_wconf 77' lang='lat' dir='ltr'><strong>(lum</strong></span> <span class='ocrx_word' id='word_1_176' title='bbox 1013 1899 1075 1960; x_wconf 86' lang='lat' dir='ltr'><strong>post</strong></span> 
     </span>
     <span class='ocr_line' id='line_1_23' title="bbox 268 1957 1074 2026; baseline -0.002 -12"><span class='ocrx_word' id='word_1_177' title='bbox 268 1969 380 2014; x_wconf 89' lang='lat' dir='ltr'><strong>mortem</strong></span> <span class='ocrx_word' id='word_1_178' title='bbox 404 1959 452 2014; x_wconf 84' lang='lat' dir='ltr'><strong>filii</strong></span> <span class='ocrx_word' id='word_1_179' title='bbox 476 1961 589 2014; x_wconf 86' lang='lat' dir='ltr'><strong>familias</strong></span> <span class='ocrx_word' id='word_1_180' title='bbox 614 1973 703 2012; x_wconf 87' lang='lat' dir='ltr'><strong>annua</strong></span> <span class='ocrx_word' id='word_1_181' title='bbox 726 1957 852 2012; x_wconf 86' lang='lat' dir='ltr'><strong>adversus</strong></span> <span class='ocrx_word' id='word_1_182' title='bbox 877 1963 981 2026; x_wconf 88' lang='lat' dir='ltr'><strong>patrem</strong></span> <span class='ocrx_word' id='word_1_183' title='bbox 1004 1959 1074 2014; x_wconf 90' lang='lat' dir='ltr'><strong>actio</strong></span> 
     </span>
     <span class='ocr_line' id='line_1_24' title="bbox 268 2027 1074 2096; baseline -0.002 -14"><span class='ocrx_word' id='word_1_184' title='bbox 268 2033 315 2092; x_wconf 89' lang='lat' dir='ltr'><strong>est,</strong></span> <span class='ocrx_word' id='word_1_185' title='bbox 335 2029 553 2096; x_wconf 88' lang='lat' dir='ltr'><strong>quemadmodum</strong></span> <span class='ocrx_word' id='word_1_186' title='bbox 572 2027 696 2080; x_wconf 88' lang='lat' dir='ltr'><strong>adversus</strong></span> <span class='ocrx_word' id='word_1_187' title='bbox 714 2041 774 2078; x_wconf 91' lang='lat' dir='ltr'><strong>eum</strong></span> <span class='ocrx_word' id='word_1_188' title='bbox 792 2031 862 2080; x_wconf 87' lang='lat' dir='ltr'><strong>esset</strong></span> <span class='ocrx_word' id='word_1_189' title='bbox 875 2031 1003 2094; x_wconf 86' lang='lat' dir='ltr'><strong>perpetua</strong></span> <span class='ocrx_word' id='word_1_190' title='bbox 1016 2027 1074 2080; x_wconf 89' lang='grc' dir='ltr'>ιιιο</span> 
     </span>
     <span class='ocr_line' id='line_1_25' title="bbox 267 2093 1074 2164; baseline -0.002 -14"><span class='ocrx_word' id='word_1_191' title='bbox 267 2095 335 2162; x_wconf 85' lang='lat' dir='ltr'><strong>filio,</strong></span> <span class='ocrx_word' id='word_1_192' title='bbox 357 2095 417 2152; x_wconf 89' lang='lat' dir='ltr'><strong>ideo</strong></span> <span class='ocrx_word' id='word_1_193' title='bbox 440 2097 463 2152; x_wconf 92' lang='lat' dir='ltr'><strong>si</strong></span> <span class='ocrx_word' id='word_1_194' title='bbox 485 2113 518 2150; x_wconf 81' lang='lat' dir='ltr'><strong>ex</strong></span> <span class='ocrx_word' id='word_1_195' title='bbox 541 2111 624 2150; x_wconf 89' lang='lat' dir='ltr'><strong>causa</strong></span> <span class='ocrx_word' id='word_1_196' title='bbox 645 2093 828 2148; x_wconf 84' lang='lat' dir='ltr'><strong>redhibitionis</strong></span> <span class='ocrx_word' id='word_1_197' title='bbox 847 2101 904 2148; x_wconf 89' lang='lat' dir='ltr'><strong>erat</strong></span> <span class='ocrx_word' id='word_1_198' title='bbox 922 2095 954 2148; x_wconf 90' lang='lat' dir='ltr'><strong>de</strong></span> <span class='ocrx_word' id='word_1_199' title='bbox 971 2095 1074 2164; x_wconf 90' lang='lat' dir='ltr'><strong>peculio</strong></span> 
     </span>
     <span class='ocr_line' id='line_1_26' title="bbox 268 2161 1075 2232; baseline 0 -14"><span class='ocrx_word' id='word_1_200' title='bbox 268 2167 352 2230; x_wconf 81' lang='lat' dir='ltr'><strong>aedo,</strong></span> <span class='ocrx_word' id='word_1_201' title='bbox 372 2181 419 2218; x_wconf 84' lang='lat' dir='ltr'><strong>sex</strong></span> <span class='ocrx_word' id='word_1_202' title='bbox 442 2181 561 2218; x_wconf 89' lang='lat' dir='ltr'><strong>mensum</strong></span> <span class='ocrx_word' id='word_1_203' title='bbox 585 2163 634 2218; x_wconf 90' lang='lat' dir='ltr'><strong>erit</strong></span> <span class='ocrx_word' id='word_1_204' title='bbox 656 2167 718 2230; x_wconf 91' lang='lat' dir='ltr'><strong>post</strong></span> <span class='ocrx_word' id='word_1_205' title='bbox 740 2167 850 2218; x_wconf 86' lang='lat' dir='ltr'><strong>mortem</strong></span> <span class='ocrx_word' id='word_1_206' title='bbox 870 2161 930 2218; x_wconf 83' lang='lat' dir='ltr'><strong>fild:</strong></span> <span class='ocrx_word' id='word_1_207' title='bbox 953 2163 1075 2232; x_wconf 84' lang='lat' dir='ltr'><strong>idemque</strong></span> 
     </span>
     <span class='ocr_line' id='line_1_27' title="bbox 269 2231 1075 2288; baseline -0.002 -2"><span class='ocrx_word' id='word_1_208' title='bbox 269 2239 281 2286; x_wconf 89' lang='grc' dir='ltr'><strong>ι</strong></span> <span class='ocrx_word' id='word_1_209' title='bbox 319 2233 458 2288; x_wconf 87' lang='lat' dir='ltr'><strong>dicendum</strong></span> <span class='ocrx_word' id='word_1_210' title='bbox 471 2233 500 2286; x_wconf 91' lang='lat' dir='ltr'><strong>in</strong></span> <span class='ocrx_word' id='word_1_211' title='bbox 513 2231 635 2288; x_wconf 88' lang='lat' dir='ltr'><strong>omnibus</strong></span> <span class='ocrx_word' id='word_1_212' title='bbox 649 2237 702 2284; x_wconf 90' lang='lat' dir='ltr'><strong>tem</strong></span> <span class='ocrx_word' id='word_1_213' title='bbox 722 2231 838 2284; x_wconf 89' lang='lat' dir='ltr'><strong>oralibus</strong></span> <span class='ocrx_word' id='word_1_214' title='bbox 854 2233 1011 2286; x_wconf 86' lang='lat' dir='ltr'><strong>actionibus.</strong></span> <span class='ocrx_word' id='word_1_215' title='bbox 1048 2231 1075 2284; x_wconf 86' lang='lat' dir='ltr'><strong>Si</strong></span> 
     </span>
     <span class='ocr_line' id='line_1_28' title="bbox 268 2247 1074 2368; baseline -0.002 -12"><span class='ocrx_word' id='word_1_216' title='bbox 268 2317 357 2356; x_wconf 78' lang='lat' dir='ltr'><strong>serum</strong></span> <span class='ocrx_word' id='word_1_217' title='bbox 377 2301 420 2356; x_wconf 93' lang='lat' dir='ltr'><strong>cui</strong></span> <span class='ocrx_word' id='word_1_218' title='bbox 438 2299 566 2356; x_wconf 87' lang='lat' dir='ltr'><strong>creditum</strong></span> <span class='ocrx_word' id='word_1_219' title='bbox 583 2305 624 2354; x_wconf 88' lang='lat' dir='ltr'><strong>est</strong></span> <span class='ocrx_word' id='word_1_220' title='bbox 641 2247 720 2368; x_wconf 59' lang='lat' dir='ltr'><strong>spui</strong></span> <span class='ocrx_word' id='word_1_221' title='bbox 730 2299 821 2354; x_wconf 87' lang='lat' dir='ltr'><strong>hostes</strong></span> <span class='ocrx_word' id='word_1_222' title='bbox 844 2299 891 2364; x_wconf 90' lang='lat' dir='ltr'><strong>sit,</strong></span> <span class='ocrx_word' id='word_1_223' title='bbox 917 2299 949 2354; x_wconf 89' lang='lat' dir='ltr'><strong>de</strong></span> <span class='ocrx_word' id='word_1_224' title='bbox 971 2299 1074 2368; x_wconf 88' lang='lat' dir='ltr'><strong>peculio</strong></span> 
     </span>
     <span class='ocr_line' id='line_1_29' title="bbox 268 2365 1076 2438; baseline 0 -16"><span class='ocrx_word' id='word_1_225' title='bbox 268 2371 338 2422; x_wconf 91' lang='lat' dir='ltr'><strong>actio</strong></span> <span class='ocrx_word' id='word_1_226' title='bbox 355 2371 383 2422; x_wconf 91' lang='lat' dir='ltr'><strong>iu</strong></span> <span class='ocrx_word' id='word_1_227' title='bbox 407 2367 540 2422; x_wconf 88' lang='lat' dir='ltr'><strong>dominum</strong></span> <span class='ocrx_word' id='word_1_228' title='bbox 563 2383 618 2422; x_wconf 89' lang='lat' dir='ltr'><strong>non</strong></span> <span class='ocrx_word' id='word_1_229' title='bbox 641 2383 710 2422; x_wconf 89' lang='lat' dir='ltr'><strong>auno</strong></span> <span class='ocrx_word' id='word_1_230' title='bbox 734 2365 849 2422; x_wconf 85' lang='lat' dir='ltr'><strong>finienda</strong></span> <span class='ocrx_word' id='word_1_231' title='bbox 872 2371 927 2434; x_wconf 87' lang='lat' dir='ltr'><strong>est,</strong></span> <span class='ocrx_word' id='word_1_232' title='bbox 951 2367 1076 2438; x_wconf 88' lang='lat' dir='ltr'><strong>quamdiu</strong></span> 
     </span>
     <span class='ocr_line' id='line_1_30' title="bbox 267 2435 653 2506; baseline -0.01 -14"><span class='ocrx_word' id='word_1_233' title='bbox 267 2437 427 2506; x_wconf 89' lang='lat' dir='ltr'><strong>postliminio</strong></span> <span class='ocrx_word' id='word_1_234' title='bbox 446 2435 540 2490; x_wconf 78' lang='lat' dir='ltr'><strong>reverti</strong></span> <span class='ocrx_word' id='word_1_235' title='bbox 557 2441 653 2502; x_wconf 89' lang='lat' dir='ltr'><strong>potest.</strong></span> 
     </span>
    </p>

    <p class='ocr_par' dir='ltr' id='par_1_4' title="bbox 268 2501 1077 3184">
     <span class='ocr_line' id='line_1_31' title="bbox 302 2501 1074 2572; baseline -0.005 -12"><span class='ocrx_word' id='word_1_236' title='bbox 302 2501 320 2560; x_wconf 88' lang='lat'>3</span> <span class='ocrx_word' id='word_1_237' title='bbox 344 2503 514 2558; x_wconf 70' lang='lat' dir='ltr'><strong>Pomponius</strong></span> <span class='ocrx_word' id='word_1_238' title='bbox 534 2503 601 2556; x_wconf 74' lang='lat' dir='ltr'><strong>itero</strong></span> <span class='ocrx_word' id='word_1_239' title='bbox 626 2507 723 2572; x_wconf 79' lang='lat' dir='ltr'><strong>quarto</strong></span> <span class='ocrx_word' id='word_1_240' title='bbox 747 2501 783 2556; x_wconf 83' lang='lat' dir='ltr'><strong>nd</strong></span> <span class='ocrx_word' id='word_1_241' title='bbox 806 2501 932 2568; x_wconf 72' lang='lat' dir='ltr'><strong>Quiritum</strong></span> <span class='ocrx_word' id='word_1_242' title='bbox 955 2503 1074 2558; x_wconf 83' lang='lat' dir='ltr'><strong>Mucium</strong></span> 
     </span>
     <span class='ocr_line' id='line_1_32' title="bbox 268 2569 1075 2640; baseline -0.002 -14"><span class='ocrx_word' id='word_1_243' title='bbox 268 2571 428 2626; x_wconf 87' lang='lat' dir='ltr'><strong>Definitione</strong></span> <span class='ocrx_word' id='word_1_244' title='bbox 450 2569 546 2640; x_wconf 89' lang='lat' dir='ltr'><strong>peculii</strong></span> <span class='ocrx_word' id='word_1_245' title='bbox 569 2569 701 2624; x_wconf 88' lang='lat' dir='ltr'><strong>interdum</strong></span> <span class='ocrx_word' id='word_1_246' title='bbox 722 2569 850 2624; x_wconf 88' lang='lat' dir='ltr'><strong>utendum</strong></span> <span class='ocrx_word' id='word_1_247' title='bbox 874 2577 914 2626; x_wconf 89' lang='lat' dir='ltr'><strong>est</strong></span> <span class='ocrx_word' id='word_1_248' title='bbox 936 2571 1029 2636; x_wconf 89' lang='lat' dir='ltr'><strong>etiam,</strong></span> <span class='ocrx_word' id='word_1_249' title='bbox 1053 2571 1075 2626; x_wconf 90' lang='lat' dir='ltr'><strong>si</strong></span> 
     </span>
     <span class='ocr_line' id='line_1_33' title="bbox 268 2637 1075 2708; baseline -0.002 -14"><span class='ocrx_word' id='word_1_250' title='bbox 268 2655 358 2694; x_wconf 87' lang='lat' dir='ltr'><strong>servus</strong></span> <span class='ocrx_word' id='word_1_251' title='bbox 375 2641 403 2692; x_wconf 90' lang='lat' dir='ltr'><strong>iu</strong></span> <span class='ocrx_word' id='word_1_252' title='bbox 419 2653 505 2692; x_wconf 89' lang='lat' dir='ltr'><strong>rerum</strong></span> <span class='ocrx_word' id='word_1_253' title='bbox 522 2645 618 2692; x_wconf 89' lang='lat' dir='ltr'><strong>natura</strong></span> <span class='ocrx_word' id='word_1_254' title='bbox 636 2653 694 2692; x_wconf 91' lang='lat' dir='ltr'><strong>esse</strong></span> <span class='ocrx_word' id='word_1_255' title='bbox 711 2637 789 2692; x_wconf 87' lang='lat' dir='ltr'><strong>desiit</strong></span> <span class='ocrx_word' id='word_1_256' title='bbox 806 2643 832 2692; x_wconf 90' lang='lat' dir='ltr'><strong>et</strong></span> <span class='ocrx_word' id='word_1_257' title='bbox 850 2639 981 2694; x_wconf 85' lang='grc' dir='ltr'>ιιιιιιιιι</span> <span class='ocrx_word' id='word_1_258' title='bbox 998 2655 1075 2708; x_wconf 87' lang='lat' dir='ltr'><strong>pree-</strong></span> 
     </span>
     <span class='ocr_line' id='line_1_34' title="bbox 268 2705 1074 2776; baseline 0 -16"><span class='ocrx_word' id='word_1_259' title='bbox 268 2713 311 2760; x_wconf 87' lang='lat' dir='ltr'><strong>tor</strong></span> <span class='ocrx_word' id='word_1_260' title='bbox 328 2707 360 2760; x_wconf 87' lang='lat' dir='ltr'><strong>de</strong></span> <span class='ocrx_word' id='word_1_261' title='bbox 377 2705 480 2776; x_wconf 88' lang='lat' dir='ltr'><strong>peculio</strong></span> <span class='ocrx_word' id='word_1_262' title='bbox 497 2707 567 2760; x_wconf 90' lang='lat' dir='ltr'><strong>intra</strong></span> <span class='ocrx_word' id='word_1_263' title='bbox 584 2721 683 2760; x_wconf 88' lang='lat' dir='ltr'><strong>aunum</strong></span> <span class='ocrx_word' id='word_1_264' title='bbox 701 2705 760 2762; x_wconf 90' lang='lat' dir='ltr'><strong>dat:</strong></span> <span class='ocrx_word' id='word_1_265' title='bbox 779 2723 840 2760; x_wconf 86' lang='lat' dir='ltr'><strong>uam</strong></span> <span class='ocrx_word' id='word_1_266' title='bbox 859 2713 885 2760; x_wconf 89' lang='lat' dir='ltr'><strong>et</strong></span> <span class='ocrx_word' id='word_1_267' title='bbox 900 2713 965 2760; x_wconf 90' lang='lat' dir='ltr'><strong>tuuc</strong></span> <span class='ocrx_word' id='word_1_268' title='bbox 984 2713 1010 2760; x_wconf 88' lang='lat' dir='ltr'><strong>et</strong></span> <span class='ocrx_word' id='word_1_269' title='bbox 1029 2723 1074 2760; x_wconf 88' lang='lat' dir='ltr'><strong>ao·</strong></span> 
     </span>
     <span class='ocr_line' id='line_1_35' title="bbox 269 2773 1075 2844; baseline -0.002 -14"><span class='ocrx_word' id='word_1_270' title='bbox 269 2775 414 2830; x_wconf 84' lang='lat' dir='ltr'><strong>cessionem</strong></span> <span class='ocrx_word' id='word_1_271' title='bbox 438 2779 465 2828; x_wconf 90' lang='lat' dir='ltr'><strong>et</strong></span> <span class='ocrx_word' id='word_1_272' title='bbox 486 2773 665 2828; x_wconf 84' lang='lat' dir='ltr'><strong>decessionem</strong></span> <span class='ocrx_word' id='word_1_273' title='bbox 689 2775 764 2844; x_wconf 90' lang='lat' dir='ltr'><strong>qnasi</strong></span> <span class='ocrx_word' id='word_1_274' title='bbox 782 2775 879 2842; x_wconf 86' lang='lat' dir='ltr'><strong>peculii</strong></span> <span class='ocrx_word' id='word_1_275' title='bbox 896 2775 1075 2844; x_wconf 86' lang='lat' dir='ltr'><strong>recipiendam</strong></span> 
     </span>
     <span class='ocr_line' id='line_1_36' title="bbox 270 2841 1076 2912; baseline 0 -16"><span class='ocrx_word' id='word_1_276' title='bbox 270 2847 438 2912; x_wconf 87' lang='lat' dir='ltr'><strong>(quamquam</strong></span> <span class='ocrx_word' id='word_1_277' title='bbox 451 2843 521 2896; x_wconf 76' lang='grc' dir='ltr'><strong>ιιιι1</strong></span> <span class='ocrx_word' id='word_1_278' title='bbox 539 2841 615 2896; x_wconf 88' lang='lat' dir='ltr'><strong>desiit</strong></span> <span class='ocrx_word' id='word_1_279' title='bbox 629 2847 713 2896; x_wconf 91' lang='lat' dir='ltr'><strong>morte</strong></span> <span class='ocrx_word' id='word_1_280' title='bbox 730 2843 798 2896; x_wconf 85' lang='lat' dir='ltr'><strong>servi</strong></span> <span class='ocrx_word' id='word_1_281' title='bbox 815 2845 857 2896; x_wconf 85' lang='lat' dir='ltr'><strong>vel</strong></span> <span class='ocrx_word' id='word_1_282' title='bbox 871 2843 1076 2896; x_wconf 86' lang='lat' dir='ltr'><strong>manumissione</strong></span> 
     </span>
     <span class='ocr_line' id='line_1_37' title="bbox 269 2911 1075 2980; baseline 0 -16"><span class='ocrx_word' id='word_1_283' title='bbox 269 2925 327 2964; x_wconf 86' lang='lat' dir='ltr'><strong>osse</strong></span> <span class='ocrx_word' id='word_1_284' title='bbox 336 2911 485 2980; x_wconf 89' lang='lat' dir='ltr'><strong>peculium),</strong></span> <span class='ocrx_word' id='word_1_285' title='bbox 500 2915 531 2962; x_wconf 89' lang='lat' dir='ltr'><strong>ut</strong></span> <span class='ocrx_word' id='word_1_286' title='bbox 559 2911 624 2964; x_wconf 88' lang='lat' dir='ltr'><strong>ussit</strong></span> <span class='ocrx_word' id='word_1_287' title='bbox 639 2911 663 2964; x_wconf 86' lang='lat' dir='ltr'><strong>ei</strong></span> <span class='ocrx_word' id='word_1_288' title='bbox 679 2911 806 2964; x_wconf 85' lang='lat' dir='ltr'><strong>accedere</strong></span> <span class='ocrx_word' id='word_1_289' title='bbox 820 2917 851 2964; x_wconf 93' lang='lat' dir='ltr'><strong>ut</strong></span> <span class='ocrx_word' id='word_1_290' title='bbox 864 2911 966 2980; x_wconf 89' lang='lat' dir='ltr'><strong>peculio</strong></span> <span class='ocrx_word' id='word_1_291' title='bbox 982 2911 1075 2966; x_wconf 82' lang='lat' dir='ltr'><strong>fructi·</strong></span> 
     </span>
     <span class='ocr_line' id='line_1_38' title="bbox 269 2977 1074 3048; baseline 0.004 -16"><span class='ocrx_word' id='word_1_292' title='bbox 269 2977 318 3032; x_wconf 91' lang='lat' dir='ltr'><strong>bus</strong></span> <span class='ocrx_word' id='word_1_293' title='bbox 335 2979 375 3032; x_wconf 89' lang='grc' dir='ltr'><strong>ιιι</strong></span> <span class='ocrx_word' id='word_1_294' title='bbox 388 2993 513 3046; x_wconf 87' lang='lat' dir='ltr'><strong>pecorum</strong></span> <span class='ocrx_word' id='word_1_295' title='bbox 539 2983 583 3032; x_wconf 88' lang='lat' dir='ltr'><strong>ctu</strong></span> <span class='ocrx_word' id='word_1_296' title='bbox 596 2979 804 3048; x_wconf 83' lang='lat' dir='ltr'><strong>ancillarumque</strong></span> <span class='ocrx_word' id='word_1_297' title='bbox 815 2981 944 3048; x_wconf 86' lang='lat' dir='ltr'><strong>partubus</strong></span> <span class='ocrx_word' id='word_1_298' title='bbox 959 2985 986 3034; x_wconf 91' lang='lat' dir='ltr'><strong>et</strong></span> <span class='ocrx_word' id='word_1_299' title='bbox 999 2979 1074 3034; x_wconf 89' lang='lat' dir='ltr'><strong>dece-</strong></span> 
     </span>
     <span class='ocr_line' id='line_1_39' title="bbox 269 3045 1077 3116; baseline 0 -16"><span class='ocrx_word' id='word_1_300' title='bbox 269 3045 345 3112; x_wconf 88' lang='lat' dir='ltr'><strong>dere,</strong></span> <span class='ocrx_word' id='word_1_301' title='bbox 367 3047 448 3100; x_wconf 85' lang='lat' dir='ltr'><strong>veluti</strong></span> <span class='ocrx_word' id='word_1_302' title='bbox 470 3045 492 3100; x_wconf 87' lang='lat' dir='ltr'><strong>si</strong></span> <span class='ocrx_word' id='word_1_303' title='bbox 515 3051 648 3100; x_wconf 88' lang='lat' dir='ltr'><strong>mortuum</strong></span> <span class='ocrx_word' id='word_1_304' title='bbox 665 3047 700 3100; x_wconf 89' lang='lat' dir='ltr'><strong>sit</strong></span> <span class='ocrx_word' id='word_1_305' title='bbox 717 3049 813 3102; x_wconf 91' lang='lat' dir='ltr'><strong>animal</strong></span> <span class='ocrx_word' id='word_1_306' title='bbox 830 3049 872 3102; x_wconf 83' lang='lat' dir='ltr'><strong>rel</strong></span> <span class='ocrx_word' id='word_1_307' title='bbox 888 3049 940 3102; x_wconf 93' lang='lat' dir='ltr'><strong>alio</strong></span> <span class='ocrx_word' id='word_1_308' title='bbox 959 3047 1077 3116; x_wconf 88' lang='lat' dir='ltr'><strong>quolibet</strong></span> 
     </span>
     <span class='ocr_line' id='line_1_40' title="bbox 268 3115 479 3184; baseline 0 -18"><span class='ocrx_word' id='word_1_309' title='bbox 268 3115 346 3168; x_wconf 89' lang='lat' dir='ltr'><strong>modo</strong></span> <span class='ocrx_word' id='word_1_310' title='bbox 365 3115 479 3184; x_wconf 87' lang='lat' dir='ltr'><strong>perierit.</strong></span> 
     </span>
    </p>

    <p class='ocr_par' dir='ltr' id='par_1_5' title="bbox 641 3187 711 3246">
     <span class='ocr_line' id='line_1_41' title="bbox 641 3187 711 3246; baseline 0 0"><span class='ocrx_word' id='word_1_311' title='bbox 641 3187 711 3246; x_wconf 73' lang='lat'><em>1112.</em></span> 
     </span>
    </p>
   </div>
   <div class='ocr_carea' id='block_1_3' title="bbox 504 3285 832 3338">
    <p class='ocr_par' dir='ltr' id='par_1_6' title="bbox 504 3285 832 3338">
     <span class='ocr_line' id='line_1_42' title="bbox 504 3285 832 3338; baseline 0.006 -2"><span class='ocrx_word' id='word_1_312' title='bbox 504 3287 549 3336; x_wconf 80' lang='lat' dir='ltr'><strong>Da</strong></span> <span class='ocrx_word' id='word_1_313' title='bbox 568 3287 606 3334; x_wconf 91' lang='lat' dir='ltr'><strong>IN</strong></span> <span class='ocrx_word' id='word_1_314' title='bbox 624 3287 698 3336; x_wconf 71' lang='lat' dir='ltr'><strong>REM</strong></span> <span class='ocrx_word' id='word_1_315' title='bbox 715 3285 832 3338; x_wconf 85' lang='lat' dir='ltr'><strong>VERSO.</strong></span> 
     </span>
    </p>
   </div>
   <div class='ocr_carea' id='block_1_4' title="bbox 214 3381 1076 5554">
    <p class='ocr_par' dir='ltr' id='par_1_7' title="bbox 214 3381 1076 5152">
     <span class='ocr_line' id='line_1_43' title="bbox 260 3381 1076 3440; baseline -0.004 0"><span class='ocrx_word' id='word_1_316' title='bbox 260 3425 261 3428; x_wconf 23' lang='grc' dir='ltr'><strong>ι</strong></span> <span class='ocrx_word' id='word_1_317' title='bbox 305 3381 319 3440; x_wconf 89' lang='grc'>1</span> <span class='ocrx_word' id='word_1_318' title='bbox 347 3383 491 3438; x_wconf 59' lang='lat' dir='ltr'><strong>ultimum</strong></span> <span class='ocrx_word' id='word_1_319' title='bbox 510 3385 578 3440; x_wconf 79' lang='lat' dir='ltr'><strong>libro</strong></span> <span class='ocrx_word' id='word_1_320' title='bbox 595 3385 738 3440; x_wconf 81' lang='lat' dir='ltr'><strong>vicensimo</strong></span> <span class='ocrx_word' id='word_1_321' title='bbox 755 3401 826 3438; x_wconf 84' lang='lat' dir='ltr'><strong>nono</strong></span> <span class='ocrx_word' id='word_1_322' title='bbox 844 3385 880 3440; x_wconf 85' lang='lat' dir='ltr'><strong>od</strong></span> <span class='ocrx_word' id='word_1_323' title='bbox 897 3385 1012 3440; x_wconf 80' lang='lat' dir='ltr'><strong>edictum</strong></span> <span class='ocrx_word' id='word_1_324' title='bbox 1048 3385 1076 3438; x_wconf 87' lang='lat' dir='ltr'><strong>Si</strong></span> 
     </span>
     <span class='ocr_line' id='line_1_44' title="bbox 269 3451 1075 3522; baseline 0 -16"><span class='ocrx_word' id='word_1_325' title='bbox 269 3451 297 3506; x_wconf 90' lang='lat' dir='ltr'><strong>bi</strong></span> <span class='ocrx_word' id='word_1_326' title='bbox 320 3451 364 3520; x_wconf 89' lang='lat' dir='ltr'><strong>qui</strong></span> <span class='ocrx_word' id='word_1_327' title='bbox 387 3451 414 3504; x_wconf 89' lang='lat' dir='ltr'><strong>in</strong></span> <span class='ocrx_word' id='word_1_328' title='bbox 437 3457 569 3520; x_wconf 85' lang='lat' dir='ltr'><strong>potestate</strong></span> <span class='ocrx_word' id='word_1_329' title='bbox 592 3453 679 3508; x_wconf 86' lang='lat' dir='ltr'><strong>aliena</strong></span> <span class='ocrx_word' id='word_1_330' title='bbox 701 3459 764 3508; x_wconf 89' lang='lat' dir='ltr'><strong>suut</strong></span> <span class='ocrx_word' id='word_1_331' title='bbox 780 3453 845 3506; x_wconf 89' lang='lat' dir='ltr'><strong>nihil</strong></span> <span class='ocrx_word' id='word_1_332' title='bbox 861 3453 889 3506; x_wconf 89' lang='lat' dir='ltr'><strong>in</strong></span> <span class='ocrx_word' id='word_1_333' title='bbox 905 3453 1009 3522; x_wconf 90' lang='lat' dir='ltr'><strong>peculio</strong></span> <span class='ocrx_word' id='word_1_334' title='bbox 1027 3453 1075 3506; x_wconf 90' lang='lat' dir='ltr'><strong>ha-</strong></span> 
     </span>
     <span class='ocr_line' id='line_1_45' title="bbox 269 3519 1076 3586; baseline 0.002 -14"><span class='ocrx_word' id='word_1_335' title='bbox 269 3519 342 3584; x_wconf 88' lang='lat' dir='ltr'><strong>bent,</strong></span> <span class='ocrx_word' id='word_1_336' title='bbox 359 3519 400 3572; x_wconf 83' lang='grc' dir='ltr'><strong>ιιι</strong></span> <span class='ocrx_word' id='word_1_337' title='bbox 416 3521 547 3586; x_wconf 89' lang='lat' dir='ltr'><strong>babeant,</strong></span> <span class='ocrx_word' id='word_1_338' title='bbox 566 3537 619 3574; x_wconf 90' lang='lat' dir='ltr'><strong>non</strong></span> <span class='ocrx_word' id='word_1_339' title='bbox 636 3521 664 3574; x_wconf 92' lang='lat' dir='ltr'><strong>in</strong></span> <span class='ocrx_word' id='word_1_340' title='bbox 682 3521 792 3574; x_wconf 90' lang='lat' dir='ltr'><strong>solidum</strong></span> <span class='ocrx_word' id='word_1_341' title='bbox 811 3525 913 3586; x_wconf 89' lang='lat' dir='ltr'><strong>tamen,</strong></span> <span class='ocrx_word' id='word_1_342' title='bbox 932 3523 1076 3574; x_wconf 81' lang='grc' dir='ltr'><strong>ιιιιιιιι3</strong></span> 
     </span>
     <span class='ocr_line' id='line_1_46' title="bbox 270 3587 1075 3658; baseline 0.002 -18"><span class='ocrx_word' id='word_1_343' title='bbox 270 3587 314 3656; x_wconf 92' lang='lat' dir='ltr'><strong>qui</strong></span> <span class='ocrx_word' id='word_1_344' title='bbox 332 3601 375 3640; x_wconf 89' lang='lat' dir='ltr'><strong>eos</strong></span> <span class='ocrx_word' id='word_1_345' title='bbox 394 3587 494 3642; x_wconf 89' lang='lat' dir='ltr'><strong>habent</strong></span> <span class='ocrx_word' id='word_1_346' title='bbox 510 3589 537 3642; x_wconf 89' lang='lat' dir='ltr'><strong>in</strong></span> <span class='ocrx_word' id='word_1_347' title='bbox 555 3593 703 3658; x_wconf 88' lang='lat' dir='ltr'><strong>potestate,</strong></span> <span class='ocrx_word' id='word_1_348' title='bbox 726 3589 750 3644; x_wconf 90' lang='lat' dir='ltr'><strong>si</strong></span> <span class='ocrx_word' id='word_1_349' title='bbox 772 3589 800 3642; x_wconf 90' lang='lat' dir='ltr'><strong>in</strong></span> <span class='ocrx_word' id='word_1_350' title='bbox 823 3605 878 3644; x_wconf 90' lang='lat' dir='ltr'><strong>rem</strong></span> <span class='ocrx_word' id='word_1_351' title='bbox 896 3605 986 3644; x_wconf 88' lang='lat' dir='ltr'><strong>eorum</strong></span> <span class='ocrx_word' id='word_1_352' title='bbox 1004 3589 1075 3658; x_wconf 92' lang='lat' dir='ltr'><strong>quod</strong></span> 
     </span>
     <span class='ocr_line' id='line_1_47' title="bbox 269 3657 1075 3726; baseline 0.002 -18"><span class='ocrx_word' id='word_1_353' title='bbox 269 3661 408 3724; x_wconf 88' lang='lat' dir='ltr'><strong>acceptum</strong></span> <span class='ocrx_word' id='word_1_354' title='bbox 426 3661 466 3710; x_wconf 90' lang='lat' dir='ltr'><strong>est</strong></span> <span class='ocrx_word' id='word_1_355' title='bbox 484 3673 639 3712; x_wconf 82' lang='lat' dir='ltr'><strong>conversum</strong></span> <span class='ocrx_word' id='word_1_356' title='bbox 656 3657 705 3722; x_wconf 89' lang='lat' dir='ltr'><strong>sit,</strong></span> <span class='ocrx_word' id='word_1_357' title='bbox 728 3657 804 3726; x_wconf 89' lang='lat' dir='ltr'><strong>quasi</strong></span> <span class='ocrx_word' id='word_1_358' title='bbox 828 3673 888 3712; x_wconf 90' lang='lat' dir='ltr'><strong>cnm</strong></span> <span class='ocrx_word' id='word_1_359' title='bbox 903 3657 968 3724; x_wconf 89' lang='lat' dir='ltr'><strong>ipsis</strong></span> <span class='ocrx_word' id='word_1_360' title='bbox 986 3657 1075 3724; x_wconf 89' lang='lat' dir='ltr'><strong>potius</strong></span> 
     </span>
     <span class='ocr_line' id='line_1_48' title="bbox 272 3723 1074 3780; baseline 0.002 -4"><span class='ocrx_word' id='word_1_361' title='bbox 272 3729 283 3776; x_wconf 86' lang='lat'>1</span> <span class='ocrx_word' id='word_1_362' title='bbox 320 3729 486 3778; x_wconf 87' lang='lat' dir='ltr'><strong>contractum</strong></span> <span class='ocrx_word' id='word_1_363' title='bbox 509 3723 637 3778; x_wconf 88' lang='lat' dir='ltr'><strong>rideatur.</strong></span> <span class='ocrx_word' id='word_1_364' title='bbox 672 3723 729 3778; x_wconf 85' lang='lat' dir='ltr'><strong>Nec</strong></span> <span class='ocrx_word' id='word_1_365' title='bbox 753 3725 856 3780; x_wconf 86' lang='lat' dir='ltr'><strong>videtur</strong></span> <span class='ocrx_word' id='word_1_366' title='bbox 879 3725 979 3778; x_wconf 84' lang='lat' dir='ltr'><strong>frustra</strong></span> <span class='ocrx_word' id='word_1_367' title='bbox 997 3725 1074 3780; x_wconf 89' lang='lat' dir='ltr'><strong>dein</strong></span> 
     </span>
     <span class='ocr_line' id='line_1_49' title="bbox 269 3791 1074 3862; baseline 0 -18"><span class='ocrx_word' id='word_1_368' title='bbox 269 3807 324 3844; x_wconf 89' lang='lat' dir='ltr'><strong>rem</strong></span> <span class='ocrx_word' id='word_1_369' title='bbox 341 3807 415 3846; x_wconf 88' lang='lat' dir='ltr'><strong>verso</strong></span> <span class='ocrx_word' id='word_1_370' title='bbox 434 3791 664 3860; x_wconf 65' lang='lat' dir='ltr'><strong>compromissa,</strong></span> <span class='ocrx_word' id='word_1_371' title='bbox 689 3793 765 3862; x_wconf 91' lang='lat' dir='ltr'><strong>quasi</strong></span> <span class='ocrx_word' id='word_1_372' title='bbox 787 3793 921 3848; x_wconf 86' lang='lat' dir='ltr'><strong>sufficeret</strong></span> <span class='ocrx_word' id='word_1_373' title='bbox 945 3793 977 3846; x_wconf 92' lang='lat' dir='ltr'><strong>de</strong></span> <span class='ocrx_word' id='word_1_374' title='bbox 994 3807 1074 3860; x_wconf 91' lang='lat' dir='ltr'><strong>pecu-</strong></span> 
     </span>
     <span class='ocr_line' id='line_1_50' title="bbox 263 3859 1075 3928; baseline 0.005 -20"><span class='ocrx_word' id='word_1_375' title='bbox 263 3859 318 3914; x_wconf 89' lang='lat' dir='ltr'><strong>lio:</strong></span> <span class='ocrx_word' id='word_1_376' title='bbox 338 3859 483 3914; x_wconf 88' lang='lat' dir='ltr'><strong>rectissime</strong></span> <span class='ocrx_word' id='word_1_377' title='bbox 501 3859 569 3914; x_wconf 87' lang='lat' dir='ltr'><strong>enim</strong></span> <span class='ocrx_word' id='word_1_378' title='bbox 585 3859 678 3916; x_wconf 87' lang='lat' dir='ltr'><strong>Labeo</strong></span> <span class='ocrx_word' id='word_1_379' title='bbox 698 3859 760 3916; x_wconf 89' lang='lat' dir='ltr'><strong>dicit</strong></span> <span class='ocrx_word' id='word_1_380' title='bbox 776 3859 835 3914; x_wconf 85' lang='lat' dir='ltr'><strong>fieri</strong></span> <span class='ocrx_word' id='word_1_381' title='bbox 851 3877 938 3928; x_wconf 88' lang='lat' dir='ltr'><strong>posse,</strong></span> <span class='ocrx_word' id='word_1_382' title='bbox 956 3865 987 3914; x_wconf 93' lang='lat' dir='ltr'><strong>ut</strong></span> <span class='ocrx_word' id='word_1_383' title='bbox 1005 3865 1031 3914; x_wconf 88' lang='lat' dir='ltr'><strong>et</strong></span> <span class='ocrx_word' id='word_1_384' title='bbox 1048 3861 1075 3912; x_wconf 88' lang='lat' dir='ltr'><strong>in</strong></span> 
     </span>
     <span class='ocr_line' id='line_1_51' title="bbox 214 3927 1074 3998; baseline 0 -16"><span class='ocrx_word' id='word_1_385' title='bbox 214 3937 215 3940; x_wconf 75' lang='grc'>’</span> <span class='ocrx_word' id='word_1_386' title='bbox 268 3943 324 3982; x_wconf 82' lang='grc' dir='ltr'><strong>ιιι</strong></span> <span class='ocrx_word' id='word_1_387' title='bbox 335 3943 445 3982; x_wconf 70' lang='lat' dir='ltr'><strong>versum</strong></span> <span class='ocrx_word' id='word_1_388' title='bbox 462 3927 496 3982; x_wconf 90' lang='lat' dir='ltr'><strong>sit</strong></span> <span class='ocrx_word' id='word_1_389' title='bbox 515 3931 540 3982; x_wconf 89' lang='lat' dir='ltr'><strong>et</strong></span> <span class='ocrx_word' id='word_1_390' title='bbox 558 3933 644 3982; x_wconf 89' lang='lat' dir='ltr'><strong>cesset</strong></span> <span class='ocrx_word' id='word_1_391' title='bbox 657 3927 690 3982; x_wconf 89' lang='lat' dir='ltr'><strong>de</strong></span> <span class='ocrx_word' id='word_1_392' title='bbox 706 3929 810 3998; x_wconf 86' lang='lat' dir='ltr'><strong>peculio</strong></span> <span class='ocrx_word' id='word_1_393' title='bbox 825 3929 903 3982; x_wconf 91' lang='lat' dir='ltr'><strong>actio.</strong></span> <span class='ocrx_word' id='word_1_394' title='bbox 931 3927 994 3998; x_wconf 91' lang='lat' dir='ltr'><strong>quid</strong></span> <span class='ocrx_word' id='word_1_395' title='bbox 1006 3929 1074 3982; x_wconf 91' lang='lat' dir='ltr'><strong>enim</strong></span> 
     </span>
     <span class='ocr_line' id='line_1_52' title="bbox 269 3995 1074 4066; baseline -0.001 -16"><span class='ocrx_word' id='word_1_396' title='bbox 269 3997 292 4050; x_wconf 90' lang='lat' dir='ltr'><strong>si</strong></span> <span class='ocrx_word' id='word_1_397' title='bbox 314 3997 435 4052; x_wconf 90' lang='lat' dir='ltr'><strong>dominus</strong></span> <span class='ocrx_word' id='word_1_398' title='bbox 458 3995 590 4064; x_wconf 88' lang='lat' dir='ltr'><strong>peculium</strong></span> <span class='ocrx_word' id='word_1_399' title='bbox 613 3997 710 4050; x_wconf 88' lang='lat' dir='ltr'><strong>ademit</strong></span> <span class='ocrx_word' id='word_1_400' title='bbox 728 3997 783 4050; x_wconf 89' lang='lat' dir='ltr'><strong>sine</strong></span> <span class='ocrx_word' id='word_1_401' title='bbox 801 3995 861 4050; x_wconf 92' lang='lat' dir='ltr'><strong>dolo</strong></span> <span class='ocrx_word' id='word_1_402' title='bbox 879 3997 968 4050; x_wconf 85' lang='lat' dir='ltr'><strong>malo?</strong></span> <span class='ocrx_word' id='word_1_403' title='bbox 994 3997 1074 4066; x_wconf 83' lang='lat' dir='ltr'><strong>quid⁴</strong></span> 
     </span>
     <span class='ocr_line' id='line_1_53' title="bbox 269 4063 1074 4132; baseline -0.002 -14"><span class='ocrx_word' id='word_1_404' title='bbox 269 4063 292 4118; x_wconf 91' lang='lat' dir='ltr'><strong>si</strong></span> <span class='ocrx_word' id='word_1_405' title='bbox 309 4069 393 4118; x_wconf 87' lang='lat' dir='ltr'><strong>morte</strong></span> <span class='ocrx_word' id='word_1_406' title='bbox 410 4063 477 4120; x_wconf 81' lang='lat' dir='ltr'><strong>servi</strong></span> <span class='ocrx_word' id='word_1_407' title='bbox 495 4063 653 4118; x_wconf 78' lang='lat' dir='ltr'><strong>exstinctum</strong></span> <span class='ocrx_word' id='word_1_408' title='bbox 670 4071 711 4118; x_wconf 90' lang='lat' dir='ltr'><strong>est</strong></span> <span class='ocrx_word' id='word_1_409' title='bbox 727 4063 860 4132; x_wconf 87' lang='lat' dir='ltr'><strong>peculium</strong></span> <span class='ocrx_word' id='word_1_410' title='bbox 877 4071 903 4118; x_wconf 91' lang='lat' dir='ltr'><strong>et</strong></span> <span class='ocrx_word' id='word_1_411' title='bbox 921 4081 1005 4118; x_wconf 88' lang='lat' dir='ltr'><strong>annus</strong></span> <span class='ocrx_word' id='word_1_412' title='bbox 1022 4063 1074 4116; x_wconf 90' lang='lat' dir='ltr'><strong>uti-</strong></span> 
     </span>
     <span class='ocr_line' id='line_1_54' title="bbox 269 4131 1074 4202; baseline 0 -16"><span class='ocrx_word' id='word_1_413' title='bbox 269 4133 301 4186; x_wconf 90' lang='lat' dir='ltr'><strong>lis</strong></span> <span class='ocrx_word' id='word_1_414' title='bbox 324 4131 478 4202; x_wconf 82' lang='lat' dir='ltr'><strong>praeteriit?</strong></span> <span class='ocrx_word' id='word_1_415' title='bbox 503 4131 580 4186; x_wconf 87' lang='lat' dir='ltr'><strong>dein</strong></span> <span class='ocrx_word' id='word_1_416' title='bbox 596 4147 652 4186; x_wconf 90' lang='lat' dir='ltr'><strong>rem</strong></span> <span class='ocrx_word' id='word_1_417' title='bbox 669 4147 744 4186; x_wconf 87' lang='lat' dir='ltr'><strong>verso</strong></span> <span class='ocrx_word' id='word_1_418' title='bbox 762 4147 875 4200; x_wconf 86' lang='lat' dir='ltr'><strong>nemque</strong></span> <span class='ocrx_word' id='word_1_419' title='bbox 892 4133 961 4186; x_wconf 89' lang='lat' dir='ltr'><strong>actio</strong></span> <span class='ocrx_word' id='word_1_420' title='bbox 980 4147 1074 4202; x_wconf 89' lang='lat' dir='ltr'><strong>perpe-</strong></span> 
     </span>
     <span class='ocr_line' id='line_1_55' title="bbox 268 4199 1074 4264; baseline 0.002 -12"><span class='ocrx_word' id='word_1_421' title='bbox 268 4205 316 4254; x_wconf 91' lang='lat' dir='ltr'><strong>tua</strong></span> <span class='ocrx_word' id='word_1_422' title='bbox 335 4205 374 4254; x_wconf 89' lang='lat' dir='ltr'><strong>est</strong></span> <span class='ocrx_word' id='word_1_423' title='bbox 392 4207 418 4254; x_wconf 89' lang='lat' dir='ltr'><strong>ct</strong></span> <span class='ocrx_word' id='word_1_424' title='bbox 434 4201 521 4254; x_wconf 89' lang='lat' dir='ltr'><strong>locum</strong></span> <span class='ocrx_word' id='word_1_425' title='bbox 537 4201 632 4264; x_wconf 89' lang='lat' dir='ltr'><strong>habet,</strong></span> <span class='ocrx_word' id='word_1_426' title='bbox 656 4201 710 4256; x_wconf 87' lang='lat' dir='ltr'><strong>sive</strong></span> <span class='ocrx_word' id='word_1_427' title='bbox 732 4199 831 4252; x_wconf 88' lang='lat' dir='ltr'><strong>ademit</strong></span> <span class='ocrx_word' id='word_1_428' title='bbox 853 4201 909 4256; x_wconf 89' lang='lat' dir='ltr'><strong>sine</strong></span> <span class='ocrx_word' id='word_1_429' title='bbox 927 4201 986 4254; x_wconf 90' lang='lat' dir='ltr'><strong>dolo</strong></span> <span class='ocrx_word' id='word_1_430' title='bbox 1004 4199 1074 4254; x_wconf 90' lang='lat' dir='ltr'><strong>malo</strong></span> 
     </span>
     <span class='ocr_line' id='line_1_56' title="bbox 269 4267 1075 4338; baseline -0.001 -16"><span class='ocrx_word' id='word_1_431' title='bbox 269 4273 285 4322; x_wconf 82' lang='lat'>2</span> <span class='ocrx_word' id='word_1_432' title='bbox 320 4269 373 4322; x_wconf 83' lang='lat' dir='ltr'><strong>siue</strong></span> <span class='ocrx_word' id='word_1_433' title='bbox 399 4267 468 4324; x_wconf 90' lang='lat' dir='ltr'><strong>actio</strong></span> <span class='ocrx_word' id='word_1_434' title='bbox 495 4267 528 4324; x_wconf 92' lang='lat' dir='ltr'><strong>de</strong></span> <span class='ocrx_word' id='word_1_435' title='bbox 552 4269 657 4338; x_wconf 89' lang='lat' dir='ltr'><strong>peculio</strong></span> <span class='ocrx_word' id='word_1_436' title='bbox 683 4285 753 4322; x_wconf 89' lang='lat' dir='ltr'><strong>anno</strong></span> <span class='ocrx_word' id='word_1_437' title='bbox 779 4267 855 4322; x_wconf 87' lang='lat' dir='ltr'><strong>linita</strong></span> <span class='ocrx_word' id='word_1_438' title='bbox 880 4273 927 4322; x_wconf 85' lang='lat' dir='ltr'><strong>est</strong></span> <span class='ocrx_word' id='word_1_439' title='bbox 962 4269 1028 4324; x_wconf 82' lang='lat' dir='ltr'><strong>item</strong></span> <span class='ocrx_word' id='word_1_440' title='bbox 1052 4269 1075 4322; x_wconf 94' lang='lat' dir='ltr'><strong>si</strong></span> 
     </span>
     <span class='ocr_line' id='line_1_57' title="bbox 269 4335 1073 4408; baseline 0 -18"><span class='ocrx_word' id='word_1_441' title='bbox 269 4337 357 4408; x_wconf 89' lang='lat' dir='ltr'><strong>plures</strong></span> <span class='ocrx_word' id='word_1_442' title='bbox 375 4341 456 4406; x_wconf 81' lang='lat' dir='ltr'><strong>agant</strong></span> <span class='ocrx_word' id='word_1_443' title='bbox 473 4335 506 4390; x_wconf 89' lang='lat' dir='ltr'><strong>dc</strong></span> <span class='ocrx_word' id='word_1_444' title='bbox 521 4339 640 4406; x_wconf 87' lang='lat' dir='ltr'><strong>peculio,</strong></span> <span class='ocrx_word' id='word_1_445' title='bbox 658 4335 787 4406; x_wconf 88' lang='lat' dir='ltr'><strong>proficere</strong></span> <span class='ocrx_word' id='word_1_446' title='bbox 803 4337 855 4390; x_wconf 90' lang='lat' dir='ltr'><strong>hoc</strong></span> <span class='ocrx_word' id='word_1_447' title='bbox 873 4337 910 4402; x_wconf 90' lang='lat' dir='ltr'><strong>ei,</strong></span> <span class='ocrx_word' id='word_1_448' title='bbox 935 4337 1009 4390; x_wconf 88' lang='lat' dir='ltr'><strong>cuius</strong></span> <span class='ocrx_word' id='word_1_449' title='bbox 1027 4351 1073 4406; x_wconf 86' lang='lat' dir='ltr'><strong>pe·</strong></span> 
     </span>
     <span class='ocr_line' id='line_1_58' title="bbox 270 4405 1073 4472; baseline -0.002 -12"><span class='ocrx_word' id='word_1_450' title='bbox 270 4405 348 4460; x_wconf 88' lang='lat' dir='ltr'><strong>cunia</strong></span> <span class='ocrx_word' id='word_1_451' title='bbox 364 4405 393 4458; x_wconf 90' lang='lat' dir='ltr'><strong>in</strong></span> <span class='ocrx_word' id='word_1_452' title='bbox 410 4421 465 4460; x_wconf 90' lang='lat' dir='ltr'><strong>rem</strong></span> <span class='ocrx_word' id='word_1_453' title='bbox 479 4421 556 4460; x_wconf 83' lang='lat' dir='ltr'><strong>versa</strong></span> <span class='ocrx_word' id='word_1_454' title='bbox 574 4411 621 4470; x_wconf 86' lang='lat' dir='ltr'><strong>est,</strong></span> <span class='ocrx_word' id='word_1_455' title='bbox 641 4405 725 4470; x_wconf 86' lang='lat' dir='ltr'><strong>debet,</strong></span> <span class='ocrx_word' id='word_1_456' title='bbox 743 4411 774 4458; x_wconf 93' lang='lat' dir='ltr'><strong>ut</strong></span> <span class='ocrx_word' id='word_1_457' title='bbox 789 4405 846 4472; x_wconf 88' lang='lat' dir='ltr'><strong>ipse</strong></span> <span class='ocrx_word' id='word_1_458' title='bbox 864 4405 1010 4460; x_wconf 89' lang='lat' dir='ltr'><strong>uberiorem</strong></span> <span class='ocrx_word' id='word_1_459' title='bbox 1028 4421 1073 4458; x_wconf 91' lang='lat' dir='ltr'><strong>ac-</strong></span> 
     </span>
     <span class='ocr_line' id='line_1_59' title="bbox 269 4473 1073 4542; baseline 0 -16"><span class='ocrx_word' id='word_1_460' title='bbox 269 4473 367 4528; x_wconf 89' lang='lat' dir='ltr'><strong>tionem</strong></span> <span class='ocrx_word' id='word_1_461' title='bbox 390 4473 496 4528; x_wconf 87' lang='lat' dir='ltr'><strong>habeat.</strong></span> <span class='ocrx_word' id='word_1_462' title='bbox 524 4477 613 4528; x_wconf 76' lang='lat' dir='ltr'><strong>certe⁵</strong></span> <span class='ocrx_word' id='word_1_463' title='bbox 630 4473 653 4528; x_wconf 92' lang='lat' dir='ltr'><strong>si</strong></span> <span class='ocrx_word' id='word_1_464' title='bbox 676 4477 847 4540; x_wconf 79' lang='lat' dir='ltr'><strong>praeventum</strong></span> <span class='ocrx_word' id='word_1_465' title='bbox 871 4473 905 4526; x_wconf 89' lang='lat' dir='ltr'><strong>sit</strong></span> <span class='ocrx_word' id='word_1_466' title='bbox 928 4473 961 4526; x_wconf 91' lang='lat' dir='ltr'><strong>ab</strong></span> <span class='ocrx_word' id='word_1_467' title='bbox 986 4473 1073 4542; x_wconf 85' lang='lat' dir='ltr'><strong>aliquo</strong></span> 
     </span>
     <span class='ocr_line' id='line_1_60' title="bbox 269 4539 1073 4608; baseline -0.001 -14"><span class='ocrx_word' id='word_1_468' title='bbox 269 4549 297 4594; x_wconf 88' lang='lat' dir='ltr'><strong>ct</strong></span> <span class='ocrx_word' id='word_1_469' title='bbox 313 4547 402 4596; x_wconf 90' lang='lat' dir='ltr'><strong>actum</strong></span> <span class='ocrx_word' id='word_1_470' title='bbox 420 4539 453 4594; x_wconf 88' lang='lat' dir='ltr'><strong>de</strong></span> <span class='ocrx_word' id='word_1_471' title='bbox 466 4541 577 4608; x_wconf 76' lang='lat' dir='ltr'><strong>pecudio,</strong></span> <span class='ocrx_word' id='word_1_472' title='bbox 596 4541 669 4594; x_wconf 89' lang='lat' dir='ltr'><strong>dein</strong></span> <span class='ocrx_word' id='word_1_473' title='bbox 684 4555 828 4594; x_wconf 82' lang='lat' dir='ltr'><strong>remrerso</strong></span> <span class='ocrx_word' id='word_1_474' title='bbox 843 4539 913 4594; x_wconf 88' lang='lat' dir='ltr'><strong>actio</strong></span> <span class='ocrx_word' id='word_1_475' title='bbox 929 4555 963 4594; x_wconf 91' lang='lat' dir='ltr'><strong>an</strong></span> <span class='ocrx_word' id='word_1_476' title='bbox 980 4545 1073 4604; x_wconf 86' lang='lat' dir='ltr'><strong>cesset,</strong></span> 
     </span>
     <span class='ocr_line' id='line_1_61' title="bbox 269 4607 1074 4690; baseline -0.005 -24"><span class='ocrx_word' id='word_1_477' title='bbox 269 4609 417 4666; x_wconf 84' lang='lat' dir='ltr'><strong>videndum.</strong></span> <span class='ocrx_word' id='word_1_478' title='bbox 446 4615 471 4662; x_wconf 91' lang='lat' dir='ltr'><strong>et</strong></span> <span class='ocrx_word' id='word_1_479' title='bbox 493 4609 575 4664; x_wconf 83' lang='lat' dir='ltr'><strong>refert</strong></span> <span class='ocrx_word' id='word_1_480' title='bbox 590 4609 753 4690; x_wconf 88' lang='lat' dir='ltr'><strong>Pomponius</strong></span> <span class='ocrx_word' id='word_1_481' title='bbox 770 4609 901 4662; x_wconf 90' lang='lat' dir='ltr'><strong>Iulianum</strong></span> <span class='ocrx_word' id='word_1_482' title='bbox 926 4607 1074 4662; x_wconf 88' lang='lat' dir='ltr'><strong>existimare</strong></span> 
     </span>
     <span class='ocr_line' id='line_1_62' title="bbox 269 4677 1074 4746; baseline -0.002 -14"><span class='ocrx_word' id='word_1_483' title='bbox 269 4677 303 4732; x_wconf 90' lang='lat' dir='ltr'><strong>de</strong></span> <span class='ocrx_word' id='word_1_484' title='bbox 326 4679 428 4746; x_wconf 79' lang='lat' dir='ltr'><strong>pecrdio</strong></span> <span class='ocrx_word' id='word_1_485' title='bbox 446 4677 550 4732; x_wconf 88' lang='lat' dir='ltr'><strong>actione</strong></span> <span class='ocrx_word' id='word_1_486' title='bbox 567 4693 665 4746; x_wconf 85' lang='lat' dir='ltr'><strong>perenn</strong></span> <span class='ocrx_word' id='word_1_487' title='bbox 683 4677 715 4732; x_wconf 92' lang='lat' dir='ltr'><strong>de</strong></span> <span class='ocrx_word' id='word_1_488' title='bbox 731 4677 760 4730; x_wconf 88' lang='lat' dir='ltr'><strong>in</strong></span> <span class='ocrx_word' id='word_1_489' title='bbox 776 4693 832 4730; x_wconf 91' lang='lat' dir='ltr'><strong>rem</strong></span> <span class='ocrx_word' id='word_1_490' title='bbox 848 4693 924 4732; x_wconf 84' lang='lat' dir='ltr'><strong>verso</strong></span> <span class='ocrx_word' id='word_1_491' title='bbox 941 4677 1074 4732; x_wconf 89' lang='lat' dir='ltr'><strong>actionem</strong></span> 
     </span>
     <span class='ocr_line' id='line_1_63' title="bbox 270 4743 1074 4816; baseline 0 -18"><span class='ocrx_word' id='word_1_492' title='bbox 270 4747 342 4816; x_wconf 79' lang='lat' dir='ltr'><strong>(quia</strong></span> <span class='ocrx_word' id='word_1_493' title='bbox 359 4747 386 4798; x_wconf 87' lang='lat' dir='ltr'><strong>in</strong></span> <span class='ocrx_word' id='word_1_494' title='bbox 403 4745 534 4814; x_wconf 90' lang='lat' dir='ltr'><strong>peculium</strong></span> <span class='ocrx_word' id='word_1_495' title='bbox 552 4761 707 4800; x_wconf 85' lang='lat' dir='ltr'><strong>conversum</strong></span> <span class='ocrx_word' id='word_1_496' title='bbox 725 4749 765 4798; x_wconf 91' lang='lat' dir='ltr'><strong>est</strong></span> <span class='ocrx_word' id='word_1_497' title='bbox 779 4743 851 4814; x_wconf 91' lang='lat' dir='ltr'><strong>quod</strong></span> <span class='ocrx_word' id='word_1_498' title='bbox 863 4745 891 4798; x_wconf 90' lang='lat' dir='ltr'><strong>in</strong></span> <span class='ocrx_word' id='word_1_499' title='bbox 905 4745 1004 4798; x_wconf 89' lang='lat' dir='ltr'><strong>domini</strong></span> <span class='ocrx_word' id='word_1_500' title='bbox 1018 4761 1074 4798; x_wconf 89' lang='lat' dir='ltr'><strong>rem</strong></span> 
     </span>
     <span class='ocr_line' id='line_1_64' title="bbox 269 4813 1074 4882; baseline -0.005 -14"><span class='ocrx_word' id='word_1_501' title='bbox 269 4819 327 4868; x_wconf 91' lang='lat' dir='ltr'><strong>erat</strong></span> <span class='ocrx_word' id='word_1_502' title='bbox 345 4829 448 4868; x_wconf 81' lang='lat' dir='ltr'><strong>uersum</strong></span> <span class='ocrx_word' id='word_1_503' title='bbox 467 4819 492 4866; x_wconf 91' lang='lat' dir='ltr'><strong>et</strong></span> <span class='ocrx_word' id='word_1_504' title='bbox 524 4829 553 4866; x_wconf 89' lang='lat' dir='ltr'><strong>ro</strong></span> <span class='ocrx_word' id='word_1_505' title='bbox 569 4829 643 4868; x_wconf 88' lang='lat' dir='ltr'><strong>servo</strong></span> <span class='ocrx_word' id='word_1_506' title='bbox 658 4813 774 4868; x_wconf 88' lang='lat' dir='ltr'><strong>solutum</strong></span> <span class='ocrx_word' id='word_1_507' title='bbox 788 4817 837 4878; x_wconf 88' lang='lat' dir='ltr'><strong>est,</strong></span> <span class='ocrx_word' id='word_1_508' title='bbox 854 4813 1074 4882; x_wconf 89' lang='lat' dir='ltr'><strong>quemadmodum</strong></span> 
     </span>
     <span class='ocr_line' id='line_1_65' title="bbox 269 4831 1073 4950; baseline -0.004 -13"><span class='ocrx_word' id='word_1_509' title='bbox 269 4883 292 4936; x_wconf 85' lang='lat' dir='ltr'><strong>si</strong></span> <span class='ocrx_word' id='word_1_510' title='bbox 308 4881 360 4950; x_wconf 92' lang='lat' dir='ltr'><strong>ipsi</strong></span> <span class='ocrx_word' id='word_1_511' title='bbox 377 4897 450 4936; x_wconf 80' lang='lat' dir='ltr'><strong>servo</strong></span> <span class='ocrx_word' id='word_1_512' title='bbox 469 4897 485 4934; x_wconf 90' lang='lat' dir='ltr'><strong>a</strong></span> <span class='ocrx_word' id='word_1_513' title='bbox 502 4831 607 4934; x_wconf 57' lang='lat' dir='ltr'><strong>iomino</strong></span> <span class='ocrx_word' id='word_1_514' title='bbox 625 4879 720 4934; x_wconf 87' lang='lat' dir='ltr'><strong>fuisset</strong></span> <span class='ocrx_word' id='word_1_515' title='bbox 737 4881 879 4946; x_wconf 73' lang='lat' dir='ltr'><strong>solutum),</strong></span> <span class='ocrx_word' id='word_1_516' title='bbox 902 4879 950 4934; x_wconf 89' lang='lat' dir='ltr'><strong>sed</strong></span> <span class='ocrx_word' id='word_1_517' title='bbox 971 4881 1010 4934; x_wconf 89' lang='lat' dir='ltr'><strong>ita</strong></span> <span class='ocrx_word' id='word_1_518' title='bbox 1028 4879 1073 4934; x_wconf 89' lang='lat' dir='ltr'><strong>de-</strong></span> 
     </span>
     <span class='ocr_line' id='line_1_66' title="bbox 269 4947 1073 5018; baseline 0 -16"><span class='ocrx_word' id='word_1_519' title='bbox 269 4967 354 5014; x_wconf 90' lang='lat' dir='ltr'><strong>mum,</strong></span> <span class='ocrx_word' id='word_1_520' title='bbox 377 4951 400 5004; x_wconf 89' lang='lat' dir='ltr'><strong>si</strong></span> <span class='ocrx_word' id='word_1_521' title='bbox 422 4949 585 5018; x_wconf 90' lang='lat' dir='ltr'><strong>praestiterit</strong></span> <span class='ocrx_word' id='word_1_522' title='bbox 605 4963 639 5002; x_wconf 85' lang='lat' dir='ltr'><strong>ex</strong></span> <span class='ocrx_word' id='word_1_523' title='bbox 661 4949 765 5002; x_wconf 86' lang='grc' dir='ltr'>ιιιιοιι</span> <span class='ocrx_word' id='word_1_524' title='bbox 782 4949 816 5002; x_wconf 94' lang='lat' dir='ltr'><strong>de</strong></span> <span class='ocrx_word' id='word_1_525' title='bbox 831 4947 935 5016; x_wconf 88' lang='lat' dir='ltr'><strong>peculio</strong></span> <span class='ocrx_word' id='word_1_526' title='bbox 953 4947 1073 5002; x_wconf 89' lang='lat' dir='ltr'><strong>dominus</strong></span> 
     </span>
     <span class='ocr_line' id='line_1_67' title="bbox 264 5017 1074 5086; baseline 0 -16"><span class='ocrx_word' id='word_1_527' title='bbox 264 5017 341 5086; x_wconf 89' lang='lat' dir='ltr'><strong>quod</strong></span> <span class='ocrx_word' id='word_1_528' title='bbox 363 5031 453 5072; x_wconf 87' lang='lat' dir='ltr'><strong>servus</strong></span> <span class='ocrx_word' id='word_1_529' title='bbox 475 5017 502 5070; x_wconf 90' lang='grc' dir='ltr'><strong>ιι</strong></span> <span class='ocrx_word' id='word_1_530' title='bbox 525 5031 580 5068; x_wconf 80' lang='grc' dir='ltr'><strong>ιιι</strong></span> <span class='ocrx_word' id='word_1_531' title='bbox 602 5017 659 5068; x_wconf 86' lang='lat' dir='ltr'><strong>cius</strong></span> <span class='ocrx_word' id='word_1_532' title='bbox 681 5021 809 5070; x_wconf 83' lang='lat' dir='ltr'><strong>verterat:</strong></span> <span class='ocrx_word' id='word_1_533' title='bbox 836 5023 951 5070; x_wconf 90' lang='lat' dir='ltr'><strong>ceterum</strong></span> <span class='ocrx_word' id='word_1_534' title='bbox 974 5017 997 5070; x_wconf 90' lang='lat' dir='ltr'><strong>si</strong></span> <span class='ocrx_word' id='word_1_535' title='bbox 1019 5033 1074 5070; x_wconf 91' lang='lat' dir='ltr'><strong>uon</strong></span> 
     </span>
     <span class='ocr_line' id='line_1_68' title="bbox 269 5083 898 5152; baseline 0.002 -18"><span class='ocrx_word' id='word_1_536' title='bbox 269 5085 438 5152; x_wconf 87' lang='lat' dir='ltr'><strong>praestiterit,</strong></span> <span class='ocrx_word' id='word_1_537' title='bbox 456 5089 544 5138; x_wconf 88' lang='lat' dir='ltr'><strong>manet</strong></span> <span class='ocrx_word' id='word_1_538' title='bbox 561 5083 631 5138; x_wconf 90' lang='lat' dir='ltr'><strong>actio</strong></span> <span class='ocrx_word' id='word_1_539' title='bbox 650 5083 682 5134; x_wconf 92' lang='lat' dir='ltr'><strong>de</strong></span> <span class='ocrx_word' id='word_1_540' title='bbox 698 5083 726 5136; x_wconf 90' lang='lat' dir='ltr'><strong>in</strong></span> <span class='ocrx_word' id='word_1_541' title='bbox 743 5099 798 5136; x_wconf 89' lang='lat' dir='ltr'><strong>rem</strong></span> <span class='ocrx_word' id='word_1_542' title='bbox 815 5099 898 5138; x_wconf 84' lang='lat' dir='ltr'><strong>verso.</strong></span> 
     </span>
    </p>

    <p class='ocr_par' dir='ltr' id='par_1_8' title="bbox 269 5149 1073 5420">
     <span class='ocr_line' id='line_1_69' title="bbox 305 5149 1073 5218; baseline -0.003 -12"><span class='ocrx_word' id='word_1_543' title='bbox 305 5149 323 5206; x_wconf 83' lang='lat'><strong>2</strong></span> <span class='ocrx_word' id='word_1_544' title='bbox 341 5151 506 5206; x_wconf 67' lang='lat' dir='ltr'><strong>devoturus</strong></span> <span class='ocrx_word' id='word_1_545' title='bbox 518 5149 583 5204; x_wconf 78' lang='lat' dir='ltr'><strong>libro</strong></span> <span class='ocrx_word' id='word_1_546' title='bbox 599 5149 755 5204; x_wconf 81' lang='lat' dir='ltr'><strong>duodecimo</strong></span> <span class='ocrx_word' id='word_1_547' title='bbox 770 5167 807 5206; x_wconf 80' lang='lat' dir='ltr'><strong>oce</strong></span> <span class='ocrx_word' id='word_1_548' title='bbox 818 5151 906 5206; x_wconf 71' lang='lat' dir='ltr'><strong>Coruo</strong></span> <span class='ocrx_word' id='word_1_549' title='bbox 934 5149 984 5218; x_wconf 79' lang='lat' dir='ltr'><strong>Qui</strong></span> <span class='ocrx_word' id='word_1_550' title='bbox 998 5167 1073 5204; x_wconf 89' lang='lat' dir='ltr'><strong>uum-</strong></span> 
     </span>
     <span class='ocr_line' id='line_1_70' title="bbox 269 5217 1072 5286; baseline 0.001 -16"><span class='ocrx_word' id='word_1_551' title='bbox 269 5217 318 5270; x_wconf 90' lang='lat' dir='ltr'><strong>mis</strong></span> <span class='ocrx_word' id='word_1_552' title='bbox 337 5217 470 5286; x_wconf 73' lang='grc' dir='ltr'><strong>ιιιιιιιι6</strong></span> <span class='ocrx_word' id='word_1_553' title='bbox 487 5233 591 5272; x_wconf 84' lang='lat' dir='ltr'><strong>serrum</strong></span> <span class='ocrx_word' id='word_1_554' title='bbox 607 5217 774 5284; x_wconf 88' lang='lat' dir='ltr'><strong>manumisit,</strong></span> <span class='ocrx_word' id='word_1_555' title='bbox 797 5219 840 5286; x_wconf 81' lang='lat' dir='ltr'><strong>agi</strong></span> <span class='ocrx_word' id='word_1_556' title='bbox 863 5233 923 5272; x_wconf 89' lang='lat' dir='ltr'><strong>cum</strong></span> <span class='ocrx_word' id='word_1_557' title='bbox 947 5233 976 5272; x_wconf 93' lang='lat' dir='ltr'><strong>eo</strong></span> <span class='ocrx_word' id='word_1_558' title='bbox 995 5217 1028 5272; x_wconf 89' lang='lat' dir='ltr'><strong>de</strong></span> <span class='ocrx_word' id='word_1_559' title='bbox 1045 5217 1072 5270; x_wconf 91' lang='lat' dir='ltr'><strong>in</strong></span> 
     </span>
     <span class='ocr_line' id='line_1_71' title="bbox 269 5283 1071 5352; baseline 0 -14"><span class='ocrx_word' id='word_1_560' title='bbox 269 5299 324 5338; x_wconf 91' lang='lat' dir='ltr'><strong>rem</strong></span> <span class='ocrx_word' id='word_1_561' title='bbox 341 5301 417 5338; x_wconf 84' lang='lat' dir='ltr'><strong>verso</strong></span> <span class='ocrx_word' id='word_1_562' title='bbox 435 5301 489 5338; x_wconf 91' lang='lat' dir='ltr'><strong>non</strong></span> <span class='ocrx_word' id='word_1_563' title='bbox 505 5289 606 5352; x_wconf 90' lang='lat' dir='ltr'><strong>potest,</strong></span> <span class='ocrx_word' id='word_1_564' title='bbox 649 5283 693 5338; x_wconf 90' lang='lat' dir='ltr'><strong>uia</strong></span> <span class='ocrx_word' id='word_1_565' title='bbox 717 5285 803 5340; x_wconf 89' lang='lat' dir='ltr'><strong>dando</strong></span> <span class='ocrx_word' id='word_1_566' title='bbox 826 5287 976 5340; x_wconf 89' lang='lat' dir='ltr'><strong>libertatem</strong></span> <span class='ocrx_word' id='word_1_567' title='bbox 998 5287 1071 5340; x_wconf 88' lang='lat' dir='ltr'><strong>loon-</strong></span> 
     </span>
     <span class='ocr_line' id='line_1_72' title="bbox 271 5301 670 5420; baseline 0 -16"><span class='ocrx_word' id='word_1_568' title='bbox 271 5351 366 5420; x_wconf 86' lang='lat' dir='ltr'><strong>pletior</strong></span> <span class='ocrx_word' id='word_1_569' title='bbox 384 5369 417 5404; x_wconf 85' lang='lat' dir='ltr'><strong>ux</strong></span> <span class='ocrx_word' id='word_1_570' title='bbox 434 5351 544 5406; x_wconf 88' lang='lat' dir='ltr'><strong>nummis</strong></span> <span class='ocrx_word' id='word_1_571' title='bbox 562 5367 615 5404; x_wconf 90' lang='lat' dir='ltr'><strong>uon</strong></span> <span class='ocrx_word' id='word_1_572' title='bbox 632 5301 670 5404; x_wconf 59' lang='grc' dir='ltr'><strong>ιι.</strong></span> 
     </span>
    </p>

    <p class='ocr_par' dir='ltr' id='par_1_9' title="bbox 269 5413 1073 5554">
     <span class='ocr_line' id='line_1_73' title="bbox 305 5413 1073 5488; baseline 0 -14"><span class='ocrx_word' id='word_1_573' title='bbox 305 5413 321 5474; x_wconf 87' lang='grc'><strong>3</strong></span> <span class='ocrx_word' id='word_1_574' title='bbox 339 5417 560 5474; x_wconf 57' lang='lat' dir='ltr'><strong>nitriensium</strong></span> <span class='ocrx_word' id='word_1_575' title='bbox 575 5419 717 5474; x_wconf 83' lang='lat' dir='ltr'><strong>uicensimo</strong></span> <span class='ocrx_word' id='word_1_576' title='bbox 732 5437 803 5476; x_wconf 84' lang='lat' dir='ltr'><strong>nouo</strong></span> <span class='ocrx_word' id='word_1_577' title='bbox 814 5419 849 5474; x_wconf 84' lang='lat' dir='ltr'><strong>od</strong></span> <span class='ocrx_word' id='word_1_578' title='bbox 858 5419 971 5474; x_wconf 83' lang='lat' dir='ltr'><strong>edictum</strong></span> <span class='ocrx_word' id='word_1_579' title='bbox 998 5419 1073 5488; x_wconf 78' lang='lat' dir='ltr'><strong>auco</strong></span> 
     </span>
     <span class='ocr_line' id='line_1_74' title="bbox 269 5485 1071 5554; baseline 0.005 -16"><span class='ocrx_word' id='word_1_580' title='bbox 269 5485 294 5538; x_wconf 88' lang='lat' dir='ltr'><strong>si</strong></span> <span class='ocrx_word' id='word_1_581' title='bbox 310 5499 400 5538; x_wconf 79' lang='lat' dir='ltr'><strong>servus</strong></span> <span class='ocrx_word' id='word_1_582' title='bbox 419 5485 522 5542; x_wconf 91' lang='lat' dir='ltr'><strong>domino</strong></span> <span class='ocrx_word' id='word_1_583' title='bbox 541 5485 715 5554; x_wconf 87' lang='lat' dir='ltr'><strong>quantitatem</strong></span> <span class='ocrx_word' id='word_1_584' title='bbox 734 5487 842 5552; x_wconf 87' lang='lat' dir='ltr'><strong>dederit,</strong></span> <span class='ocrx_word' id='word_1_585' title='bbox 860 5493 890 5540; x_wconf 91' lang='lat' dir='ltr'><strong>ut</strong></span> <span class='ocrx_word' id='word_1_586' title='bbox 902 5489 1071 5542; x_wconf 89' lang='lat' dir='ltr'><strong>manumitta-</strong></span> 
     </span>
    </p>
   </div>
   <div class='ocr_carea' id='block_1_5' title="bbox 268 5651 472 5714">
    <p class='ocr_par' dir='ltr' id='par_1_10' title="bbox 268 5651 472 5714">
     <span class='ocr_line' id='line_1_75' title="bbox 268 5651 472 5714; baseline -0.025 -10"><span class='ocrx_word' id='word_1_587' title='bbox 268 5653 300 5714; x_wconf 80' lang='grc' dir='ltr'><strong>ιι)</strong></span> <span class='ocrx_word' id='word_1_588' title='bbox 319 5655 368 5702; x_wconf 72' lang='grc' dir='ltr'>ιιι]</span> <span class='ocrx_word' id='word_1_589' title='bbox 378 5653 424 5702; x_wconf 78' lang='lat' dir='ltr'><strong>dcl.</strong></span> <span class='ocrx_word' id='word_1_590' title='bbox 433 5651 472 5700; x_wconf 82' lang='lat' dir='ltr'><strong>F²</strong></span> 
     </span>
    </p>
   </div>
   <div class='ocr_carea' id='block_1_6' title="bbox 270 5785 1071 5854">
    <p class='ocr_par' dir='ltr' id='par_1_11' title="bbox 270 5785 1071 5854">
     <span class='ocr_line' id='line_1_76' title="bbox 270 5785 1071 5854; baseline 0.01 -20"><span class='ocrx_word' id='word_1_591' title='bbox 270 5793 292 5836; x_wconf 82' lang='lat' dir='ltr'><strong>m</strong></span> <span class='ocrx_word' id='word_1_592' title='bbox 324 5809 346 5820; x_wconf 90' lang='lat'>-</span> <span class='ocrx_word' id='word_1_593' title='bbox 355 5785 418 5834; x_wconf 84' lang='lat' dir='ltr'><strong>Bas.</strong></span> <span class='ocrx_word' id='word_1_594' title='bbox 431 5785 468 5842; x_wconf 78' lang='lat'><strong>18,</strong></span> <span class='ocrx_word' id='word_1_595' title='bbox 479 5795 497 5834; x_wconf 83' lang='grc' dir='ltr'><strong>ι.</strong></span> <span class='ocrx_word' id='word_1_596' title='bbox 508 5809 541 5818; x_wconf 97' lang='grc'>-</span> <span class='ocrx_word' id='word_1_597' title='bbox 552 5785 590 5850; x_wconf 83' lang='lat' dir='ltr'><strong>Os.</strong></span> <span class='ocrx_word' id='word_1_598' title='bbox 604 5785 661 5840; x_wconf 76' lang='lat' dir='ltr'><strong>ooo.</strong></span> <span class='ocrx_word' id='word_1_599' title='bbox 671 5791 695 5848; x_wconf 85' lang='grc' dir='ltr'><strong>ι,</strong></span> <span class='ocrx_word' id='word_1_600' title='bbox 707 5799 732 5838; x_wconf 80' lang='lat' dir='ltr'><strong>aa</strong></span> <span class='ocrx_word' id='word_1_601' title='bbox 847 5791 879 5854; x_wconf 78' lang='lat' dir='ltr'><strong>(a)</strong></span> <span class='ocrx_word' id='word_1_602' title='bbox 898 5795 1029 5840; x_wconf 89' lang='lat' dir='ltr'><strong>tencantur</strong></span> <span class='ocrx_word' id='word_1_603' title='bbox 1038 5791 1071 5842; x_wconf 88' lang='lat' dir='ltr'><strong>F¹</strong></span> 
     </span>
    </p>
   </div>
   <div class='ocr_carea' id='block_1_7' title="bbox 1071 349 1134 422">
    <p class='ocr_par' dir='ltr' id='par_1_12' title="bbox 1071 349 1134 422">
     <span class='ocr_line' id='line_1_77' title="bbox 1071 349 1134 422; baseline 0 -1"><span class='ocrx_word' id='word_1_604' title='bbox 1071 349 1134 422; x_wconf 81' lang='grc'><strong>202</strong></span> 
     </span>
    </p>
   </div>
   <div class='ocr_carea' id='block_1_8' title="bbox 304 5655 1256 5788">
    <p class='ocr_par' dir='ltr' id='par_1_13' title="bbox 304 5655 1256 5788">
     <span class='ocr_line' id='line_1_78' title="bbox 304 5655 1256 5788; baseline -0.065 -19"><span class='ocrx_word' id='word_1_605' title='bbox 304 5719 336 5780; x_wconf 81' lang='grc' dir='ltr'><strong>(ι)</strong></span> <span class='ocrx_word' id='word_1_606' title='bbox 356 5719 415 5766; x_wconf 81' lang='lat' dir='ltr'><strong>Sat.</strong></span> <span class='ocrx_word' id='word_1_607' title='bbox 425 5729 443 5768; x_wconf 89' lang='lat'><strong>1.</strong></span> <span class='ocrx_word' id='word_1_608' title='bbox 454 5727 513 5768; x_wconf 53' lang='lat' dir='ltr'><strong>aas·</strong></span> <span class='ocrx_word' id='word_1_609' title='bbox 524 5729 543 5770; x_wconf 80' lang='grc' dir='ltr'><strong>ι.</strong></span> <span class='ocrx_word' id='word_1_610' title='bbox 553 5729 573 5770; x_wconf 87' lang='lat' dir='ltr'><strong>a</strong></span> <span class='ocrx_word' id='word_1_611' title='bbox 583 5727 675 5782; x_wconf 83' lang='lat' dir='ltr'><strong>ro...1s;</strong></span> <span class='ocrx_word' id='word_1_612' title='bbox 685 5721 748 5786; x_wconf 80' lang='lat' dir='ltr'><strong>Pop.</strong></span> <span class='ocrx_word' id='word_1_613' title='bbox 759 5733 872 5784; x_wconf 73' lang='lat'><strong>⁶·¹⁹·²⁰3</strong></span> <span class='ocrx_word' id='word_1_614' title='bbox 881 5723 929 5776; x_wconf 44' lang='lat' dir='ltr'><strong>Ed·</strong></span> <span class='ocrx_word' id='word_1_615' title='bbox 940 5733 960 5774; x_wconf 51' lang='lat'><em>2</em></span> <span class='ocrx_word' id='word_1_616' title='bbox 971 5735 997 5782; x_wconf 70' lang='lat'><strong>9³</strong></span> <span class='ocrx_word' id='word_1_617' title='bbox 1007 5725 1071 5788; x_wconf 81' lang='lat' dir='ltr'><strong>App.</strong></span> <span class='ocrx_word' id='word_1_618' title='bbox 1097 5655 1101 5740; x_wconf 69' lang='grc' dir='ltr'><strong>ι</strong></span> <span class='ocrx_word' id='word_1_619' title='bbox 1126 5659 1157 5722; x_wconf 76' lang='grc' dir='ltr'><strong>ιι)</strong></span> <span class='ocrx_word' id='word_1_620' title='bbox 1178 5659 1256 5722; x_wconf 78' lang='lat' dir='ltr'><strong>amn</strong></span> 
     </span>
    </p>
   </div>
   <div class='ocr_carea' id='block_1_9' title="bbox 1745 369 1938 418">
    <p class='ocr_par' dir='ltr' id='par_1_14' title="bbox 1745 369 1938 418">
     <span class='ocr_line' id='line_1_79' title="bbox 1745 369 1938 418; baseline -0.01 0"><span class='ocrx_word' id='word_1_621' title='bbox 1745 369 1793 418; x_wconf 79' lang='lat' dir='ltr'><strong>DE</strong></span> <span class='ocrx_word' id='word_1_622' title='bbox 1814 369 1851 416; x_wconf 73' lang='lat' dir='ltr'><strong>nt</strong></span> <span class='ocrx_word' id='word_1_623' title='bbox 1871 369 1938 416; x_wconf 76' lang='lat' dir='ltr'><strong>REM</strong></span> 
     </span>
    </p>
   </div>
   <div class='ocr_carea' id='block_1_10' title="bbox 1125 535 1939 1622">
    <p class='ocr_par' dir='ltr' id='par_1_15' title="bbox 1125 535 1939 1622">
     <span class='ocr_line' id='line_1_80' title="bbox 1125 535 1938 608; baseline -0.002 -16"><span class='ocrx_word' id='word_1_624' title='bbox 1125 541 1179 604; x_wconf 92' lang='lat' dir='ltr'><strong>tur,</strong></span> <span class='ocrx_word' id='word_1_625' title='bbox 1198 553 1278 608; x_wconf 89' lang='lat' dir='ltr'><strong>quam</strong></span> <span class='ocrx_word' id='word_1_626' title='bbox 1295 553 1368 592; x_wconf 91' lang='lat' dir='ltr'><strong>ame</strong></span> <span class='ocrx_word' id='word_1_627' title='bbox 1382 541 1503 592; x_wconf 89' lang='lat' dir='ltr'><strong>mutuam</strong></span> <span class='ocrx_word' id='word_1_628' title='bbox 1516 539 1627 608; x_wconf 90' lang='lat' dir='ltr'><strong>accepit,</strong></span> <span class='ocrx_word' id='word_1_629' title='bbox 1644 541 1673 592; x_wconf 92' lang='grc' dir='ltr'><strong>ιι</strong></span> <span class='ocrx_word' id='word_1_630' title='bbox 1687 535 1820 606; x_wconf 88' lang='lat' dir='ltr'><strong>peculium</strong></span> <span class='ocrx_word' id='word_1_631' title='bbox 1833 537 1938 606; x_wconf 88' lang='lat' dir='ltr'><strong>quidem</strong></span> 
     </span>
     <span class='ocr_line' id='line_1_81' title="bbox 1126 607 1938 676; baseline 0 -16"><span class='ocrx_word' id='word_1_632' title='bbox 1126 607 1197 660; x_wconf 88' lang='lat' dir='ltr'><strong>hanc</strong></span> <span class='ocrx_word' id='word_1_633' title='bbox 1216 607 1392 676; x_wconf 88' lang='lat' dir='ltr'><strong>quantitatem</strong></span> <span class='ocrx_word' id='word_1_634' title='bbox 1410 623 1465 662; x_wconf 89' lang='lat' dir='ltr'><strong>nou</strong></span> <span class='ocrx_word' id='word_1_635' title='bbox 1483 607 1646 676; x_wconf 85' lang='lat' dir='ltr'><strong>computari,</strong></span> <span class='ocrx_word' id='word_1_636' title='bbox 1670 607 1697 660; x_wconf 90' lang='lat' dir='ltr'><strong>in</strong></span> <span class='ocrx_word' id='word_1_637' title='bbox 1719 621 1775 660; x_wconf 90' lang='lat' dir='ltr'><strong>rem</strong></span> <span class='ocrx_word' id='word_1_638' title='bbox 1793 611 1884 660; x_wconf 88' lang='lat' dir='ltr'><strong>autem</strong></span> <span class='ocrx_word' id='word_1_639' title='bbox 1901 607 1938 660; x_wconf 88' lang='grc' dir='ltr'><strong>ιι-</strong></span> 
     </span>
     <span class='ocr_line' id='line_1_82' title="bbox 1127 673 1939 744; baseline -0.002 -14"><span class='ocrx_word' id='word_1_640' title='bbox 1127 675 1183 730; x_wconf 90' lang='lat' dir='ltr'><strong>deri</strong></span> <span class='ocrx_word' id='word_1_641' title='bbox 1201 691 1312 740; x_wconf 80' lang='lat' dir='ltr'><strong>uersum,</strong></span> <span class='ocrx_word' id='word_1_642' title='bbox 1331 677 1353 730; x_wconf 90' lang='lat' dir='ltr'><strong>si</strong></span> <span class='ocrx_word' id='word_1_643' title='bbox 1371 675 1436 744; x_wconf 88' lang='lat' dir='ltr'><strong>quid</strong></span> <span class='ocrx_word' id='word_1_644' title='bbox 1452 677 1512 744; x_wconf 90' lang='lat' dir='ltr'><strong>plus</strong></span> <span class='ocrx_word' id='word_1_645' title='bbox 1530 675 1610 730; x_wconf 88' lang='lat' dir='ltr'><strong>sitin</strong></span> <span class='ocrx_word' id='word_1_646' title='bbox 1628 691 1658 730; x_wconf 91' lang='grc' dir='ltr'><strong>ιο</strong></span> <span class='ocrx_word' id='word_1_647' title='bbox 1676 673 1746 742; x_wconf 90' lang='lat' dir='ltr'><strong>quod</strong></span> <span class='ocrx_word' id='word_1_648' title='bbox 1760 691 1851 730; x_wconf 82' lang='lat' dir='ltr'><strong>servus</strong></span> <span class='ocrx_word' id='word_1_649' title='bbox 1868 673 1939 728; x_wconf 89' lang='lat' dir='ltr'><strong>dedit</strong></span> 
     </span>
     <span class='ocr_line' id='line_1_83' title="bbox 1127 743 1938 812; baseline 0 -16"><span class='ocrx_word' id='word_1_650' title='bbox 1127 747 1140 796; x_wconf 87' lang='lat'>1</span> <span class='ocrx_word' id='word_1_651' title='bbox 1178 757 1257 812; x_wconf 90' lang='lat' dir='ltr'><strong>quam</strong></span> <span class='ocrx_word' id='word_1_652' title='bbox 1282 749 1322 796; x_wconf 88' lang='lat' dir='ltr'><strong>est</strong></span> <span class='ocrx_word' id='word_1_653' title='bbox 1344 743 1372 796; x_wconf 92' lang='lat' dir='ltr'><strong>in</strong></span> <span class='ocrx_word' id='word_1_654' title='bbox 1390 745 1458 796; x_wconf 80' lang='lat' dir='ltr'><strong>servi</strong></span> <span class='ocrx_word' id='word_1_655' title='bbox 1474 745 1569 812; x_wconf 91' lang='lat' dir='ltr'><strong>pretio.</strong></span> <span class='ocrx_word' id='word_1_656' title='bbox 1605 745 1637 796; x_wconf 90' lang='lat' dir='ltr'><strong>In</strong></span> <span class='ocrx_word' id='word_1_657' title='bbox 1653 757 1709 796; x_wconf 88' lang='lat' dir='ltr'><strong>rem</strong></span> <span class='ocrx_word' id='word_1_658' title='bbox 1727 749 1817 796; x_wconf 89' lang='lat' dir='ltr'><strong>autem</strong></span> <span class='ocrx_word' id='word_1_659' title='bbox 1833 757 1938 796; x_wconf 84' lang='lat' dir='ltr'><strong>versum</strong></span> 
     </span>
     <span class='ocr_line' id='line_1_84' title="bbox 1125 811 1938 880; baseline -0.002 -16"><span class='ocrx_word' id='word_1_660' title='bbox 1125 811 1244 874; x_wconf 86' lang='lat' dir='ltr'><strong>videtur,</strong></span> <span class='ocrx_word' id='word_1_661' title='bbox 1270 811 1324 866; x_wconf 85' lang='lat' dir='ltr'><strong>sire</strong></span> <span class='ocrx_word' id='word_1_662' title='bbox 1346 811 1374 864; x_wconf 93' lang='lat' dir='ltr'><strong>id</strong></span> <span class='ocrx_word' id='word_1_663' title='bbox 1395 811 1483 878; x_wconf 89' lang='lat' dir='ltr'><strong>ipsum</strong></span> <span class='ocrx_word' id='word_1_664' title='bbox 1508 811 1579 880; x_wconf 89' lang='lat' dir='ltr'><strong>quod</strong></span> <span class='ocrx_word' id='word_1_665' title='bbox 1601 825 1693 866; x_wconf 84' lang='lat' dir='ltr'><strong>servus</strong></span> <span class='ocrx_word' id='word_1_666' title='bbox 1716 811 1821 880; x_wconf 85' lang='lat' dir='ltr'><strong>accepit</strong></span> <span class='ocrx_word' id='word_1_667' title='bbox 1838 811 1866 862; x_wconf 92' lang='lat' dir='ltr'><strong>in</strong></span> <span class='ocrx_word' id='word_1_668' title='bbox 1883 825 1938 862; x_wconf 90' lang='lat' dir='ltr'><strong>rem</strong></span> 
     </span>
     <span class='ocr_line' id='line_1_85' title="bbox 1127 877 1938 946; baseline 0.001 -16"><span class='ocrx_word' id='word_1_669' title='bbox 1127 877 1226 932; x_wconf 89' lang='lat' dir='ltr'><strong>domini</strong></span> <span class='ocrx_word' id='word_1_670' title='bbox 1250 877 1379 932; x_wconf 83' lang='lat' dir='ltr'><strong>convertit</strong></span> <span class='ocrx_word' id='word_1_671' title='bbox 1404 879 1494 940; x_wconf 85' lang='lat' dir='ltr'><strong>(veluti</strong></span> <span class='ocrx_word' id='word_1_672' title='bbox 1517 877 1541 930; x_wconf 89' lang='lat' dir='ltr'><strong>si</strong></span> <span class='ocrx_word' id='word_1_673' title='bbox 1562 879 1680 932; x_wconf 88' lang='lat' dir='ltr'><strong>triticum</strong></span> <span class='ocrx_word' id='word_1_674' title='bbox 1703 877 1836 946; x_wconf 90' lang='lat' dir='ltr'><strong>acceperit</strong></span> <span class='ocrx_word' id='word_1_675' title='bbox 1862 883 1889 930; x_wconf 89' lang='lat' dir='ltr'><strong>et</strong></span> <span class='ocrx_word' id='word_1_676' title='bbox 1911 877 1938 932; x_wconf 90' lang='lat' dir='ltr'><strong>id</strong></span> 
     </span>
     <span class='ocr_line' id='line_1_86' title="bbox 1125 945 1937 1012; baseline 0 -14"><span class='ocrx_word' id='word_1_677' title='bbox 1125 945 1214 1012; x_wconf 88' lang='lat' dir='ltr'><strong>ipsum</strong></span> <span class='ocrx_word' id='word_1_678' title='bbox 1236 947 1265 998; x_wconf 90' lang='grc' dir='ltr'><strong>ιι</strong></span> <span class='ocrx_word' id='word_1_679' title='bbox 1288 945 1416 1000; x_wconf 85' lang='lat' dir='ltr'><strong>familiam</strong></span> <span class='ocrx_word' id='word_1_680' title='bbox 1439 945 1538 1000; x_wconf 85' lang='lat' dir='ltr'><strong>domini</strong></span> <span class='ocrx_word' id='word_1_681' title='bbox 1560 945 1719 1000; x_wconf 84' lang='lat' dir='ltr'><strong>cibariorum</strong></span> <span class='ocrx_word' id='word_1_682' title='bbox 1745 945 1851 998; x_wconf 88' lang='lat' dir='ltr'><strong>nomine</strong></span> <span class='ocrx_word' id='word_1_683' title='bbox 1875 961 1937 1000; x_wconf 91' lang='lat' dir='ltr'><strong>cou-</strong></span> 
     </span>
     <span class='ocr_line' id='line_1_87' title="bbox 1126 1011 1936 1082; baseline 0 -16"><span class='ocrx_word' id='word_1_684' title='bbox 1126 1013 1276 1082; x_wconf 82' lang='lat' dir='ltr'><strong>sumpseritl</strong></span> <span class='ocrx_word' id='word_1_685' title='bbox 1296 1019 1343 1068; x_wconf 90' lang='lat' dir='ltr'><strong>aut</strong></span> <span class='ocrx_word' id='word_1_686' title='bbox 1360 1011 1383 1066; x_wconf 90' lang='lat' dir='ltr'><strong>si</strong></span> <span class='ocrx_word' id='word_1_687' title='bbox 1400 1013 1541 1081; x_wconf 87' lang='lat' dir='ltr'><strong>pecuniam</strong></span> <span class='ocrx_word' id='word_1_688' title='bbox 1559 1027 1575 1066; x_wconf 89' lang='lat' dir='ltr'><strong>a</strong></span> <span class='ocrx_word' id='word_1_689' title='bbox 1593 1013 1723 1066; x_wconf 88' lang='lat' dir='ltr'><strong>creditore</strong></span> <span class='ocrx_word' id='word_1_690' title='bbox 1737 1017 1876 1082; x_wconf 89' lang='lat' dir='ltr'><strong>acceptam</strong></span> <span class='ocrx_word' id='word_1_691' title='bbox 1890 1011 1936 1066; x_wconf 87' lang='lat' dir='ltr'><strong>do-</strong></span> 
     </span>
     <span class='ocr_line' id='line_1_88' title="bbox 1125 1081 1937 1144; baseline 0 -10"><span class='ocrx_word' id='word_1_692' title='bbox 1125 1081 1221 1136; x_wconf 87' lang='lat' dir='ltr'><strong>minico</strong></span> <span class='ocrx_word' id='word_1_693' title='bbox 1241 1081 1365 1134; x_wconf 89' lang='lat' dir='ltr'><strong>creditori</strong></span> <span class='ocrx_word' id='word_1_694' title='bbox 1382 1081 1489 1134; x_wconf 85' lang='lat' dir='ltr'><strong>solverit</strong></span> <span class='ocrx_word' id='word_1_695' title='bbox 1507 1081 1564 1144; x_wconf 86' lang='lat' dir='ltr'><strong>(sed</strong></span> <span class='ocrx_word' id='word_1_696' title='bbox 1581 1087 1608 1134; x_wconf 92' lang='lat' dir='ltr'><strong>et</strong></span> <span class='ocrx_word' id='word_1_697' title='bbox 1622 1081 1646 1136; x_wconf 89' lang='lat' dir='ltr'><strong>si</strong></span> <span class='ocrx_word' id='word_1_698' title='bbox 1660 1081 1755 1134; x_wconf 85' lang='lat' dir='ltr'><strong>errarit</strong></span> <span class='ocrx_word' id='word_1_699' title='bbox 1769 1081 1798 1134; x_wconf 90' lang='lat' dir='ltr'><strong>in</strong></span> <span class='ocrx_word' id='word_1_700' title='bbox 1813 1081 1937 1134; x_wconf 85' lang='lat' dir='ltr'><strong>solvendo</strong></span> 
     </span>
     <span class='ocr_line' id='line_1_89' title="bbox 1126 1147 1937 1218; baseline -0.002 -16"><span class='ocrx_word' id='word_1_701' title='bbox 1126 1153 1154 1202; x_wconf 91' lang='lat' dir='ltr'><strong>et</strong></span> <span class='ocrx_word' id='word_1_702' title='bbox 1170 1149 1273 1218; x_wconf 81' lang='lat' dir='ltr'><strong>putarit</strong></span> <span class='ocrx_word' id='word_1_703' title='bbox 1297 1147 1452 1202; x_wconf 90' lang='lat' dir='ltr'><strong>creditorem</strong></span> <span class='ocrx_word' id='word_1_704' title='bbox 1477 1165 1536 1202; x_wconf 89' lang='lat' dir='ltr'><strong>eum</strong></span> <span class='ocrx_word' id='word_1_705' title='bbox 1561 1149 1606 1218; x_wconf 87' lang='lat' dir='ltr'><strong>qui</strong></span> <span class='ocrx_word' id='word_1_706' title='bbox 1629 1163 1683 1202; x_wconf 89' lang='lat' dir='ltr'><strong>non</strong></span> <span class='ocrx_word' id='word_1_707' title='bbox 1706 1153 1777 1212; x_wconf 91' lang='lat' dir='ltr'><strong>erat,</strong></span> <span class='ocrx_word' id='word_1_708' title='bbox 1805 1165 1887 1216; x_wconf 90' lang='lat' dir='ltr'><strong>aeque</strong></span> <span class='ocrx_word' id='word_1_709' title='bbox 1910 1147 1937 1200; x_wconf 89' lang='lat' dir='ltr'><strong>in</strong></span> 
     </span>
     <span class='ocr_line' id='line_1_90' title="bbox 1125 1215 1937 1284; baseline 0 -14"><span class='ocrx_word' id='word_1_710' title='bbox 1125 1231 1181 1270; x_wconf 90' lang='lat' dir='ltr'><strong>rem</strong></span> <span class='ocrx_word' id='word_1_711' title='bbox 1197 1231 1303 1270; x_wconf 88' lang='lat' dir='ltr'><strong>versum</strong></span> <span class='ocrx_word' id='word_1_712' title='bbox 1322 1231 1380 1270; x_wconf 91' lang='lat' dir='ltr'><strong>esse</strong></span> <span class='ocrx_word' id='word_1_713' title='bbox 1393 1215 1557 1282; x_wconf 88' lang='lat' dir='ltr'><strong>Pomponius</strong></span> <span class='ocrx_word' id='word_1_714' title='bbox 1571 1217 1639 1270; x_wconf 89' lang='lat' dir='ltr'><strong>libro</strong></span> <span class='ocrx_word' id='word_1_715' title='bbox 1655 1215 1837 1284; x_wconf 82' lang='lat' dir='ltr'><strong>sexagensimo</strong></span> <span class='ocrx_word' id='word_1_716' title='bbox 1853 1217 1937 1284; x_wconf 89' lang='lat' dir='ltr'><strong>primo</strong></span> 
     </span>
     <span class='ocr_line' id='line_1_91' title="bbox 1127 1283 1936 1354; baseline 0 -18"><span class='ocrx_word' id='word_1_717' title='bbox 1127 1285 1178 1348; x_wconf 89' lang='lat' dir='ltr'><strong>ait,</strong></span> <span class='ocrx_word' id='word_1_718' title='bbox 1202 1289 1333 1354; x_wconf 90' lang='lat' dir='ltr'><strong>quatenns</strong></span> <span class='ocrx_word' id='word_1_719' title='bbox 1350 1283 1461 1336; x_wconf 86' lang='lat' dir='ltr'><strong>indebiti</strong></span> <span class='ocrx_word' id='word_1_720' title='bbox 1478 1283 1661 1352; x_wconf 84' lang='lat' dir='ltr'><strong>repetitionem</strong></span> <span class='ocrx_word' id='word_1_721' title='bbox 1678 1283 1800 1336; x_wconf 87' lang='lat' dir='ltr'><strong>dominus</strong></span> <span class='ocrx_word' id='word_1_722' title='bbox 1817 1285 1936 1348; x_wconf 77' lang='lat' dir='ltr'><strong>haberet)</strong></span> 
     </span>
     <span class='ocr_line' id='line_1_92' title="bbox 1126 1350 1936 1420; baseline 0 -16"><span class='ocrx_word' id='word_1_723' title='bbox 1126 1351 1181 1406; x_wconf 87' lang='lat' dir='ltr'><strong>sive</strong></span> <span class='ocrx_word' id='word_1_724' title='bbox 1205 1369 1265 1406; x_wconf 87' lang='lat' dir='ltr'><strong>oum</strong></span> <span class='ocrx_word' id='word_1_725' title='bbox 1287 1367 1377 1406; x_wconf 81' lang='lat' dir='ltr'><strong>servus</strong></span> <span class='ocrx_word' id='word_1_726' title='bbox 1396 1351 1495 1406; x_wconf 88' lang='lat' dir='ltr'><strong>domini</strong></span> <span class='ocrx_word' id='word_1_727' title='bbox 1512 1351 1611 1420; x_wconf 88' lang='lat' dir='ltr'><strong>negotii</strong></span> <span class='ocrx_word' id='word_1_728' title='bbox 1628 1350 1734 1420; x_wconf 88' lang='lat' dir='ltr'><strong>gerendi</strong></span> <span class='ocrx_word' id='word_1_729' title='bbox 1752 1351 1936 1406; x_wconf 87' lang='lat' dir='ltr'><strong>administran-</strong></span> 
     </span>
     <span class='ocr_line' id='line_1_93' title="bbox 1127 1417 1936 1488; baseline 0 -16"><span class='ocrx_word' id='word_1_730' title='bbox 1127 1417 1185 1472; x_wconf 83' lang='lat' dir='ltr'><strong>dire</strong></span> <span class='ocrx_word' id='word_1_731' title='bbox 1203 1435 1285 1474; x_wconf 90' lang='lat' dir='ltr'><strong>causa</strong></span> <span class='ocrx_word' id='word_1_732' title='bbox 1302 1419 1366 1488; x_wconf 87' lang='lat' dir='ltr'><strong>quid</strong></span> <span class='ocrx_word' id='word_1_733' title='bbox 1382 1421 1464 1488; x_wconf 84' lang='lat' dir='ltr'><strong>gessit</strong></span> <span class='ocrx_word' id='word_1_734' title='bbox 1483 1419 1573 1480; x_wconf 82' lang='lat' dir='ltr'><strong>(veluti</strong></span> <span class='ocrx_word' id='word_1_735' title='bbox 1591 1419 1614 1474; x_wconf 92' lang='lat' dir='ltr'><strong>si</strong></span> <span class='ocrx_word' id='word_1_736' title='bbox 1631 1419 1786 1472; x_wconf 87' lang='lat' dir='ltr'><strong>mutuatus⁷</strong></span> <span class='ocrx_word' id='word_1_737' title='bbox 1804 1417 1838 1474; x_wconf 91' lang='lat' dir='ltr'><strong>sit</strong></span> <span class='ocrx_word' id='word_1_738' title='bbox 1853 1435 1936 1488; x_wconf 90' lang='lat' dir='ltr'><strong>pecu·</strong></span> 
     </span>
     <span class='ocr_line' id='line_1_94' title="bbox 1126 1483 1936 1554; baseline 0 -14"><span class='ocrx_word' id='word_1_739' title='bbox 1126 1487 1212 1552; x_wconf 83' lang='grc' dir='ltr'>ιιιιι,</span> <span class='ocrx_word' id='word_1_740' title='bbox 1235 1491 1266 1540; x_wconf 90' lang='grc' dir='ltr'><strong>ιι</strong></span> <span class='ocrx_word' id='word_1_741' title='bbox 1286 1487 1449 1540; x_wconf 88' lang='lat' dir='ltr'><strong>frumentum</strong></span> <span class='ocrx_word' id='word_1_742' title='bbox 1473 1493 1640 1554; x_wconf 87' lang='lat' dir='ltr'><strong>compararet</strong></span> <span class='ocrx_word' id='word_1_743' title='bbox 1663 1485 1697 1540; x_wconf 89' lang='lat' dir='ltr'><strong>ad</strong></span> <span class='ocrx_word' id='word_1_744' title='bbox 1718 1483 1846 1540; x_wconf 86' lang='lat' dir='ltr'><strong>familiam</strong></span> <span class='ocrx_word' id='word_1_745' title='bbox 1864 1487 1936 1540; x_wconf 88' lang='lat' dir='ltr'><strong>alen·</strong></span> 
     </span>
     <span class='ocr_line' id='line_1_95' title="bbox 1126 1553 1936 1622; baseline 0 -16"><span class='ocrx_word' id='word_1_746' title='bbox 1126 1553 1188 1606; x_wconf 91' lang='lat' dir='ltr'><strong>dam</strong></span> <span class='ocrx_word' id='word_1_747' title='bbox 1205 1553 1245 1606; x_wconf 87' lang='grc' dir='ltr'><strong>ιιι</strong></span> <span class='ocrx_word' id='word_1_748' title='bbox 1263 1553 1303 1606; x_wconf 74' lang='grc' dir='ltr'><strong>ιιΒ</strong></span> <span class='ocrx_word' id='word_1_749' title='bbox 1320 1553 1355 1606; x_wconf 90' lang='lat' dir='ltr'><strong>ad</strong></span> <span class='ocrx_word' id='word_1_750' title='bbox 1371 1555 1542 1618; x_wconf 68' lang='lat' dir='ltr'><strong>vestiendam)</strong></span> <span class='ocrx_word' id='word_1_751' title='bbox 1562 1555 1617 1606; x_wconf 87' lang='lat' dir='ltr'><strong>sive</strong></span> <span class='ocrx_word' id='word_1_752' title='bbox 1639 1553 1808 1622; x_wconf 87' lang='lat' dir='ltr'><strong>peculiariter</strong></span> <span class='ocrx_word' id='word_1_753' title='bbox 1831 1561 1936 1606; x_wconf 88' lang='lat' dir='ltr'><strong>mutua-</strong></span> 
     </span>
    </p>
   </div>
   <div class='ocr_carea' id='block_1_11' title="bbox 1114 1621 1936 1688">
    <p class='ocr_par' dir='ltr' id='par_1_16' title="bbox 1114 1621 1936 1688">
     <span class='ocr_line' id='line_1_96' title="bbox 1114 1621 1936 1688; baseline 0.002 -16"><span class='ocrx_word' id='word_1_754' title='bbox 1114 1625 1170 1672; x_wconf 87' lang='lat' dir='ltr'><strong>tus</strong></span> <span class='ocrx_word' id='word_1_755' title='bbox 1187 1625 1283 1688; x_wconf 87' lang='lat' dir='ltr'><strong>postea</strong></span> <span class='ocrx_word' id='word_1_756' title='bbox 1298 1621 1326 1672; x_wconf 92' lang='lat' dir='ltr'><strong>iu</strong></span> <span class='ocrx_word' id='word_1_757' title='bbox 1343 1635 1399 1674; x_wconf 90' lang='lat' dir='ltr'><strong>rem</strong></span> <span class='ocrx_word' id='word_1_758' title='bbox 1417 1621 1516 1676; x_wconf 89' lang='lat' dir='ltr'><strong>domini</strong></span> <span class='ocrx_word' id='word_1_759' title='bbox 1532 1621 1624 1674; x_wconf 84' lang='lat' dir='ltr'><strong>vertit:</strong></span> <span class='ocrx_word' id='word_1_760' title='bbox 1648 1621 1699 1674; x_wconf 94' lang='lat' dir='ltr'><strong>hoc</strong></span> <span class='ocrx_word' id='word_1_761' title='bbox 1723 1621 1792 1674; x_wconf 88' lang='lat' dir='ltr'><strong>euim</strong></span> <span class='ocrx_word' id='word_1_762' title='bbox 1809 1621 1868 1674; x_wconf 89' lang='lat' dir='ltr'><strong>iure</strong></span> <span class='ocrx_word' id='word_1_763' title='bbox 1884 1621 1936 1674; x_wconf 92' lang='lat' dir='ltr'><strong>uti-</strong></span> 
     </span>
    </p>
   </div>
   <div class='ocr_carea' id='block_1_12' title="bbox 1123 1687 1938 5560">
    <p class='ocr_par' dir='ltr' id='par_1_17' title="bbox 1123 1687 1938 5560">
     <span class='ocr_line' id='line_1_97' title="bbox 1126 1687 1934 1758; baseline 0.005 -20"><span class='ocrx_word' id='word_1_764' title='bbox 1126 1703 1199 1750; x_wconf 91' lang='lat' dir='ltr'><strong>mur,</strong></span> <span class='ocrx_word' id='word_1_765' title='bbox 1217 1693 1262 1750; x_wconf 89' lang='lat' dir='ltr'><strong>ut,</strong></span> <span class='ocrx_word' id='word_1_766' title='bbox 1287 1687 1389 1742; x_wconf 88' lang='lat' dir='ltr'><strong>etiamsi</strong></span> <span class='ocrx_word' id='word_1_767' title='bbox 1406 1689 1479 1756; x_wconf 90' lang='lat' dir='ltr'><strong>prius</strong></span> <span class='ocrx_word' id='word_1_768' title='bbox 1496 1689 1525 1740; x_wconf 92' lang='lat' dir='ltr'><strong>in</strong></span> <span class='ocrx_word' id='word_1_769' title='bbox 1542 1689 1676 1758; x_wconf 89' lang='lat' dir='ltr'><strong>peculium</strong></span> <span class='ocrx_word' id='word_1_770' title='bbox 1692 1687 1770 1742; x_wconf 81' lang='lat' dir='ltr'><strong>vertit</strong></span> <span class='ocrx_word' id='word_1_771' title='bbox 1787 1689 1934 1756; x_wconf 87' lang='lat' dir='ltr'><strong>pecuniam,</strong></span> 
     </span>
     <span class='ocr_line' id='line_1_98' title="bbox 1126 1753 1935 1824; baseline 0.002 -16"><span class='ocrx_word' id='word_1_772' title='bbox 1126 1771 1188 1808; x_wconf 80' lang='lat' dir='ltr'><strong>mox</strong></span> <span class='ocrx_word' id='word_1_773' title='bbox 1205 1753 1233 1806; x_wconf 89' lang='lat' dir='ltr'><strong>in</strong></span> <span class='ocrx_word' id='word_1_774' title='bbox 1250 1771 1306 1808; x_wconf 89' lang='lat' dir='ltr'><strong>rem</strong></span> <span class='ocrx_word' id='word_1_775' title='bbox 1325 1755 1431 1818; x_wconf 88' lang='lat' dir='ltr'><strong>domini,</strong></span> <span class='ocrx_word' id='word_1_776' title='bbox 1451 1771 1508 1810; x_wconf 85' lang='lat' dir='ltr'><strong>esse</strong></span> <span class='ocrx_word' id='word_1_777' title='bbox 1525 1755 1558 1810; x_wconf 90' lang='lat' dir='ltr'><strong>de</strong></span> <span class='ocrx_word' id='word_1_778' title='bbox 1574 1757 1603 1810; x_wconf 89' lang='lat' dir='ltr'><strong>in</strong></span> <span class='ocrx_word' id='word_1_779' title='bbox 1619 1771 1676 1808; x_wconf 87' lang='lat' dir='ltr'><strong>reru</strong></span> <span class='ocrx_word' id='word_1_780' title='bbox 1691 1771 1767 1810; x_wconf 82' lang='lat' dir='ltr'><strong>verso</strong></span> <span class='ocrx_word' id='word_1_781' title='bbox 1786 1755 1856 1810; x_wconf 90' lang='lat' dir='ltr'><strong>actio</strong></span> <span class='ocrx_word' id='word_1_782' title='bbox 1874 1771 1935 1824; x_wconf 89' lang='lat' dir='ltr'><strong>pos-</strong></span> 
     </span>
     <span class='ocr_line' id='line_1_99' title="bbox 1127 1821 1935 1890; baseline 0.002 -14"><span class='ocrx_word' id='word_1_783' title='bbox 1127 1825 1141 1876; x_wconf 80' lang='lat' dir='ltr'><strong>l</strong></span> <span class='ocrx_word' id='word_1_784' title='bbox 1178 1823 1221 1876; x_wconf 90' lang='lat' dir='ltr'><strong>sit.</strong></span> <span class='ocrx_word' id='word_1_785' title='bbox 1257 1821 1294 1876; x_wconf 86' lang='lat' dir='ltr'><strong>Et</strong></span> <span class='ocrx_word' id='word_1_786' title='bbox 1308 1823 1465 1890; x_wconf 78' lang='lat' dir='ltr'><strong>regrdariter</strong></span> <span class='ocrx_word' id='word_1_787' title='bbox 1480 1823 1592 1876; x_wconf 90' lang='lat' dir='ltr'><strong>dicimus</strong></span> <span class='ocrx_word' id='word_1_788' title='bbox 1606 1825 1703 1878; x_wconf 89' lang='lat' dir='ltr'><strong>totiens</strong></span> <span class='ocrx_word' id='word_1_789' title='bbox 1718 1823 1788 1876; x_wconf 89' lang='lat' dir='ltr'><strong>dein</strong></span> <span class='ocrx_word' id='word_1_790' title='bbox 1796 1839 1852 1876; x_wconf 90' lang='lat' dir='ltr'><strong>rem</strong></span> <span class='ocrx_word' id='word_1_791' title='bbox 1860 1839 1935 1878; x_wconf 83' lang='lat' dir='ltr'><strong>verso</strong></span> 
     </span>
     <span class='ocr_line' id='line_1_100' title="bbox 1126 1891 1938 1960; baseline 0.002 -16"><span class='ocrx_word' id='word_1_792' title='bbox 1126 1907 1185 1944; x_wconf 88' lang='lat' dir='ltr'><strong>esse</strong></span> <span class='ocrx_word' id='word_1_793' title='bbox 1202 1891 1340 1954; x_wconf 89' lang='lat' dir='ltr'><strong>actionem,</strong></span> <span class='ocrx_word' id='word_1_794' title='bbox 1359 1891 1455 1960; x_wconf 87' lang='lat' dir='ltr'><strong>quibus</strong></span> <span class='ocrx_word' id='word_1_795' title='bbox 1473 1891 1579 1946; x_wconf 88' lang='lat' dir='ltr'><strong>casibus</strong></span> <span class='ocrx_word' id='word_1_796' title='bbox 1597 1897 1755 1960; x_wconf 89' lang='lat' dir='ltr'><strong>procurator</strong></span> <span class='ocrx_word' id='word_1_797' title='bbox 1765 1891 1885 1944; x_wconf 89' lang='lat' dir='ltr'><strong>mandati</strong></span> <span class='ocrx_word' id='word_1_798' title='bbox 1896 1893 1938 1946; x_wconf 87' lang='grc' dir='ltr'><strong>ιιι</strong></span> 
     </span>
     <span class='ocr_line' id='line_1_101' title="bbox 1127 1957 1937 2026; baseline 0 -12"><span class='ocrx_word' id='word_1_799' title='bbox 1127 1959 1172 2026; x_wconf 88' lang='lat' dir='ltr'><strong>qui</strong></span> <span class='ocrx_word' id='word_1_800' title='bbox 1196 1957 1300 2026; x_wconf 83' lang='lat' dir='ltr'><strong>negotia</strong></span> <span class='ocrx_word' id='word_1_801' title='bbox 1322 1959 1404 2026; x_wconf 87' lang='lat' dir='ltr'><strong>gessit</strong></span> <span class='ocrx_word' id='word_1_802' title='bbox 1427 1959 1590 2026; x_wconf 84' lang='lat' dir='ltr'><strong>negotiorum</strong></span> <span class='ocrx_word' id='word_1_803' title='bbox 1613 1965 1747 2026; x_wconf 86' lang='lat' dir='ltr'><strong>gestorum</strong></span> <span class='ocrx_word' id='word_1_804' title='bbox 1763 1959 1875 2014; x_wconf 87' lang='lat' dir='ltr'><strong>haberet</strong></span> <span class='ocrx_word' id='word_1_805' title='bbox 1892 1975 1937 2014; x_wconf 89' lang='lat' dir='ltr'><strong>ao-</strong></span> 
     </span>
     <span class='ocr_line' id='line_1_102' title="bbox 1125 2025 1938 2096; baseline 0 -16"><span class='ocrx_word' id='word_1_806' title='bbox 1125 2029 1227 2080; x_wconf 87' lang='lat' dir='ltr'><strong>tionem</strong></span> <span class='ocrx_word' id='word_1_807' title='bbox 1244 2025 1418 2094; x_wconf 88' lang='lat' dir='ltr'><strong>quotiensque</strong></span> <span class='ocrx_word' id='word_1_808' title='bbox 1436 2025 1535 2094; x_wconf 86' lang='lat' dir='ltr'><strong>aliquid</strong></span> <span class='ocrx_word' id='word_1_809' title='bbox 1550 2027 1714 2096; x_wconf 88' lang='lat' dir='ltr'><strong>consumpsit</strong></span> <span class='ocrx_word' id='word_1_810' title='bbox 1728 2041 1827 2092; x_wconf 87' lang='lat' dir='ltr'><strong>servus,</strong></span> <span class='ocrx_word' id='word_1_811' title='bbox 1845 2033 1877 2080; x_wconf 93' lang='lat' dir='ltr'><strong>ut</strong></span> <span class='ocrx_word' id='word_1_812' title='bbox 1891 2033 1938 2080; x_wconf 88' lang='lat' dir='ltr'><strong>aut</strong></span> 
     </span>
     <span class='ocr_line' id='line_1_103' title="bbox 1126 2094 1935 2150; baseline 0.001 -2"><span class='ocrx_word' id='word_1_813' title='bbox 1126 2094 1260 2148; x_wconf 90' lang='lat' dir='ltr'><strong>meliorem</strong></span> <span class='ocrx_word' id='word_1_814' title='bbox 1277 2109 1332 2148; x_wconf 90' lang='lat' dir='ltr'><strong>rem</strong></span> <span class='ocrx_word' id='word_1_815' title='bbox 1350 2095 1470 2148; x_wconf 90' lang='lat' dir='ltr'><strong>dominus</strong></span> <span class='ocrx_word' id='word_1_816' title='bbox 1487 2095 1612 2150; x_wconf 89' lang='lat' dir='ltr'><strong>habuerit</strong></span> <span class='ocrx_word' id='word_1_817' title='bbox 1630 2101 1677 2148; x_wconf 89' lang='lat' dir='ltr'><strong>aut</strong></span> <span class='ocrx_word' id='word_1_818' title='bbox 1693 2111 1748 2148; x_wconf 88' lang='lat' dir='ltr'><strong>non</strong></span> <span class='ocrx_word' id='word_1_819' title='bbox 1770 2095 1935 2150; x_wconf 85' lang='lat' dir='ltr'><strong>deteriorem.</strong></span> 
     </span>
     <span class='ocr_line' id='line_1_104' title="bbox 1127 2161 1938 2232; baseline -0.002 -14"><span class='ocrx_word' id='word_1_820' title='bbox 1127 2167 1142 2218; x_wconf 85' lang='lat'><strong>3</strong></span> <span class='ocrx_word' id='word_1_821' title='bbox 1177 2161 1293 2218; x_wconf 87' lang='lat' dir='ltr'><strong>Proinde</strong></span> <span class='ocrx_word' id='word_1_822' title='bbox 1310 2161 1333 2218; x_wconf 91' lang='lat' dir='ltr'><strong>si</strong></span> <span class='ocrx_word' id='word_1_823' title='bbox 1350 2179 1441 2218; x_wconf 81' lang='lat' dir='ltr'><strong>servus</strong></span> <span class='ocrx_word' id='word_1_824' title='bbox 1459 2163 1572 2232; x_wconf 88' lang='lat' dir='ltr'><strong>sumpsit</strong></span> <span class='ocrx_word' id='word_1_825' title='bbox 1588 2163 1743 2230; x_wconf 88' lang='lat' dir='ltr'><strong>pecuniam,</strong></span> <span class='ocrx_word' id='word_1_826' title='bbox 1760 2167 1792 2216; x_wconf 92' lang='lat' dir='ltr'><strong>ut</strong></span> <span class='ocrx_word' id='word_1_827' title='bbox 1809 2179 1837 2218; x_wconf 90' lang='lat' dir='ltr'><strong>se</strong></span> <span class='ocrx_word' id='word_1_828' title='bbox 1854 2163 1938 2218; x_wconf 84' lang='lat' dir='ltr'><strong>oleret</strong></span> 
     </span>
     <span class='ocr_line' id='line_1_105' title="bbox 1127 2229 1938 2296; baseline 0 -12"><span class='ocrx_word' id='word_1_829' title='bbox 1127 2235 1154 2284; x_wconf 90' lang='grc' dir='ltr'><strong>ιι</strong></span> <span class='ocrx_word' id='word_1_830' title='bbox 1171 2233 1280 2284; x_wconf 84' lang='lat' dir='ltr'><strong>vestiret</strong></span> <span class='ocrx_word' id='word_1_831' title='bbox 1302 2231 1447 2284; x_wconf 86' lang='lat' dir='ltr'><strong>secundum</strong></span> <span class='ocrx_word' id='word_1_832' title='bbox 1471 2231 1689 2284; x_wconf 89' lang='lat' dir='ltr'><strong>cousuetudinem</strong></span> <span class='ocrx_word' id='word_1_833' title='bbox 1712 2229 1824 2296; x_wconf 90' lang='lat' dir='ltr'><strong>domini,</strong></span> <span class='ocrx_word' id='word_1_834' title='bbox 1847 2231 1938 2284; x_wconf 91' lang='lat' dir='ltr'><strong>idest</strong></span> 
     </span>
     <span class='ocr_line' id='line_1_106' title="bbox 1126 2299 1938 2368; baseline 0 -16"><span class='ocrx_word' id='word_1_835' title='bbox 1126 2315 1211 2368; x_wconf 89' lang='lat' dir='ltr'><strong>usque</strong></span> <span class='ocrx_word' id='word_1_836' title='bbox 1229 2299 1263 2352; x_wconf 92' lang='lat' dir='ltr'><strong>ad</strong></span> <span class='ocrx_word' id='word_1_837' title='bbox 1281 2315 1340 2352; x_wconf 91' lang='lat' dir='ltr'><strong>eum</strong></span> <span class='ocrx_word' id='word_1_838' title='bbox 1361 2299 1483 2364; x_wconf 88' lang='lat' dir='ltr'><strong>modurn,</strong></span> <span class='ocrx_word' id='word_1_839' title='bbox 1509 2315 1586 2366; x_wconf 89' lang='lat' dir='ltr'><strong>quern</strong></span> <span class='ocrx_word' id='word_1_840' title='bbox 1609 2299 1730 2352; x_wconf 92' lang='lat' dir='ltr'><strong>dominus</strong></span> <span class='ocrx_word' id='word_1_841' title='bbox 1754 2299 1778 2352; x_wconf 91' lang='lat' dir='ltr'><strong>ei</strong></span> <span class='ocrx_word' id='word_1_842' title='bbox 1799 2303 1938 2368; x_wconf 88' lang='lat' dir='ltr'><strong>praestare</strong></span> 
     </span>
     <span class='ocr_line' id='line_1_107' title="bbox 1127 2365 1937 2432; baseline -0.005 -10"><span class='ocrx_word' id='word_1_843' title='bbox 1127 2373 1317 2432; x_wconf 87' lang='lat' dir='ltr'><strong>consueverat,</strong></span> <span class='ocrx_word' id='word_1_844' title='bbox 1345 2367 1373 2422; x_wconf 89' lang='lat' dir='ltr'><strong>in</strong></span> <span class='ocrx_word' id='word_1_845' title='bbox 1401 2383 1458 2420; x_wconf 89' lang='lat' dir='ltr'><strong>rem</strong></span> <span class='ocrx_word' id='word_1_846' title='bbox 1480 2365 1565 2420; x_wconf 82' lang='lat' dir='ltr'><strong>rideri</strong></span> <span class='ocrx_word' id='word_1_847' title='bbox 1588 2365 1686 2420; x_wconf 91' lang='lat' dir='ltr'><strong>domini</strong></span> <span class='ocrx_word' id='word_1_848' title='bbox 1709 2365 1821 2420; x_wconf 83' lang='lat' dir='ltr'><strong>vertisse</strong></span> <span class='ocrx_word' id='word_1_849' title='bbox 1844 2365 1937 2420; x_wconf 87' lang='lat' dir='ltr'><strong>Labeo</strong></span> 
     </span>
     <span class='ocr_line' id='line_1_108' title="bbox 1126 2433 1938 2502; baseline -0.005 -12"><span class='ocrx_word' id='word_1_850' title='bbox 1126 2439 1143 2490; x_wconf 84' lang='lat' dir='ltr'><strong>t</strong></span> <span class='ocrx_word' id='word_1_851' title='bbox 1178 2435 1278 2488; x_wconf 87' lang='lat' dir='ltr'><strong>scribit.</strong></span> <span class='ocrx_word' id='word_1_852' title='bbox 1304 2451 1365 2502; x_wconf 85' lang='lat' dir='ltr'><strong>ergo</strong></span> <span class='ocrx_word' id='word_1_853' title='bbox 1383 2433 1453 2488; x_wconf 90' lang='lat' dir='ltr'><strong>idem</strong></span> <span class='ocrx_word' id='word_1_854' title='bbox 1470 2435 1521 2488; x_wconf 89' lang='lat' dir='ltr'><strong>erit</strong></span> <span class='ocrx_word' id='word_1_855' title='bbox 1538 2441 1565 2488; x_wconf 89' lang='lat' dir='ltr'><strong>et</strong></span> <span class='ocrx_word' id='word_1_856' title='bbox 1580 2433 1609 2488; x_wconf 91' lang='lat' dir='ltr'><strong>in</strong></span> <span class='ocrx_word' id='word_1_857' title='bbox 1625 2433 1688 2488; x_wconf 88' lang='lat' dir='ltr'><strong>filio.</strong></span> <span class='ocrx_word' id='word_1_858' title='bbox 1724 2433 1776 2488; x_wconf 81' lang='lat' dir='ltr'><strong>Sed</strong></span> <span class='ocrx_word' id='word_1_859' title='bbox 1800 2435 1823 2490; x_wconf 87' lang='lat' dir='ltr'><strong>si</strong></span> <span class='ocrx_word' id='word_1_860' title='bbox 1844 2437 1938 2488; x_wconf 87' lang='lat' dir='ltr'><strong>mutua</strong></span> 
     </span>
     <span class='ocr_line' id='line_1_109' title="bbox 1126 2501 1936 2572; baseline 0 -18"><span class='ocrx_word' id='word_1_861' title='bbox 1126 2503 1241 2572; x_wconf 89' lang='lat' dir='ltr'><strong>pecunia</strong></span> <span class='ocrx_word' id='word_1_862' title='bbox 1264 2509 1375 2572; x_wconf 88' lang='lat' dir='ltr'><strong>accepta</strong></span> <span class='ocrx_word' id='word_1_863' title='bbox 1399 2503 1506 2556; x_wconf 89' lang='lat' dir='ltr'><strong>domum</strong></span> <span class='ocrx_word' id='word_1_864' title='bbox 1523 2501 1681 2556; x_wconf 89' lang='lat' dir='ltr'><strong>dominicam</strong></span> <span class='ocrx_word' id='word_1_865' title='bbox 1698 2503 1835 2556; x_wconf 81' lang='lat' dir='ltr'><strong>exornavit</strong></span> <span class='ocrx_word' id='word_1_866' title='bbox 1853 2505 1936 2556; x_wconf 91' lang='lat' dir='ltr'><strong>tecto-</strong></span> 
     </span>
     <span class='ocr_line' id='line_1_110' title="bbox 1126 2569 1937 2640; baseline -0.005 -14"><span class='ocrx_word' id='word_1_867' title='bbox 1126 2569 1173 2626; x_wconf 87' lang='lat' dir='ltr'><strong>riis</strong></span> <span class='ocrx_word' id='word_1_868' title='bbox 1191 2575 1218 2626; x_wconf 91' lang='lat' dir='ltr'><strong>et</strong></span> <span class='ocrx_word' id='word_1_869' title='bbox 1241 2569 1399 2638; x_wconf 90' lang='lat' dir='ltr'><strong>quibusdam</strong></span> <span class='ocrx_word' id='word_1_870' title='bbox 1421 2571 1494 2636; x_wconf 90' lang='lat' dir='ltr'><strong>aliis,</strong></span> <span class='ocrx_word' id='word_1_871' title='bbox 1521 2575 1590 2640; x_wconf 87' lang='lat' dir='ltr'><strong>quaa</strong></span> <span class='ocrx_word' id='word_1_872' title='bbox 1612 2571 1694 2638; x_wconf 67' lang='grc' dir='ltr'>ιιιιι</span> <span class='ocrx_word' id='word_1_873' title='bbox 1718 2569 1752 2624; x_wconf 90' lang='lat' dir='ltr'><strong>ad</strong></span> <span class='ocrx_word' id='word_1_874' title='bbox 1773 2571 1937 2640; x_wconf 73' lang='lat' dir='ltr'><strong>voluptatem</strong></span> 
     </span>
     <span class='ocr_line' id='line_1_111' title="bbox 1126 2639 1936 2708; baseline 0 -16"><span class='ocrx_word' id='word_1_875' title='bbox 1126 2641 1260 2708; x_wconf 85' lang='lat' dir='ltr'><strong>pertinent</strong></span> <span class='ocrx_word' id='word_1_876' title='bbox 1283 2655 1362 2708; x_wconf 91' lang='lat' dir='ltr'><strong>quam</strong></span> <span class='ocrx_word' id='word_1_877' title='bbox 1385 2639 1420 2692; x_wconf 85' lang='lat' dir='ltr'><strong>ad</strong></span> <span class='ocrx_word' id='word_1_878' title='bbox 1442 2639 1597 2704; x_wconf 90' lang='lat' dir='ltr'><strong>utilitatem,</strong></span> <span class='ocrx_word' id='word_1_879' title='bbox 1622 2655 1684 2692; x_wconf 79' lang='lat' dir='ltr'><strong>non·</strong></span> <span class='ocrx_word' id='word_1_880' title='bbox 1698 2639 1802 2692; x_wconf 83' lang='lat' dir='ltr'><strong>ridetur</strong></span> <span class='ocrx_word' id='word_1_881' title='bbox 1823 2653 1936 2704; x_wconf 88' lang='lat' dir='ltr'><strong>versum,</strong></span> 
     </span>
     <span class='ocr_line' id='line_1_112' title="bbox 1145 2705 1936 2776; baseline -0.003 -16"><span class='ocrx_word' id='word_1_882' title='bbox 1145 2707 1189 2760; x_wconf 93' lang='lat' dir='ltr'><strong>uia</strong></span> <span class='ocrx_word' id='word_1_883' title='bbox 1207 2721 1256 2760; x_wconf 90' lang='lat' dir='ltr'><strong>uec</strong></span> <span class='ocrx_word' id='word_1_884' title='bbox 1274 2713 1433 2776; x_wconf 88' lang='lat' dir='ltr'><strong>procurator</strong></span> <span class='ocrx_word' id='word_1_885' title='bbox 1448 2707 1516 2760; x_wconf 88' lang='lat' dir='ltr'><strong>baec</strong></span> <span class='ocrx_word' id='word_1_886' title='bbox 1532 2707 1689 2776; x_wconf 86' lang='lat' dir='ltr'><strong>imputaret,</strong></span> <span class='ocrx_word' id='word_1_887' title='bbox 1707 2705 1759 2760; x_wconf 88' lang='lat' dir='ltr'><strong>uisi</strong></span> <span class='ocrx_word' id='word_1_888' title='bbox 1774 2707 1845 2762; x_wconf 86' lang='lat' dir='ltr'><strong>forte</strong></span> <span class='ocrx_word' id='word_1_889' title='bbox 1861 2721 1936 2758; x_wconf 90' lang='lat' dir='ltr'><strong>mau-</strong></span> 
     </span>
     <span class='ocr_line' id='line_1_113' title="bbox 1127 2725 1938 2830; baseline -0.002 0"><span class='ocrx_word' id='word_1_890' title='bbox 1127 2725 1219 2830; x_wconf 52' lang='lat' dir='ltr'><strong>aatum</strong></span> <span class='ocrx_word' id='word_1_891' title='bbox 1236 2775 1334 2828; x_wconf 88' lang='lat' dir='ltr'><strong>domini</strong></span> <span class='ocrx_word' id='word_1_892' title='bbox 1352 2779 1400 2828; x_wconf 88' lang='lat' dir='ltr'><strong>aut</strong></span> <span class='ocrx_word' id='word_1_893' title='bbox 1415 2773 1580 2830; x_wconf 82' lang='lat' dir='ltr'><strong>voluntatem</strong></span> <span class='ocrx_word' id='word_1_894' title='bbox 1596 2775 1704 2828; x_wconf 87' lang='lat' dir='ltr'><strong>habuit:</strong></span> <span class='ocrx_word' id='word_1_895' title='bbox 1722 2791 1772 2828; x_wconf 89' lang='lat' dir='ltr'><strong>nec</strong></span> <span class='ocrx_word' id='word_1_896' title='bbox 1791 2773 1887 2828; x_wconf 90' lang='lat' dir='ltr'><strong>debere</strong></span> <span class='ocrx_word' id='word_1_897' title='bbox 1905 2791 1938 2828; x_wconf 82' lang='grc' dir='ltr'><strong>ιι</strong></span> 
     </span>
     <span class='ocr_line' id='line_1_114' title="bbox 1127 2841 1936 2910; baseline 0 -14"><span class='ocrx_word' id='word_1_898' title='bbox 1127 2857 1158 2896; x_wconf 88' lang='grc' dir='ltr'><strong>ιο</strong></span> <span class='ocrx_word' id='word_1_899' title='bbox 1178 2843 1283 2896; x_wconf 89' lang='lat' dir='ltr'><strong>onerari</strong></span> <span class='ocrx_word' id='word_1_900' title='bbox 1301 2843 1447 2908; x_wconf 88' lang='lat' dir='ltr'><strong>dominum,</strong></span> <span class='ocrx_word' id='word_1_901' title='bbox 1471 2843 1542 2910; x_wconf 86' lang='lat' dir='ltr'><strong>quod</strong></span> <span class='ocrx_word' id='word_1_902' title='bbox 1565 2843 1622 2910; x_wconf 88' lang='lat' dir='ltr'><strong>ipse</strong></span> <span class='ocrx_word' id='word_1_903' title='bbox 1644 2841 1764 2896; x_wconf 89' lang='lat' dir='ltr'><strong>facturus</strong></span> <span class='ocrx_word' id='word_1_904' title='bbox 1785 2859 1841 2898; x_wconf 89' lang='lat' dir='ltr'><strong>non</strong></span> <span class='ocrx_word' id='word_1_905' title='bbox 1859 2847 1936 2896; x_wconf 88' lang='lat' dir='ltr'><strong>esset.</strong></span> 
     </span>
     <span class='ocr_line' id='line_1_115' title="bbox 1127 2910 1937 2980; baseline -0.002 -16"><span class='ocrx_word' id='word_1_906' title='bbox 1127 2910 1191 2980; x_wconf 91' lang='lat' dir='ltr'><strong>quid</strong></span> <span class='ocrx_word' id='word_1_907' title='bbox 1210 2927 1271 2978; x_wconf 83' lang='lat' dir='ltr'><strong>ergo</strong></span> <span class='ocrx_word' id='word_1_908' title='bbox 1289 2911 1347 2964; x_wconf 82' lang='lat' dir='ltr'><strong>est?</strong></span> <span class='ocrx_word' id='word_1_909' title='bbox 1373 2911 1430 2978; x_wconf 89' lang='lat' dir='ltr'><strong>pati</strong></span> <span class='ocrx_word' id='word_1_910' title='bbox 1448 2911 1527 2964; x_wconf 89' lang='lat' dir='ltr'><strong>debet</strong></span> <span class='ocrx_word' id='word_1_911' title='bbox 1544 2911 1665 2964; x_wconf 88' lang='lat' dir='ltr'><strong>dominus</strong></span> <span class='ocrx_word' id='word_1_912' title='bbox 1691 2911 1848 2964; x_wconf 87' lang='lat' dir='ltr'><strong>creditorem</strong></span> <span class='ocrx_word' id='word_1_913' title='bbox 1870 2911 1937 2964; x_wconf 88' lang='lat' dir='ltr'><strong>haec</strong></span> 
     </span>
     <span class='ocr_line' id='line_1_116' title="bbox 1127 2977 1937 3046; baseline -0.005 -12"><span class='ocrx_word' id='word_1_914' title='bbox 1127 2977 1247 3044; x_wconf 90' lang='lat' dir='ltr'><strong>auferre,</strong></span> <span class='ocrx_word' id='word_1_915' title='bbox 1271 2979 1327 3034; x_wconf 86' lang='lat' dir='ltr'><strong>sine</strong></span> <span class='ocrx_word' id='word_1_916' title='bbox 1345 2977 1458 3032; x_wconf 68' lang='grc' dir='ltr'><strong>ιοιιιιι</strong></span> <span class='ocrx_word' id='word_1_917' title='bbox 1473 2977 1596 3032; x_wconf 83' lang='lat' dir='ltr'><strong>videlieet</strong></span> <span class='ocrx_word' id='word_1_918' title='bbox 1612 2977 1722 3044; x_wconf 83' lang='lat' dir='ltr'><strong>irriuria,</strong></span> <span class='ocrx_word' id='word_1_919' title='bbox 1746 2993 1779 3032; x_wconf 87' lang='lat' dir='ltr'><strong>ue</strong></span> <span class='ocrx_word' id='word_1_920' title='bbox 1804 2977 1937 3046; x_wconf 87' lang='lat' dir='ltr'><strong>cogendus</strong></span> 
     </span>
     <span class='ocr_line' id='line_1_117' title="bbox 1127 3045 1937 3116; baseline -0.002 -16"><span class='ocrx_word' id='word_1_921' title='bbox 1127 3047 1161 3100; x_wconf 91' lang='lat' dir='ltr'><strong>sit</strong></span> <span class='ocrx_word' id='word_1_922' title='bbox 1179 3047 1300 3100; x_wconf 89' lang='lat' dir='ltr'><strong>domiuus</strong></span> <span class='ocrx_word' id='word_1_923' title='bbox 1317 3047 1430 3100; x_wconf 85' lang='lat' dir='ltr'><strong>rendere</strong></span> <span class='ocrx_word' id='word_1_924' title='bbox 1454 3045 1575 3112; x_wconf 87' lang='lat' dir='ltr'><strong>domum,</strong></span> <span class='ocrx_word' id='word_1_925' title='bbox 1599 3051 1630 3100; x_wconf 93' lang='lat' dir='ltr'><strong>ut</strong></span> <span class='ocrx_word' id='word_1_926' title='bbox 1652 3047 1746 3114; x_wconf 89' lang='lat' dir='ltr'><strong>quanti</strong></span> <span class='ocrx_word' id='word_1_927' title='bbox 1767 3045 1908 3116; x_wconf 86' lang='lat' dir='ltr'><strong>pretiosior</strong></span> <span class='ocrx_word' id='word_1_928' title='bbox 1917 3049 1937 3078; x_wconf 84' lang='lat'><strong>1⁰</strong></span> 
     </span>
     <span class='ocr_line' id='line_1_118' title="bbox 1127 3115 1937 3184; baseline 0 -16"><span class='ocrx_word' id='word_1_929' title='bbox 1127 3119 1141 3168; x_wconf 85' lang='lat'>5</span> <span class='ocrx_word' id='word_1_930' title='bbox 1178 3115 1251 3170; x_wconf 85' lang='lat' dir='ltr'><strong>faeta</strong></span> <span class='ocrx_word' id='word_1_931' title='bbox 1269 3121 1315 3178; x_wconf 88' lang='lat' dir='ltr'><strong>est,</strong></span> <span class='ocrx_word' id='word_1_932' title='bbox 1334 3115 1361 3166; x_wconf 91' lang='lat' dir='ltr'><strong>id</strong></span> <span class='ocrx_word' id='word_1_933' title='bbox 1376 3121 1505 3184; x_wconf 90' lang='lat' dir='ltr'><strong>praestet.</strong></span> <span class='ocrx_word' id='word_1_934' title='bbox 1539 3115 1612 3168; x_wconf 90' lang='lat' dir='ltr'><strong>Idem</strong></span> <span class='ocrx_word' id='word_1_935' title='bbox 1628 3115 1719 3168; x_wconf 86' lang='lat' dir='ltr'><strong>Labeo</strong></span> <span class='ocrx_word' id='word_1_936' title='bbox 1738 3115 1789 3180; x_wconf 89' lang='grc' dir='ltr'>ιιι,</span> <span class='ocrx_word' id='word_1_937' title='bbox 1807 3115 1830 3168; x_wconf 90' lang='lat' dir='ltr'><strong>si</strong></span> <span class='ocrx_word' id='word_1_938' title='bbox 1847 3129 1937 3168; x_wconf 75' lang='lat' dir='ltr'><strong>seruus</strong></span> 
     </span>
     <span class='ocr_line' id='line_1_119' title="bbox 1126 3181 1935 3246; baseline 0.001 -10"><span class='ocrx_word' id='word_1_939' title='bbox 1126 3187 1263 3238; x_wconf 88' lang='lat' dir='ltr'><strong>mutuatus</strong></span> <span class='ocrx_word' id='word_1_940' title='bbox 1280 3199 1401 3236; x_wconf 90' lang='lat' dir='ltr'><strong>nummos</strong></span> <span class='ocrx_word' id='word_1_941' title='bbox 1419 3199 1436 3236; x_wconf 93' lang='lat' dir='ltr'><strong>a</strong></span> <span class='ocrx_word' id='word_1_942' title='bbox 1453 3197 1495 3236; x_wconf 91' lang='lat' dir='ltr'><strong>me</strong></span> <span class='ocrx_word' id='word_1_943' title='bbox 1511 3181 1555 3236; x_wconf 87' lang='lat' dir='ltr'><strong>alii</strong></span> <span class='ocrx_word' id='word_1_944' title='bbox 1571 3197 1615 3236; x_wconf 89' lang='lat' dir='ltr'><strong>eos</strong></span> <span class='ocrx_word' id='word_1_945' title='bbox 1630 3181 1776 3246; x_wconf 88' lang='lat' dir='ltr'><strong>crediderit,</strong></span> <span class='ocrx_word' id='word_1_946' title='bbox 1796 3181 1829 3236; x_wconf 90' lang='lat' dir='ltr'><strong>de</strong></span> <span class='ocrx_word' id='word_1_947' title='bbox 1841 3181 1935 3238; x_wconf 81' lang='lat' dir='ltr'><strong>inrum</strong></span> 
     </span>
     <span class='ocr_line' id='line_1_120' title="bbox 1126 3249 1935 3320; baseline 0 -16"><span class='ocrx_word' id='word_1_948' title='bbox 1126 3265 1202 3304; x_wconf 88' lang='lat' dir='ltr'><strong>verso</strong></span> <span class='ocrx_word' id='word_1_949' title='bbox 1214 3251 1347 3304; x_wconf 89' lang='lat' dir='ltr'><strong>dominum</strong></span> <span class='ocrx_word' id='word_1_950' title='bbox 1361 3251 1453 3316; x_wconf 90' lang='lat' dir='ltr'><strong>teneri,</strong></span> <span class='ocrx_word' id='word_1_951' title='bbox 1470 3249 1541 3318; x_wconf 89' lang='lat' dir='ltr'><strong>quod</strong></span> <span class='ocrx_word' id='word_1_952' title='bbox 1556 3265 1652 3304; x_wconf 89' lang='lat' dir='ltr'><strong>nomen</strong></span> <span class='ocrx_word' id='word_1_953' title='bbox 1667 3251 1691 3304; x_wconf 90' lang='lat' dir='ltr'><strong>ei</strong></span> <span class='ocrx_word' id='word_1_954' title='bbox 1705 3249 1866 3320; x_wconf 87' lang='lat' dir='ltr'><strong>adquisitum</strong></span> <span class='ocrx_word' id='word_1_955' title='bbox 1883 3255 1935 3304; x_wconf 87' lang='lat' dir='ltr'><strong>est:</strong></span> 
     </span>
     <span class='ocr_line' id='line_1_121' title="bbox 1127 3317 1935 3388; baseline 0 -16"><span class='ocrx_word' id='word_1_956' title='bbox 1127 3333 1206 3388; x_wconf 90' lang='lat' dir='ltr'><strong>quarn</strong></span> <span class='ocrx_word' id='word_1_957' title='bbox 1224 3319 1380 3372; x_wconf 89' lang='lat' dir='ltr'><strong>senteutiam</strong></span> <span class='ocrx_word' id='word_1_958' title='bbox 1397 3319 1560 3388; x_wconf 87' lang='lat' dir='ltr'><strong>Pomponius</strong></span> <span class='ocrx_word' id='word_1_959' title='bbox 1577 3317 1616 3370; x_wconf 88' lang='lat' dir='ltr'><strong>ita</strong></span> <span class='ocrx_word' id='word_1_960' title='bbox 1632 3319 1741 3386; x_wconf 90' lang='lat' dir='ltr'><strong>probat,</strong></span> <span class='ocrx_word' id='word_1_961' title='bbox 1766 3319 1789 3372; x_wconf 90' lang='lat' dir='ltr'><strong>si</strong></span> <span class='ocrx_word' id='word_1_962' title='bbox 1812 3335 1867 3372; x_wconf 92' lang='lat' dir='ltr'><strong>non</strong></span> <span class='ocrx_word' id='word_1_963' title='bbox 1889 3335 1935 3388; x_wconf 90' lang='lat' dir='ltr'><strong>pe-</strong></span> 
     </span>
     <span class='ocr_line' id='line_1_122' title="bbox 1127 3385 1935 3454; baseline 0.001 -14"><span class='ocrx_word' id='word_1_964' title='bbox 1127 3385 1227 3440; x_wconf 90' lang='lat' dir='ltr'><strong>culiare</strong></span> <span class='ocrx_word' id='word_1_965' title='bbox 1252 3403 1348 3440; x_wconf 89' lang='lat' dir='ltr'><strong>nomen</strong></span> <span class='ocrx_word' id='word_1_966' title='bbox 1371 3385 1451 3450; x_wconf 80' lang='lat' dir='ltr'><strong>fecit,</strong></span> <span class='ocrx_word' id='word_1_967' title='bbox 1478 3387 1526 3442; x_wconf 89' lang='lat' dir='ltr'><strong>sed</strong></span> <span class='ocrx_word' id='word_1_968' title='bbox 1548 3385 1625 3454; x_wconf 89' lang='lat' dir='ltr'><strong>quasi</strong></span> <span class='ocrx_word' id='word_1_969' title='bbox 1648 3385 1794 3440; x_wconf 87' lang='lat' dir='ltr'><strong>dominicae</strong></span> <span class='ocrx_word' id='word_1_970' title='bbox 1817 3387 1935 3442; x_wconf 88' lang='lat' dir='ltr'><strong>rationis.</strong></span> 
     </span>
     <span class='ocr_line' id='line_1_123' title="bbox 1127 3453 1937 3522; baseline 0 -14"><span class='ocrx_word' id='word_1_971' title='bbox 1127 3469 1160 3508; x_wconf 82' lang='lat' dir='ltr'><strong>cx</strong></span> <span class='ocrx_word' id='word_1_972' title='bbox 1178 3469 1230 3522; x_wconf 89' lang='lat' dir='ltr'><strong>qua</strong></span> <span class='ocrx_word' id='word_1_973' title='bbox 1249 3469 1330 3508; x_wconf 86' lang='lat' dir='ltr'><strong>causa</strong></span> <span class='ocrx_word' id='word_1_974' title='bbox 1346 3453 1476 3508; x_wconf 86' lang='lat' dir='ltr'><strong>hactenus</strong></span> <span class='ocrx_word' id='word_1_975' title='bbox 1495 3455 1545 3508; x_wconf 91' lang='lat' dir='ltr'><strong>erit</strong></span> <span class='ocrx_word' id='word_1_976' title='bbox 1562 3453 1683 3508; x_wconf 89' lang='lat' dir='ltr'><strong>domiuus</strong></span> <span class='ocrx_word' id='word_1_977' title='bbox 1700 3453 1840 3520; x_wconf 83' lang='lat' dir='ltr'><strong>obligatus,</strong></span> <span class='ocrx_word' id='word_1_978' title='bbox 1857 3461 1895 3520; x_wconf 89' lang='lat' dir='ltr'><strong>ut,</strong></span> <span class='ocrx_word' id='word_1_979' title='bbox 1914 3455 1937 3508; x_wconf 90' lang='lat' dir='ltr'><strong>si</strong></span> 
     </span>
     <span class='ocr_line' id='line_1_124' title="bbox 1126 3521 1935 3590; baseline 0.002 -16"><span class='ocrx_word' id='word_1_980' title='bbox 1126 3537 1178 3574; x_wconf 90' lang='lat' dir='ltr'><strong>non</strong></span> <span class='ocrx_word' id='word_1_981' title='bbox 1196 3529 1276 3590; x_wconf 89' lang='lat' dir='ltr'><strong>putat</strong></span> <span class='ocrx_word' id='word_1_982' title='bbox 1293 3521 1344 3576; x_wconf 90' lang='lat' dir='ltr'><strong>sibi</strong></span> <span class='ocrx_word' id='word_1_983' title='bbox 1361 3521 1484 3590; x_wconf 82' lang='lat' dir='ltr'><strong>expedire</strong></span> <span class='ocrx_word' id='word_1_984' title='bbox 1502 3537 1599 3576; x_wconf 86' lang='lat' dir='ltr'><strong>nomen</strong></span> <span class='ocrx_word' id='word_1_985' title='bbox 1616 3523 1742 3576; x_wconf 90' lang='lat' dir='ltr'><strong>debitoris</strong></span> <span class='ocrx_word' id='word_1_986' title='bbox 1759 3521 1873 3586; x_wconf 88' lang='lat' dir='ltr'><strong>habere,</strong></span> <span class='ocrx_word' id='word_1_987' title='bbox 1892 3539 1935 3576; x_wconf 91' lang='lat' dir='ltr'><strong>ce·</strong></span> 
     </span>
     <span class='ocr_line' id='line_1_125' title="bbox 1127 3589 1935 3660; baseline 0.002 -18"><span class='ocrx_word' id='word_1_988' title='bbox 1127 3589 1173 3642; x_wconf 89' lang='lat' dir='ltr'><strong>dat</strong></span> <span class='ocrx_word' id='word_1_989' title='bbox 1191 3591 1315 3644; x_wconf 91' lang='lat' dir='ltr'><strong>creditori</strong></span> <span class='ocrx_word' id='word_1_990' title='bbox 1332 3589 1482 3644; x_wconf 88' lang='lat' dir='ltr'><strong>actionibus</strong></span> <span class='ocrx_word' id='word_1_991' title='bbox 1499 3595 1750 3660; x_wconf 86' lang='lat' dir='ltr'><strong>procuratoremque</strong></span> <span class='ocrx_word' id='word_1_992' title='bbox 1768 3605 1827 3644; x_wconf 88' lang='lat' dir='ltr'><strong>eum</strong></span> <span class='ocrx_word' id='word_1_993' title='bbox 1844 3589 1935 3646; x_wconf 89' lang='lat' dir='ltr'><strong>faciat.</strong></span> 
     </span>
     <span class='ocr_line' id='line_1_126' title="bbox 1127 3657 1934 3726; baseline 0 -14"><span class='ocrx_word' id='word_1_994' title='bbox 1127 3661 1141 3712; x_wconf 89' lang='lat'><strong>6</strong></span> <span class='ocrx_word' id='word_1_995' title='bbox 1177 3657 1202 3712; x_wconf 89' lang='lat' dir='ltr'>N</span> <span class='ocrx_word' id='word_1_996' title='bbox 1204 3675 1234 3712; x_wconf 92' lang='grc' dir='ltr'><strong>ιι</strong></span> <span class='ocrx_word' id='word_1_997' title='bbox 1251 3675 1306 3712; x_wconf 92' lang='lat' dir='ltr'><strong>non</strong></span> <span class='ocrx_word' id='word_1_998' title='bbox 1322 3657 1387 3712; x_wconf 89' lang='lat' dir='ltr'><strong>illud</strong></span> <span class='ocrx_word' id='word_1_999' title='bbox 1405 3673 1509 3726; x_wconf 88' lang='lat' dir='ltr'><strong>quoque</strong></span> <span class='ocrx_word' id='word_1_1000' title='bbox 1526 3659 1554 3712; x_wconf 91' lang='grc' dir='ltr'><strong>ιι</strong></span> <span class='ocrx_word' id='word_1_1001' title='bbox 1571 3673 1626 3712; x_wconf 91' lang='lat' dir='ltr'><strong>rem</strong></span> <span class='ocrx_word' id='word_1_1002' title='bbox 1644 3659 1741 3712; x_wconf 89' lang='lat' dir='ltr'><strong>domini</strong></span> <span class='ocrx_word' id='word_1_1003' title='bbox 1758 3673 1863 3712; x_wconf 82' lang='lat' dir='ltr'><strong>uersum</strong></span> <span class='ocrx_word' id='word_1_1004' title='bbox 1880 3659 1934 3712; x_wconf 90' lang='lat' dir='ltr'><strong>La·</strong></span> 
     </span>
     <span class='ocr_line' id='line_1_127' title="bbox 1126 3727 1937 3794; baseline 0 -16"><span class='ocrx_word' id='word_1_1005' title='bbox 1126 3727 1177 3780; x_wconf 92' lang='lat' dir='ltr'><strong>beo</strong></span> <span class='ocrx_word' id='word_1_1006' title='bbox 1200 3727 1252 3790; x_wconf 92' lang='lat' dir='ltr'><strong>ait,</strong></span> <span class='ocrx_word' id='word_1_1007' title='bbox 1276 3727 1347 3794; x_wconf 88' lang='lat' dir='ltr'><strong>qnod</strong></span> <span class='ocrx_word' id='word_1_1008' title='bbox 1370 3733 1507 3778; x_wconf 89' lang='lat' dir='ltr'><strong>mutuatus</strong></span> <span class='ocrx_word' id='word_1_1009' title='bbox 1526 3741 1617 3780; x_wconf 83' lang='lat' dir='ltr'><strong>servus</strong></span> <span class='ocrx_word' id='word_1_1010' title='bbox 1636 3727 1740 3780; x_wconf 89' lang='lat' dir='ltr'><strong>domiuo</strong></span> <span class='ocrx_word' id='word_1_1011' title='bbox 1760 3727 1822 3780; x_wconf 89' lang='lat' dir='ltr'><strong>emit</strong></span> <span class='ocrx_word' id='word_1_1012' title='bbox 1838 3727 1937 3780; x_wconf 83' lang='lat' dir='ltr'><strong>volenti</strong></span> 
     </span>
     <span class='ocr_line' id='line_1_128' title="bbox 1126 3791 1935 3862; baseline 0.002 -16"><span class='ocrx_word' id='word_1_1013' title='bbox 1126 3791 1161 3846; x_wconf 88' lang='lat' dir='ltr'><strong>ad</strong></span> <span class='ocrx_word' id='word_1_1014' title='bbox 1178 3793 1298 3846; x_wconf 79' lang='lat' dir='ltr'><strong>luxuriae</strong></span> <span class='ocrx_word' id='word_1_1015' title='bbox 1315 3793 1460 3858; x_wconf 88' lang='lat' dir='ltr'><strong>materiam,</strong></span> <span class='ocrx_word' id='word_1_1016' title='bbox 1478 3799 1614 3862; x_wconf 85' lang='lat' dir='ltr'><strong>unguenta</strong></span> <span class='ocrx_word' id='word_1_1017' title='bbox 1631 3793 1707 3858; x_wconf 82' lang='lat' dir='ltr'><strong>forte,</strong></span> <span class='ocrx_word' id='word_1_1018' title='bbox 1725 3793 1766 3846; x_wconf 88' lang='lat' dir='ltr'><strong>vel</strong></span> <span class='ocrx_word' id='word_1_1019' title='bbox 1784 3793 1807 3848; x_wconf 91' lang='lat' dir='ltr'><strong>si</strong></span> <span class='ocrx_word' id='word_1_1020' title='bbox 1824 3793 1887 3862; x_wconf 91' lang='lat' dir='ltr'><strong>quid</strong></span> <span class='ocrx_word' id='word_1_1021' title='bbox 1901 3793 1935 3848; x_wconf 86' lang='lat' dir='ltr'><strong>ad</strong></span> 
     </span>
     <span class='ocr_line' id='line_1_129' title="bbox 1127 3861 1934 3932; baseline 0 -18"><span class='ocrx_word' id='word_1_1022' title='bbox 1127 3861 1235 3914; x_wconf 87' lang='lat' dir='ltr'><strong>delicias</strong></span> <span class='ocrx_word' id='word_1_1023' title='bbox 1257 3861 1299 3914; x_wconf 96' lang='grc' dir='ltr'><strong>ιιι</strong></span> <span class='ocrx_word' id='word_1_1024' title='bbox 1321 3861 1424 3930; x_wconf 93' lang='lat' dir='ltr'><strong>siquid</strong></span> <span class='ocrx_word' id='word_1_1025' title='bbox 1442 3861 1477 3916; x_wconf 92' lang='lat' dir='ltr'><strong>ad</strong></span> <span class='ocrx_word' id='word_1_1026' title='bbox 1493 3867 1585 3932; x_wconf 88' lang='lat' dir='ltr'><strong>turpes</strong></span> <span class='ocrx_word' id='word_1_1027' title='bbox 1604 3867 1725 3930; x_wconf 87' lang='lat' dir='ltr'><strong>sumptus</strong></span> <span class='ocrx_word' id='word_1_1028' title='bbox 1742 3863 1934 3916; x_wconf 87' lang='lat' dir='ltr'><strong>sumministra-</strong></span> 
     </span>
     <span class='ocr_line' id='line_1_130' title="bbox 1127 3929 1934 3998; baseline -0.001 -16"><span class='ocrx_word' id='word_1_1029' title='bbox 1127 3931 1175 3982; x_wconf 86' lang='lat' dir='ltr'><strong>vit:</strong></span> <span class='ocrx_word' id='word_1_1030' title='bbox 1194 3945 1280 3996; x_wconf 90' lang='lat' dir='ltr'><strong>ueque</strong></span> <span class='ocrx_word' id='word_1_1031' title='bbox 1298 3929 1367 3982; x_wconf 90' lang='lat' dir='ltr'><strong>enim</strong></span> <span class='ocrx_word' id='word_1_1032' title='bbox 1385 3935 1550 3998; x_wconf 90' lang='lat' dir='ltr'><strong>spectamus,</strong></span> <span class='ocrx_word' id='word_1_1033' title='bbox 1570 3945 1605 3984; x_wconf 91' lang='lat' dir='ltr'><strong>au</strong></span> <span class='ocrx_word' id='word_1_1034' title='bbox 1621 3929 1692 3984; x_wconf 91' lang='lat' dir='ltr'><strong>bono</strong></span> <span class='ocrx_word' id='word_1_1035' title='bbox 1710 3929 1808 3984; x_wconf 90' lang='lat' dir='ltr'><strong>domini</strong></span> <span class='ocrx_word' id='word_1_1036' title='bbox 1826 3931 1934 3984; x_wconf 89' lang='lat' dir='ltr'><strong>cesserit</strong></span> 
     </span>
     <span class='ocr_line' id='line_1_131' title="bbox 1127 3997 1933 4066; baseline 0.001 -18"><span class='ocrx_word' id='word_1_1037' title='bbox 1127 3997 1197 4064; x_wconf 90' lang='lat' dir='ltr'><strong>qnod</strong></span> <span class='ocrx_word' id='word_1_1038' title='bbox 1217 4003 1402 4066; x_wconf 89' lang='lat' dir='ltr'><strong>consumptum</strong></span> <span class='ocrx_word' id='word_1_1039' title='bbox 1420 4003 1474 4062; x_wconf 90' lang='lat' dir='ltr'><strong>est,</strong></span> <span class='ocrx_word' id='word_1_1040' title='bbox 1499 3997 1545 4054; x_wconf 87' lang='lat' dir='ltr'><strong>sed</strong></span> <span class='ocrx_word' id='word_1_1041' title='bbox 1569 4015 1603 4050; x_wconf 92' lang='lat' dir='ltr'><strong>an</strong></span> <span class='ocrx_word' id='word_1_1042' title='bbox 1626 3997 1653 4050; x_wconf 91' lang='lat' dir='ltr'><strong>in</strong></span> <span class='ocrx_word' id='word_1_1043' title='bbox 1676 3999 1810 4066; x_wconf 84' lang='lat' dir='ltr'><strong>negotium</strong></span> <span class='ocrx_word' id='word_1_1044' title='bbox 1827 3997 1933 4050; x_wconf 84' lang='lat' dir='ltr'><strong>domini</strong></span> 
     </span>
     <span class='ocr_line' id='line_1_132' title="bbox 1127 4063 1934 4134; baseline 0.002 -18"><span class='ocrx_word' id='word_1_1045' title='bbox 1127 4069 1139 4116; x_wconf 80' lang='lat' dir='ltr'><strong>t</strong></span> <span class='ocrx_word' id='word_1_1046' title='bbox 1176 4063 1253 4118; x_wconf 88' lang='lat' dir='ltr'><strong>Unde</strong></span> <span class='ocrx_word' id='word_1_1047' title='bbox 1277 4071 1350 4118; x_wconf 88' lang='lat' dir='ltr'><strong>recte</strong></span> <span class='ocrx_word' id='word_1_1048' title='bbox 1375 4065 1471 4120; x_wconf 86' lang='lat' dir='ltr'><strong>dicitur</strong></span> <span class='ocrx_word' id='word_1_1049' title='bbox 1494 4071 1521 4120; x_wconf 90' lang='lat' dir='ltr'><strong>et</strong></span> <span class='ocrx_word' id='word_1_1050' title='bbox 1543 4065 1566 4120; x_wconf 92' lang='lat' dir='ltr'><strong>si</strong></span> <span class='ocrx_word' id='word_1_1051' title='bbox 1587 4065 1749 4118; x_wconf 83' lang='lat' dir='ltr'><strong>frumentum</strong></span> <span class='ocrx_word' id='word_1_1052' title='bbox 1773 4065 1934 4134; x_wconf 85' lang='lat' dir='ltr'><strong>comparavit</strong></span> 
     </span>
     <span class='ocr_line' id='line_1_133' title="bbox 1126 4133 1933 4186; baseline 0 0"><span class='ocrx_word' id='word_1_1053' title='bbox 1126 4147 1218 4186; x_wconf 85' lang='lat' dir='ltr'><strong>servus</strong></span> <span class='ocrx_word' id='word_1_1054' title='bbox 1236 4133 1270 4186; x_wconf 92' lang='lat' dir='ltr'><strong>ad</strong></span> <span class='ocrx_word' id='word_1_1055' title='bbox 1288 4133 1408 4186; x_wconf 88' lang='lat' dir='ltr'><strong>alendam</strong></span> <span class='ocrx_word' id='word_1_1056' title='bbox 1427 4133 1526 4186; x_wconf 90' lang='lat' dir='ltr'><strong>domiui</strong></span> <span class='ocrx_word' id='word_1_1057' title='bbox 1542 4133 1668 4186; x_wconf 80' lang='lat' dir='ltr'><strong>familiam</strong></span> <span class='ocrx_word' id='word_1_1058' title='bbox 1686 4139 1712 4186; x_wconf 89' lang='lat' dir='ltr'><strong>et</strong></span> <span class='ocrx_word' id='word_1_1059' title='bbox 1728 4133 1756 4186; x_wconf 91' lang='lat' dir='ltr'><strong>in</strong></span> <span class='ocrx_word' id='word_1_1060' title='bbox 1772 4133 1867 4186; x_wconf 91' lang='lat' dir='ltr'><strong>horreo</strong></span> <span class='ocrx_word' id='word_1_1061' title='bbox 1886 4133 1933 4186; x_wconf 84' lang='lat' dir='ltr'><strong>do·</strong></span> 
     </span>
     <span class='ocr_line' id='line_1_134' title="bbox 1125 4201 1934 4270; baseline 0.001 -19"><span class='ocrx_word' id='word_1_1062' title='bbox 1125 4201 1221 4254; x_wconf 91' lang='lat' dir='ltr'><strong>minico</strong></span> <span class='ocrx_word' id='word_1_1063' title='bbox 1246 4201 1364 4270; x_wconf 88' lang='lat' dir='ltr'><strong>reposuit</strong></span> <span class='ocrx_word' id='word_1_1064' title='bbox 1388 4207 1415 4256; x_wconf 92' lang='lat' dir='ltr'><strong>et</strong></span> <span class='ocrx_word' id='word_1_1065' title='bbox 1438 4201 1488 4254; x_wconf 91' lang='lat' dir='ltr'><strong>boo</strong></span> <span class='ocrx_word' id='word_1_1066' title='bbox 1512 4201 1590 4270; x_wconf 91' lang='lat' dir='ltr'><strong>periit</strong></span> <span class='ocrx_word' id='word_1_1067' title='bbox 1606 4201 1649 4252; x_wconf 89' lang='grc' dir='ltr'><strong>ιιι</strong></span> <span class='ocrx_word' id='word_1_1068' title='bbox 1667 4207 1820 4270; x_wconf 89' lang='lat' dir='ltr'><strong>corruptum</strong></span> <span class='ocrx_word' id='word_1_1069' title='bbox 1837 4207 1878 4254; x_wconf 91' lang='lat' dir='ltr'><strong>est</strong></span> <span class='ocrx_word' id='word_1_1070' title='bbox 1893 4201 1934 4254; x_wconf 87' lang='lat' dir='ltr'><strong>vel</strong></span> 
     </span>
     <span class='ocr_line' id='line_1_135' title="bbox 1126 4267 1933 4334; baseline 0 -12"><span class='ocrx_word' id='word_1_1071' title='bbox 1126 4273 1141 4322; x_wconf 89' lang='lat'>8</span> <span class='ocrx_word' id='word_1_1072' title='bbox 1177 4269 1255 4334; x_wconf 90' lang='lat' dir='ltr'><strong>arsit,</strong></span> <span class='ocrx_word' id='word_1_1073' title='bbox 1281 4267 1362 4322; x_wconf 81' lang='lat' dir='ltr'><strong>rideri</strong></span> <span class='ocrx_word' id='word_1_1074' title='bbox 1385 4285 1497 4322; x_wconf 82' lang='lat' dir='ltr'><strong>versum.</strong></span> <span class='ocrx_word' id='word_1_1075' title='bbox 1535 4267 1587 4322; x_wconf 80' lang='lat' dir='ltr'><strong>Sed</strong></span> <span class='ocrx_word' id='word_1_1076' title='bbox 1610 4273 1637 4320; x_wconf 90' lang='lat' dir='ltr'><strong>et</strong></span> <span class='ocrx_word' id='word_1_1077' title='bbox 1660 4269 1682 4322; x_wconf 91' lang='lat' dir='ltr'><strong>si</strong></span> <span class='ocrx_word' id='word_1_1078' title='bbox 1706 4285 1809 4324; x_wconf 83' lang='lat' dir='ltr'><strong>serrum</strong></span> <span class='ocrx_word' id='word_1_1079' title='bbox 1827 4269 1933 4324; x_wconf 87' lang='lat' dir='ltr'><strong>domiuo</strong></span> 
     </span>
     <span class='ocr_line' id='line_1_136' title="bbox 1125 4335 1933 4406; baseline 0 -16"><span class='ocrx_word' id='word_1_1080' title='bbox 1125 4337 1303 4390; x_wconf 87' lang='lat' dir='ltr'><strong>necessarium</strong></span> <span class='ocrx_word' id='word_1_1081' title='bbox 1321 4337 1425 4390; x_wconf 88' lang='lat' dir='ltr'><strong>emisset</strong></span> <span class='ocrx_word' id='word_1_1082' title='bbox 1440 4337 1515 4406; x_wconf 91' lang='lat' dir='ltr'><strong>isque</strong></span> <span class='ocrx_word' id='word_1_1083' title='bbox 1530 4335 1686 4390; x_wconf 89' lang='lat' dir='ltr'><strong>decessisset</strong></span> <span class='ocrx_word' id='word_1_1084' title='bbox 1700 4337 1740 4390; x_wconf 85' lang='lat' dir='ltr'><strong>vel</strong></span> <span class='ocrx_word' id='word_1_1085' title='bbox 1754 4337 1867 4390; x_wconf 84' lang='lat' dir='ltr'><strong>insulam</strong></span> <span class='ocrx_word' id='word_1_1086' title='bbox 1881 4337 1933 4390; x_wconf 83' lang='grc' dir='ltr'>ιιι-</span> 
     </span>
     <span class='ocr_line' id='line_1_137' title="bbox 1124 4403 1933 4474; baseline -0.002 -16"><span class='ocrx_word' id='word_1_1087' title='bbox 1124 4405 1203 4458; x_wconf 84' lang='grc' dir='ltr'>ιιιιιι</span> <span class='ocrx_word' id='word_1_1088' title='bbox 1221 4419 1305 4474; x_wconf 89' lang='lat' dir='ltr'><strong>eaque</strong></span> <span class='ocrx_word' id='word_1_1089' title='bbox 1321 4405 1425 4468; x_wconf 84' lang='lat' dir='ltr'><strong>rrdssot,</strong></span> <span class='ocrx_word' id='word_1_1090' title='bbox 1445 4405 1558 4458; x_wconf 88' lang='lat' dir='ltr'><strong>dicerem</strong></span> <span class='ocrx_word' id='word_1_1091' title='bbox 1576 4419 1634 4458; x_wconf 88' lang='lat' dir='ltr'><strong>esse</strong></span> <span class='ocrx_word' id='word_1_1092' title='bbox 1648 4405 1777 4458; x_wconf 89' lang='lat' dir='ltr'><strong>actionem</strong></span> <span class='ocrx_word' id='word_1_1093' title='bbox 1793 4403 1864 4460; x_wconf 88' lang='lat' dir='ltr'><strong>dein</strong></span> <span class='ocrx_word' id='word_1_1094' title='bbox 1878 4421 1933 4458; x_wconf 87' lang='lat' dir='ltr'><strong>rem</strong></span> 
     </span>
     <span class='ocr_line' id='line_1_138' title="bbox 1123 4471 1933 4550; baseline 0 -26"><span class='ocrx_word' id='word_1_1095' title='bbox 1123 4477 1140 4534; x_wconf 54' lang='grc'><strong>,9</strong></span> <span class='ocrx_word' id='word_1_1096' title='bbox 1175 4489 1259 4528; x_wconf 84' lang='lat' dir='ltr'><strong>verso.</strong></span> <span class='ocrx_word' id='word_1_1097' title='bbox 1296 4471 1349 4524; x_wconf 85' lang='lat' dir='ltr'><strong>Sed</strong></span> <span class='ocrx_word' id='word_1_1098' title='bbox 1371 4473 1393 4524; x_wconf 92' lang='lat' dir='ltr'><strong>si</strong></span> <span class='ocrx_word' id='word_1_1099' title='bbox 1417 4471 1455 4526; x_wconf 87' lang='lat' dir='ltr'><strong>sic</strong></span> <span class='ocrx_word' id='word_1_1100' title='bbox 1478 4471 1581 4550; x_wconf 84' lang='lat' dir='ltr'><strong>accepit</strong></span> <span class='ocrx_word' id='word_1_1101' title='bbox 1604 4471 1681 4540; x_wconf 90' lang='lat' dir='ltr'><strong>quasi</strong></span> <span class='ocrx_word' id='word_1_1102' title='bbox 1703 4473 1731 4526; x_wconf 91' lang='lat' dir='ltr'><strong>in</strong></span> <span class='ocrx_word' id='word_1_1103' title='bbox 1756 4487 1812 4526; x_wconf 89' lang='lat' dir='ltr'><strong>rem</strong></span> <span class='ocrx_word' id='word_1_1104' title='bbox 1835 4471 1933 4524; x_wconf 92' lang='lat' dir='ltr'><strong>domiui</strong></span> 
     </span>
     <span class='ocr_line' id='line_1_139' title="bbox 1124 4537 1932 4608; baseline -0.005 -14"><span class='ocrx_word' id='word_1_1105' title='bbox 1124 4545 1238 4594; x_wconf 83' lang='lat' dir='ltr'><strong>verteret</strong></span> <span class='ocrx_word' id='word_1_1106' title='bbox 1253 4555 1303 4592; x_wconf 89' lang='grc' dir='ltr'><strong>ιιι</strong></span> <span class='ocrx_word' id='word_1_1107' title='bbox 1319 4539 1398 4592; x_wconf 84' lang='lat' dir='ltr'><strong>vertit</strong></span> <span class='ocrx_word' id='word_1_1108' title='bbox 1416 4543 1441 4592; x_wconf 90' lang='lat' dir='ltr'><strong>et</strong></span> <span class='ocrx_word' id='word_1_1109' title='bbox 1459 4541 1563 4608; x_wconf 76' lang='lat' dir='ltr'><strong>decepit</strong></span> <span class='ocrx_word' id='word_1_1110' title='bbox 1581 4539 1743 4604; x_wconf 89' lang='lat' dir='ltr'><strong>creditorem,</strong></span> <span class='ocrx_word' id='word_1_1111' title='bbox 1761 4537 1932 4592; x_wconf 72' lang='lat' dir='ltr'><strong>denudetur</strong></span> 
     </span>
     <span class='ocr_line' id='line_1_140' title="bbox 1124 4605 1932 4672; baseline -0.002 -12"><span class='ocrx_word' id='word_1_1112' title='bbox 1124 4623 1229 4662; x_wconf 87' lang='lat' dir='ltr'><strong>versum</strong></span> <span class='ocrx_word' id='word_1_1113' title='bbox 1246 4623 1296 4660; x_wconf 89' lang='lat' dir='ltr'><strong>nec</strong></span> <span class='ocrx_word' id='word_1_1114' title='bbox 1313 4611 1418 4660; x_wconf 89' lang='lat' dir='ltr'><strong>tenetur</strong></span> <span class='ocrx_word' id='word_1_1115' title='bbox 1436 4607 1566 4672; x_wconf 90' lang='lat' dir='ltr'><strong>dominus,</strong></span> <span class='ocrx_word' id='word_1_1116' title='bbox 1584 4621 1617 4660; x_wconf 90' lang='grc' dir='ltr'><strong>ιι</strong></span> <span class='ocrx_word' id='word_1_1117' title='bbox 1637 4607 1778 4660; x_wconf 90' lang='lat' dir='ltr'><strong>credulitas</strong></span> <span class='ocrx_word' id='word_1_1118' title='bbox 1796 4605 1932 4660; x_wconf 89' lang='lat' dir='ltr'><strong>creditoris</strong></span> 
     </span>
     <span class='ocr_line' id='line_1_141' title="bbox 1125 4673 1931 4744; baseline -0.005 -14"><span class='ocrx_word' id='word_1_1119' title='bbox 1125 4675 1230 4730; x_wconf 88' lang='lat' dir='ltr'><strong>domino</strong></span> <span class='ocrx_word' id='word_1_1120' title='bbox 1256 4675 1362 4730; x_wconf 88' lang='lat' dir='ltr'><strong>obesset</strong></span> <span class='ocrx_word' id='word_1_1121' title='bbox 1378 4675 1418 4728; x_wconf 90' lang='grc' dir='ltr'><strong>ιιι</strong></span> <span class='ocrx_word' id='word_1_1122' title='bbox 1436 4675 1567 4730; x_wconf 89' lang='lat' dir='ltr'><strong>calliditas</strong></span> <span class='ocrx_word' id='word_1_1123' title='bbox 1585 4675 1652 4730; x_wconf 84' lang='lat' dir='ltr'><strong>servi</strong></span> <span class='ocrx_word' id='word_1_1124' title='bbox 1669 4679 1784 4728; x_wconf 88' lang='lat' dir='ltr'><strong>noceret.</strong></span> <span class='ocrx_word' id='word_1_1125' title='bbox 1812 4673 1875 4744; x_wconf 89' lang='lat' dir='ltr'><strong>quid</strong></span> <span class='ocrx_word' id='word_1_1126' title='bbox 1891 4679 1931 4726; x_wconf 91' lang='lat' dir='ltr'><strong>ta·</strong></span> 
     </span>
     <span class='ocr_line' id='line_1_142' title="bbox 1124 4741 1930 4810; baseline -0.005 -12"><span class='ocrx_word' id='word_1_1127' title='bbox 1124 4759 1193 4808; x_wconf 90' lang='lat' dir='ltr'><strong>men,</strong></span> <span class='ocrx_word' id='word_1_1128' title='bbox 1212 4743 1236 4798; x_wconf 91' lang='lat' dir='ltr'><strong>si</strong></span> <span class='ocrx_word' id='word_1_1129' title='bbox 1253 4743 1275 4796; x_wconf 91' lang='lat' dir='ltr'><strong>is</strong></span> <span class='ocrx_word' id='word_1_1130' title='bbox 1292 4741 1343 4796; x_wconf 88' lang='lat' dir='ltr'><strong>fuit</strong></span> <span class='ocrx_word' id='word_1_1131' title='bbox 1361 4759 1460 4808; x_wconf 80' lang='lat' dir='ltr'><strong>seruus,</strong></span> <span class='ocrx_word' id='word_1_1132' title='bbox 1479 4743 1524 4810; x_wconf 87' lang='lat' dir='ltr'><strong>qui</strong></span> <span class='ocrx_word' id='word_1_1133' title='bbox 1541 4743 1635 4798; x_wconf 91' lang='lat' dir='ltr'><strong>solitus</strong></span> <span class='ocrx_word' id='word_1_1134' title='bbox 1654 4749 1710 4796; x_wconf 90' lang='lat' dir='ltr'><strong>erat</strong></span> <span class='ocrx_word' id='word_1_1135' title='bbox 1727 4741 1860 4810; x_wconf 89' lang='lat' dir='ltr'><strong>accipiens</strong></span> <span class='ocrx_word' id='word_1_1136' title='bbox 1875 4757 1930 4794; x_wconf 85' lang='lat' dir='ltr'><strong>ver-</strong></span> 
     </span>
     <span class='ocr_line' id='line_1_143' title="bbox 1124 4809 1932 4880; baseline -0.004 -16"><span class='ocrx_word' id='word_1_1137' title='bbox 1124 4813 1198 4864; x_wconf 84' lang='lat' dir='ltr'><strong>tere?</strong></span> <span class='ocrx_word' id='word_1_1138' title='bbox 1226 4811 1312 4864; x_wconf 88' lang='lat' dir='ltr'><strong>adbuc</strong></span> <span class='ocrx_word' id='word_1_1139' title='bbox 1329 4827 1383 4864; x_wconf 90' lang='grc' dir='ltr'><strong>ιιι</strong></span> <span class='ocrx_word' id='word_1_1140' title='bbox 1400 4817 1466 4880; x_wconf 89' lang='lat' dir='ltr'><strong>puto</strong></span> <span class='ocrx_word' id='word_1_1141' title='bbox 1484 4825 1581 4864; x_wconf 87' lang='lat' dir='ltr'><strong>nocere</strong></span> <span class='ocrx_word' id='word_1_1142' title='bbox 1599 4811 1718 4876; x_wconf 87' lang='lat' dir='ltr'><strong>domino,</strong></span> <span class='ocrx_word' id='word_1_1143' title='bbox 1736 4809 1759 4864; x_wconf 92' lang='lat' dir='ltr'><strong>si</strong></span> <span class='ocrx_word' id='word_1_1144' title='bbox 1776 4809 1829 4862; x_wconf 87' lang='lat' dir='ltr'><strong>alia</strong></span> <span class='ocrx_word' id='word_1_1145' title='bbox 1845 4813 1932 4862; x_wconf 88' lang='lat' dir='ltr'><strong>mento</strong></span> 
     </span>
     <span class='ocr_line' id='line_1_144' title="bbox 1125 4877 1930 4946; baseline -0.006 -13"><span class='ocrx_word' id='word_1_1146' title='bbox 1125 4893 1216 4934; x_wconf 88' lang='lat' dir='ltr'><strong>servus</strong></span> <span class='ocrx_word' id='word_1_1147' title='bbox 1240 4879 1343 4946; x_wconf 88' lang='lat' dir='ltr'><strong>accepit</strong></span> <span class='ocrx_word' id='word_1_1148' title='bbox 1366 4885 1414 4932; x_wconf 91' lang='lat' dir='ltr'><strong>aut</strong></span> <span class='ocrx_word' id='word_1_1149' title='bbox 1439 4879 1474 4942; x_wconf 88' lang='lat' dir='ltr'><strong>si,</strong></span> <span class='ocrx_word' id='word_1_1150' title='bbox 1502 4893 1562 4930; x_wconf 91' lang='lat' dir='ltr'><strong>cnm</strong></span> <span class='ocrx_word' id='word_1_1151' title='bbox 1587 4879 1638 4932; x_wconf 89' lang='lat' dir='ltr'><strong>hac</strong></span> <span class='ocrx_word' id='word_1_1152' title='bbox 1664 4883 1752 4930; x_wconf 88' lang='lat' dir='ltr'><strong>mente</strong></span> <span class='ocrx_word' id='word_1_1153' title='bbox 1776 4877 1930 4946; x_wconf 87' lang='lat' dir='ltr'><strong>accepisset,</strong></span> 
     </span>
     <span class='ocr_line' id='line_1_145' title="bbox 1124 4943 1930 5016; baseline -0.007 -15"><span class='ocrx_word' id='word_1_1154' title='bbox 1124 4951 1219 5016; x_wconf 88' lang='lat' dir='ltr'><strong>postea</strong></span> <span class='ocrx_word' id='word_1_1155' title='bbox 1242 4945 1293 5000; x_wconf 91' lang='lat' dir='ltr'><strong>alio</strong></span> <span class='ocrx_word' id='word_1_1156' title='bbox 1317 4945 1410 5000; x_wconf 81' lang='lat' dir='ltr'><strong>uertit:</strong></span> <span class='ocrx_word' id='word_1_1157' title='bbox 1435 4947 1556 5000; x_wconf 88' lang='lat' dir='ltr'><strong>curiosus</strong></span> <span class='ocrx_word' id='word_1_1158' title='bbox 1579 4945 1659 5014; x_wconf 85' lang='lat' dir='ltr'><strong>igitur</strong></span> <span class='ocrx_word' id='word_1_1159' title='bbox 1676 4945 1754 4998; x_wconf 89' lang='lat' dir='ltr'><strong>debet</strong></span> <span class='ocrx_word' id='word_1_1160' title='bbox 1772 4961 1830 4998; x_wconf 89' lang='lat' dir='ltr'><strong>esse</strong></span> <span class='ocrx_word' id='word_1_1161' title='bbox 1847 4943 1930 4998; x_wconf 88' lang='lat' dir='ltr'><strong>credi·</strong></span> 
     </span>
     <span class='ocr_line' id='line_1_146' title="bbox 1127 5011 1930 5082; baseline -0.007 -14"><span class='ocrx_word' id='word_1_1162' title='bbox 1127 5019 1156 5068; x_wconf 87' lang='lat'><strong>10</strong></span> <span class='ocrx_word' id='word_1_1163' title='bbox 1191 5019 1248 5080; x_wconf 88' lang='lat' dir='ltr'><strong>tor,</strong></span> <span class='ocrx_word' id='word_1_1164' title='bbox 1275 5029 1326 5082; x_wconf 87' lang='lat' dir='ltr'><strong>quo</strong></span> <span class='ocrx_word' id='word_1_1165' title='bbox 1352 5019 1479 5068; x_wconf 87' lang='lat' dir='ltr'><strong>vertatur.</strong></span> <span class='ocrx_word' id='word_1_1166' title='bbox 1516 5013 1544 5066; x_wconf 80' lang='lat' dir='ltr'><strong>st</strong></span> <span class='ocrx_word' id='word_1_1167' title='bbox 1570 5019 1705 5068; x_wconf 89' lang='lat' dir='ltr'><strong>mutuatus</strong></span> <span class='ocrx_word' id='word_1_1168' title='bbox 1731 5011 1766 5066; x_wconf 92' lang='lat' dir='ltr'><strong>sit</strong></span> <span class='ocrx_word' id='word_1_1169' title='bbox 1790 5011 1930 5080; x_wconf 87' lang='lat' dir='ltr'><strong>pecuniam</strong></span> 
     </span>
     <span class='ocr_line' id='line_1_147' title="bbox 1124 5079 1929 5148; baseline -0.009 -12"><span class='ocrx_word' id='word_1_1170' title='bbox 1124 5097 1215 5136; x_wconf 85' lang='lat' dir='ltr'><strong>servus</strong></span> <span class='ocrx_word' id='word_1_1171' title='bbox 1240 5081 1274 5134; x_wconf 89' lang='lat' dir='ltr'><strong>ad</strong></span> <span class='ocrx_word' id='word_1_1172' title='bbox 1296 5087 1395 5134; x_wconf 86' lang='lat' dir='ltr'><strong>restem</strong></span> <span class='ocrx_word' id='word_1_1173' title='bbox 1418 5079 1623 5148; x_wconf 89' lang='lat' dir='ltr'><strong>comparandam</strong></span> <span class='ocrx_word' id='word_1_1174' title='bbox 1642 5087 1667 5134; x_wconf 92' lang='lat' dir='ltr'><strong>et</strong></span> <span class='ocrx_word' id='word_1_1175' title='bbox 1684 5079 1782 5134; x_wconf 89' lang='lat' dir='ltr'><strong>nummi</strong></span> <span class='ocrx_word' id='word_1_1176' title='bbox 1798 5079 1929 5148; x_wconf 86' lang='lat' dir='ltr'><strong>perierint,</strong></span> 
     </span>
     <span class='ocr_line' id='line_1_148' title="bbox 1124 5147 1930 5218; baseline -0.004 -16"><span class='ocrx_word' id='word_1_1177' title='bbox 1124 5149 1182 5218; x_wconf 85' lang='lat' dir='ltr'><strong>quis</strong></span> <span class='ocrx_word' id='word_1_1178' title='bbox 1200 5147 1233 5202; x_wconf 86' lang='lat' dir='ltr'><strong>de</strong></span> <span class='ocrx_word' id='word_1_1179' title='bbox 1250 5149 1278 5200; x_wconf 90' lang='lat' dir='ltr'><strong>in</strong></span> <span class='ocrx_word' id='word_1_1180' title='bbox 1294 5165 1349 5202; x_wconf 88' lang='lat' dir='ltr'><strong>rem</strong></span> <span class='ocrx_word' id='word_1_1181' title='bbox 1365 5163 1440 5202; x_wconf 85' lang='lat' dir='ltr'><strong>verso</strong></span> <span class='ocrx_word' id='word_1_1182' title='bbox 1460 5161 1538 5216; x_wconf 83' lang='lat' dir='ltr'><strong>agere</strong></span> <span class='ocrx_word' id='word_1_1183' title='bbox 1552 5149 1644 5214; x_wconf 87' lang='lat' dir='ltr'><strong>possit,</strong></span> <span class='ocrx_word' id='word_1_1184' title='bbox 1663 5153 1752 5200; x_wconf 91' lang='lat' dir='ltr'><strong>utrum</strong></span> <span class='ocrx_word' id='word_1_1185' title='bbox 1767 5147 1882 5200; x_wconf 89' lang='lat' dir='ltr'><strong>creditor</strong></span> <span class='ocrx_word' id='word_1_1186' title='bbox 1897 5161 1930 5200; x_wconf 88' lang='lat' dir='ltr'><strong>an</strong></span> 
     </span>
     <span class='ocr_line' id='line_1_149' title="bbox 1124 5215 1929 5284; baseline -0.002 -14"><span class='ocrx_word' id='word_1_1187' title='bbox 1124 5215 1263 5270; x_wconf 80' lang='lat' dir='ltr'><strong>venditor?</strong></span> <span class='ocrx_word' id='word_1_1188' title='bbox 1289 5221 1354 5284; x_wconf 91' lang='lat' dir='ltr'><strong>puto</strong></span> <span class='ocrx_word' id='word_1_1189' title='bbox 1369 5221 1466 5280; x_wconf 89' lang='lat' dir='ltr'><strong>autem,</strong></span> <span class='ocrx_word' id='word_1_1190' title='bbox 1481 5217 1503 5268; x_wconf 93' lang='lat' dir='ltr'><strong>si</strong></span> <span class='ocrx_word' id='word_1_1191' title='bbox 1519 5215 1623 5284; x_wconf 89' lang='lat' dir='ltr'><strong>quidem</strong></span> <span class='ocrx_word' id='word_1_1192' title='bbox 1637 5215 1750 5284; x_wconf 89' lang='lat' dir='ltr'><strong>pretium</strong></span> <span class='ocrx_word' id='word_1_1193' title='bbox 1764 5221 1929 5270; x_wconf 87' lang='lat' dir='ltr'><strong>numeratum</strong></span> 
     </span>
     <span class='ocr_line' id='line_1_150' title="bbox 1124 5281 1929 5348; baseline -0.002 -10"><span class='ocrx_word' id='word_1_1194' title='bbox 1124 5285 1172 5348; x_wconf 89' lang='lat' dir='ltr'><strong>sit,</strong></span> <span class='ocrx_word' id='word_1_1195' title='bbox 1197 5284 1352 5340; x_wconf 86' lang='lat' dir='ltr'><strong>creditorem</strong></span> <span class='ocrx_word' id='word_1_1196' title='bbox 1370 5283 1447 5338; x_wconf 89' lang='lat' dir='ltr'><strong>dein</strong></span> <span class='ocrx_word' id='word_1_1197' title='bbox 1463 5299 1519 5336; x_wconf 89' lang='lat' dir='ltr'><strong>rem</strong></span> <span class='ocrx_word' id='word_1_1198' title='bbox 1535 5299 1611 5338; x_wconf 80' lang='lat' dir='ltr'><strong>verso</strong></span> <span class='ocrx_word' id='word_1_1199' title='bbox 1629 5289 1751 5338; x_wconf 78' lang='lat' dir='ltr'><strong>actuum</strong></span> <span class='ocrx_word' id='word_1_1200' title='bbox 1769 5289 1795 5338; x_wconf 91' lang='lat' dir='ltr'><strong>et</strong></span> <span class='ocrx_word' id='word_1_1201' title='bbox 1812 5283 1835 5338; x_wconf 89' lang='lat' dir='ltr'><strong>si</strong></span> <span class='ocrx_word' id='word_1_1202' title='bbox 1850 5281 1929 5338; x_wconf 85' lang='lat' dir='ltr'><strong>restis</strong></span> 
     </span>
     <span class='ocr_line' id='line_1_151' title="bbox 1124 5351 1929 5422; baseline 0 -18"><span class='ocrx_word' id='word_1_1203' title='bbox 1124 5353 1245 5422; x_wconf 87' lang='lat' dir='ltr'><strong>perierit:</strong></span> <span class='ocrx_word' id='word_1_1204' title='bbox 1263 5353 1285 5406; x_wconf 88' lang='lat' dir='ltr'><strong>si</strong></span> <span class='ocrx_word' id='word_1_1205' title='bbox 1303 5359 1391 5406; x_wconf 88' lang='lat' dir='ltr'><strong>autem</strong></span> <span class='ocrx_word' id='word_1_1206' title='bbox 1409 5367 1462 5404; x_wconf 91' lang='lat' dir='ltr'><strong>non</strong></span> <span class='ocrx_word' id='word_1_1207' title='bbox 1479 5351 1532 5404; x_wconf 82' lang='lat' dir='ltr'><strong>fuit</strong></span> <span class='ocrx_word' id='word_1_1208' title='bbox 1547 5353 1661 5420; x_wconf 85' lang='lat' dir='ltr'><strong>pretium</strong></span> <span class='ocrx_word' id='word_1_1209' title='bbox 1679 5353 1809 5418; x_wconf 90' lang='lat' dir='ltr'><strong>solutum,</strong></span> <span class='ocrx_word' id='word_1_1210' title='bbox 1827 5351 1862 5406; x_wconf 87' lang='lat' dir='ltr'><strong>ad</strong></span> <span class='ocrx_word' id='word_1_1211' title='bbox 1878 5353 1929 5406; x_wconf 88' lang='lat' dir='ltr'><strong>hoc</strong></span> 
     </span>
     <span class='ocr_line' id='line_1_152' title="bbox 1124 5419 1930 5490; baseline 0 -18"><span class='ocrx_word' id='word_1_1212' title='bbox 1124 5427 1213 5474; x_wconf 90' lang='lat' dir='ltr'><strong>tamen</strong></span> <span class='ocrx_word' id='word_1_1213' title='bbox 1232 5419 1295 5474; x_wconf 89' lang='lat' dir='ltr'><strong>data</strong></span> <span class='ocrx_word' id='word_1_1214' title='bbox 1310 5419 1437 5488; x_wconf 89' lang='lat' dir='ltr'><strong>pecunia,</strong></span> <span class='ocrx_word' id='word_1_1215' title='bbox 1462 5425 1492 5472; x_wconf 92' lang='lat' dir='ltr'><strong>ut</strong></span> <span class='ocrx_word' id='word_1_1216' title='bbox 1514 5419 1594 5474; x_wconf 86' lang='lat' dir='ltr'><strong>vestis</strong></span> <span class='ocrx_word' id='word_1_1217' title='bbox 1617 5425 1747 5474; x_wconf 87' lang='lat' dir='ltr'><strong>emeretur</strong></span> <span class='ocrx_word' id='word_1_1218' title='bbox 1770 5425 1797 5476; x_wconf 89' lang='grc' dir='ltr'><strong>ιι</strong></span> <span class='ocrx_word' id='word_1_1219' title='bbox 1818 5419 1930 5490; x_wconf 89' lang='lat' dir='ltr'><strong>pecunia</strong></span> 
     </span>
     <span class='ocr_line' id='line_1_153' title="bbox 1124 5487 1928 5560; baseline 0.002 -18"><span class='ocrx_word' id='word_1_1220' title='bbox 1124 5487 1239 5556; x_wconf 89' lang='lat' dir='ltr'><strong>perierit,</strong></span> <span class='ocrx_word' id='word_1_1221' title='bbox 1257 5489 1337 5542; x_wconf 84' lang='lat' dir='ltr'><strong>restis</strong></span> <span class='ocrx_word' id='word_1_1222' title='bbox 1355 5491 1444 5542; x_wconf 88' lang='lat' dir='ltr'><strong>tamen</strong></span> <span class='ocrx_word' id='word_1_1223' title='bbox 1461 5487 1578 5542; x_wconf 81' lang='lat' dir='ltr'><strong>familiae</strong></span> <span class='ocrx_word' id='word_1_1224' title='bbox 1595 5487 1677 5542; x_wconf 85' lang='lat' dir='ltr'><strong>divisa</strong></span> <span class='ocrx_word' id='word_1_1225' title='bbox 1695 5493 1747 5554; x_wconf 90' lang='lat' dir='ltr'><strong>est,</strong></span> <span class='ocrx_word' id='word_1_1226' title='bbox 1766 5489 1856 5560; x_wconf 88' lang='lat' dir='ltr'><strong>utique</strong></span> <span class='ocrx_word' id='word_1_1227' title='bbox 1874 5505 1928 5546; x_wconf 90' lang='lat' dir='ltr'><strong>cre·</strong></span> 
     </span>
    </p>
   </div>
   <div class='ocr_carea' id='block_1_13' title="bbox 1880 5605 1924 5614">
    <p class='ocr_par' dir='ltr' id='par_1_18' title="bbox 1880 5605 1924 5614">
     <span class='ocr_line' id='line_1_154' title="bbox 1880 5605 1924 5614; baseline 0 0"><span class='ocrx_word' id='word_1_1228' title='bbox 1880 5605 1924 5614; x_wconf 65' lang='grc' dir='ltr'>..ιι-</span> 
     </span>
    </p>
   </div>
   <div class='ocr_carea' id='block_1_14' title="bbox 1125 5661 1929 5866">
    <p class='ocr_par' dir='ltr' id='par_1_19' title="bbox 1125 5661 1929 5866">
     <span class='ocr_line' id='line_1_155' title="bbox 1370 5661 1927 5730; baseline 0.009 -20"><span class='ocrx_word' id='word_1_1229' title='bbox 1370 5661 1402 5722; x_wconf 82' lang='lat'><strong>(5)</strong></span> <span class='ocrx_word' id='word_1_1230' title='bbox 1421 5665 1587 5712; x_wconf 82' lang='lat' dir='ltr'><strong>ceterumscr.</strong></span> <span class='ocrx_word' id='word_1_1231' title='bbox 1706 5661 1739 5728; x_wconf 77' lang='lat' dir='ltr'><strong>(t)</strong></span> <span class='ocrx_word' id='word_1_1232' title='bbox 1758 5669 1887 5730; x_wconf 85' lang='lat' dir='ltr'><strong>acceptum</strong></span> <span class='ocrx_word' id='word_1_1233' title='bbox 1895 5665 1927 5714; x_wconf 85' lang='lat' dir='ltr'><strong>F¹</strong></span> 
     </span>
     <span class='ocr_line' id='line_1_156' title="bbox 1125 5727 1927 5792; baseline 0.01 -16"><span class='ocrx_word' id='word_1_1234' title='bbox 1125 5727 1157 5788; x_wconf 79' lang='grc' dir='ltr'><strong>ιι)</strong></span> <span class='ocrx_word' id='word_1_1235' title='bbox 1176 5727 1320 5776; x_wconf 85' lang='lat' dir='ltr'><strong>mutatusF</strong></span> <span class='ocrx_word' id='word_1_1236' title='bbox 1382 5731 1416 5790; x_wconf 80' lang='grc' dir='ltr'><strong>ιιι</strong></span> <span class='ocrx_word' id='word_1_1237' title='bbox 1434 5729 1474 5778; x_wconf 86' lang='grc' dir='ltr'><strong>ιιι</strong></span> <span class='ocrx_word' id='word_1_1238' title='bbox 1483 5731 1514 5792; x_wconf 83' lang='grc' dir='ltr'><strong>ιι]</strong></span> <span class='ocrx_word' id='word_1_1239' title='bbox 1524 5729 1563 5778; x_wconf 84' lang='grc' dir='ltr'><strong>ιιι</strong></span> <span class='ocrx_word' id='word_1_1240' title='bbox 1571 5731 1664 5778; x_wconf 80' lang='lat' dir='ltr'><strong>restem</strong></span> <span class='ocrx_word' id='word_1_1241' title='bbox 1673 5749 1718 5782; x_wconf 81' lang='lat' dir='ltr'><strong>scr.</strong></span> <span class='ocrx_word' id='word_1_1242' title='bbox 1730 5731 1849 5792; x_wconf 80' lang='lat' dir='ltr'><strong>(similiter</strong></span> <span class='ocrx_word' id='word_1_1243' title='bbox 1857 5735 1927 5790; x_wconf 66' lang='lat' dir='ltr'><strong>Hal.)</strong></span> 
     </span>
     <span class='ocr_line' id='line_1_157' title="bbox 1125 5791 1929 5866; baseline 0.01 -22"><span class='ocrx_word' id='word_1_1244' title='bbox 1125 5797 1157 5854; x_wconf 81' lang='grc' dir='ltr'><strong>ιι)</strong></span> <span class='ocrx_word' id='word_1_1245' title='bbox 1168 5791 1254 5844; x_wconf 85' lang='lat' dir='ltr'><strong>domus</strong></span> <span class='ocrx_word' id='word_1_1246' title='bbox 1263 5795 1303 5844; x_wconf 87' lang='lat' dir='ltr'><strong>sui</strong></span> <span class='ocrx_word' id='word_1_1247' title='bbox 1312 5795 1354 5856; x_wconf 84' lang='lat' dir='ltr'><strong>F¹,</strong></span> <span class='ocrx_word' id='word_1_1248' title='bbox 1364 5795 1451 5848; x_wconf 89' lang='lat' dir='ltr'><strong>domus</strong></span> <span class='ocrx_word' id='word_1_1249' title='bbox 1460 5813 1519 5848; x_wconf 85' lang='lat' dir='ltr'><strong>suae</strong></span> <span class='ocrx_word' id='word_1_1250' title='bbox 1528 5795 1567 5848; x_wconf 65' lang='grc' dir='ltr'><strong>ιη</strong></span> <span class='ocrx_word' id='word_1_1251' title='bbox 1621 5799 1665 5860; x_wconf 79' lang='grc' dir='ltr'>ιιι)</span> <span class='ocrx_word' id='word_1_1252' title='bbox 1675 5799 1756 5862; x_wconf 85' lang='lat' dir='ltr'><strong>pretio</strong></span> <span class='ocrx_word' id='word_1_1253' title='bbox 1766 5803 1929 5866; x_wconf 73' lang='lat' dir='ltr'><strong>pretiosiorii</strong></span> 
     </span>
    </p>
   </div>
   <div class='ocr_carea' id='block_1_15' title="bbox 0 0 2188 6258">
    <p class='ocr_par' dir='ltr' id='par_1_20' title="bbox 0 0 2188 6258">
     <span class='ocr_line' id='line_1_158' title="bbox 0 0 2188 6258; baseline 0 0"><span class='ocrx_word' id='word_1_1254' title='bbox 0 0 2188 6258; x_wconf 95' lang='lat' dir='ltr'><strong> </strong></span> 
     </span>
    </p>
   </div>
  </div>
 </body>
</html>
