4366 6258
248 381 372 434 ruuvmr
394 379 572 430 monumen
1030 353 1094 424 toa
1407 311 1409 316 V
1665 349 1856 416 XXXVIIII
1878 357 1896 416 3

250 555 368 628 praestare
395 543 549 616 cogendum.
590 543 729 598 sitamen
755 541 877 598 domnus
907 539 1040 598 desideret
1089 535 1212 602 bebatur,
1229 553 1278 592 nec
1289 535 1418 592 immerito
1427 555 1442 616 ι,
1453 549 1513 590 cum
1526 531 1595 586 enim
1606 521 1734 612 minuitur
1743 529 1784 586 ius
1796 545 1898 598 eorum,

250 619 321 682 pueri
342 613 391 672 sibi
413 613 503 668 damni
524 613 617 666 inlecti
639 611 675 664 ab
697 625 742 676 co,
771 627 804 666 en
830 611 906 666 cuius
928 607 1038 680 praedio
1090 619 1255 684 consequens
1272 605 1324 660 brit
1341 603 1457 674 exquiri,
1481 603 1710 682 anconsentrant.
1732 603 1771 682 ‘et
1786 611 1898 680 genera-

250 701 261 748 3
289 689 360 744 nocet
368 685 385 750 ¹,
408 679 595 750 aequissimum
614 679 663 730 erit
682 677 788 732 caveri²
804 683 936 746 oportere.
970 677 1038 730 item
1088 669 1151 724 liter
1167 687 1221 726 srve
1236 673 1266 752 in
1283 689 1395 752 corpore
1412 669 1511 726 sivein
1526 685 1585 726 rure
1601 667 1669 752 lecu,
1693 665 1740 722 abt
1756 681 1827 736 eque
1844 683 1898 724 orr-

251 761 403 820 stratego,
427 747 474 804 sed
496 751 657 816 procurator
678 759 753 798 meus
774 747 828 800 tale
852 761 919 814 opus
937 741 1037 808 fecerit,
1088 741 1147 814 tur,
1171 739 1212 792 rel
1234 757 1267 806 m
1284 757 1344 808 rpsa
1365 755 1437 808 aqna
1459 739 1557 796 habeat
1579 753 1638 808 quis
1655 751 1712 802 rus,
1733 733 1898 792 rolmaten

251 833 274 882 ut
287 835 350 890 aqua
365 817 456 886 pluvia
472 821 568 870 noceat
584 811 685 876 deine,
704 811 831 868 adversus
848 829 891 868 me
908 813 1038 866 hactenus
1089 821 1146 860 erus
1165 821 1224 862 esse
1240 807 1412 876 spectandam
1428 807 1527 876 placet.
1566 875 1572 886 ¹
1822 871 1829 884 ⁹

251 895 289 950 eut
303 889 381 950 sotio,
403 887 534 954 quatenus
552 881 696 936 adversus³
713 881 850 936 colonum:
873 881 932 952 ipse
949 883 1038 934 autem
1124 869 1143 930 9
1162 873 1280 954 Paucos
1294 875 1365 954 labro
1387 877 1613 948 quadragensimo
1630 891 1703 930 norro
1724 871 1763 928 nd
1782 871 1898 952 edictum

251 961 387 1032 procurator
413 951 557 1006 interdicto
586 949 657 1018 quod
686 949 710 1002 vi
737 955 784 1004 aut
811 949 879 1002 elam
905 945 1039 1004 conventri
1088 941 1121 996 ln
1148 941 1215 996 duem
1240 941 1346 998 adducto
1368 945 1479 1012 praedio
1502 951 1529 1000 et
1552 945 1677 1012 emptoris
1704 949 1731 1000 et
1755 941 1898 1000 vendrous

251 1025 330 1100 pomrit
346 1021 489 1076 seeundum
502 1017 599 1072 Iuliani
614 1017 781 1086 sententiam,
800 1019 879 1072 etiam
894 1023 957 1088 post
971 1031 1039 1088 opus
1088 1011 1212 1066 voluntas
1235 1011 1396 1090 exquirenda
1418 1019 1473 1094 est,
1496 1019 1539 1080 ut,
1565 1015 1619 1068 sive
1640 1013 1796 1070 remanserit
1816 1027 1898 1084 penes

251 1093 338 1152 ,gutur
383 1129 389 1140 .
1089 1087 1235 1150 emptorem
1258 1095 1311 1134 srve
1334 1087 1485 1146 recesserit,
1510 1087 1612 1138 certum
1634 1083 1670 1138 sit
1691 1083 1827 1138 voluntate
1850 1081 1896 1138 do-

275 1159 290 1216 5
306 1157 417 1212 Pronus
437 1155 505 1210 libro
528 1153 754 1236 quadragenariae
776 1171 848 1210 trono
869 1153 908 1210 ccl
923 1153 1038 1210 edictam
1091 1155 1103 1204 1
1140 1147 1320 1230 minitantem
1337 1165 1422 1230 aquae
1440 1151 1595 1230 cessionem.
1620 1151 1685 1208 Ideo
1700 1159 1790 1208 autem
1804 1151 1897 1208 volun-

251 1231 272 1284 st
290 1225 390 1282 colonus
415 1225 545 1278 insciente
573 1223 678 1278 domino
706 1239 774 1292 opus
797 1221 902 1290 secent,
930 1239 963 1276 ex
986 1239 1038 1292 quo
1088 1223 1131 1276 tas
1150 1223 1273 1288 emgrtur,
1297 1233 1331 1274 ne
1348 1217 1470 1274 dommus
1487 1237 1612 1300 ignorans
1630 1221 1751 1276 iniuriam
1768 1221 1896 1294 accipiat:

251 1293 321 1364 apuc⁴
335 1291 418 1344 deine
438 1297 541 1354 noceat,
560 1291 651 1346 Labeo
669 1291 807 1360 respondit
820 1291 942 1346 colonum
956 1291 1038 1348 inter·
1088 1289 1189 1346 nullam
1215 1285 1284 1344 euim
1310 1291 1399 1356 potest
1427 1287 1509 1342 viden
1536 1291 1661 1346 iniuriam
1688 1291 1823 1360 accipere,
1853 1291 1898 1360 qui

251 1365 305 1418 dioto
321 1357 389 1426 quod
405 1359 430 1412 vi
449 1363 496 1414 aut
513 1359 581 1414 clam
598 1361 696 1426 tenen,
722 1359 857 1416 dominum
878 1375 940 1414 vero
963 1359 1039 1414 fundi
1089 1363 1105 1414 2
1140 1357 1221 1414 semel
1243 1355 1335 1412 voluit.
1369 1357 1432 1412 Non
1455 1363 1544 1412 autem
1567 1359 1649 1414 sotus
1671 1359 1741 1426 eiua,
1766 1359 1803 1414 ad
1820 1377 1898 1430 quem

251 1443 319 1498 aquae
335 1427 436 1494 pluviae
455 1427 585 1482 arcendam
602 1429 720 1494 actione,
745 1429 808 1498 quia
829 1429 852 1484 is
870 1429 943 1486 solus
961 1429 1038 1486 resti·
1088 1427 1130 1482 ius
1149 1441 1235 1498 aquae
1250 1425 1403 1496 pertinebit,
1421 1423 1543 1482 voluntas
1562 1427 1675 1498 exigitur
1691 1429 1719 1482 in
1737 1443 1822 1498 aquae
1840 1445 1896 1486 ces·

251 1507 308 1552 tuere
329 1511 394 1564 opus
420 1501 522 1564 potest:
553 1495 599 1552 sed
627 1497 784 1568 patientiam
812 1499 951 1552 dumtaxat
977 1515 1038 1554 enm
1088 1497 1175 1564 sione,
1199 1495 1246 1552 sed
1270 1495 1348 1550 etiam
1371 1495 1471 1550 domini
1493 1495 1626 1564 locorum,
1650 1497 1701 1552 etsi
1718 1497 1838 1554 dominus
1856 1499 1896 1554 uti

251 1567 366 1634 praestare
392 1561 501 1630 debere,
534 1567 558 1618 si
585 1565 609 1618 ei
636 1567 725 1620 damni
749 1567 841 1622 iniecti
866 1567 1038 1636 stipulatione
1089 1581 1120 1620 ea
1138 1581 1209 1636 aqua
1225 1581 1278 1618 uon
1295 1563 1393 1636 possit,
1420 1567 1482 1632 quia
1503 1565 1638 1618 reccidere
1659 1565 1701 1618 ius
1725 1565 1839 1620 solidum
1862 1567 1897 1622 ad

251 1635 363 1694 arcetur,
381 1633 415 1694 et,
434 1631 457 1684 si
474 1647 554 1700 quam
566 1633 712 1702 impensam
727 1633 755 1688 in
767 1637 936 1690 restitutione
950 1637 1037 1706 operis
1088 1649 1147 1688 eum
1165 1639 1262 1704 potest.

251 1697 564 1776 facetaqconsecuturnm
586 1717 602 1754 a
626 1701 720 1758 colono
743 1703 825 1760 locati
842 1705 960 1760 actione:
987 1705 1037 1758 nisi
1125 1699 1162 1760 10
1187 1701 1331 1756 Uarianos
1345 1699 1413 1756 libro
1427 1701 1668 1772 quinquagensimo
1684 1701 1761 1756 tertio
1775 1703 1814 1758 act
1826 1703 1896 1760 edet·

250 1767 330 1832 siqns
346 1765 403 1846 ideo
421 1783 475 1822 nou
492 1773 581 1838 putet,
604 1771 728 1848 quoniam
750 1789 804 1828 non
826 1771 907 1828 fuerit
927 1789 1038 1828 necesse
1089 1775 1143 1824 tum
1178 1771 1208 1826 Si
1225 1775 1311 1824 autem
1329 1769 1419 1840 plures
1437 1769 1490 1824 sint
1506 1767 1623 1826 eiusdem
1636 1769 1689 1824 loci
1702 1769 1808 1836 domiui,
1826 1771 1897 1828 unde

250 1837 479 1914 tpsumnresntuere.
511 1837 558 1890 sed
575 1837 597 1892 si
615 1855 689 1894 russo
707 1839 805 1894 domini
822 1841 936 1906 iecisset,
956 1841 1035 1894 etiam
1088 1855 1160 1906 aqna
1182 1837 1301 1904 ducitur,
1328 1837 1446 1892 omnium
1467 1839 1631 1892 voluntatem
1653 1855 1710 1894 esse
1734 1849 1763 1894 se
1781 1839 1896 1896 nendum

251 1899 368 1954 nterdrcto
387 1901 521 1982 dommum
538 1905 630 1958 teneri.
1087 1921 1143 1960 non
1165 1907 1320 1974 ambigitur:
1343 1903 1464 1974 iniquum
1485 1905 1555 1960 enim
1574 1907 1659 1978 visum
1676 1911 1718 1960 est
1734 1855 1895 1960 voduntatem

266 1963 290 2044 ,t
309 1965 449 2046 Utrrnnrs
461 1969 528 2024 labro
545 1973 767 2044 quinquagesimo
782 1975 858 2028 terlio
872 1975 909 2028 ud
923 1975 1038 2030 edictum
1088 1973 1166 2028 unius
1189 1989 1222 2026 en
1244 1975 1347 2026 modica
1367 1973 1439 2026 forte
1460 1973 1630 2042 portiuncula
1647 1971 1746 2028 domini
1762 1975 1895 2042 praeiudi·

251 2035 366 2090 Srtcnrus
383 2037 484 2092 vicmus
503 2053 570 2106 opus
587 2037 692 2104 fetent,
716 2041 787 2094 unde
805 2041 948 2096 decurrens
967 2057 1037 2110 aqua
1092 2045 1104 2092 ι
1142 2041 1210 2094 cium
1229 2041 1306 2096 sociis
1324 2039 1423 2094 facere.
1458 2041 1502 2094 An
1524 2045 1614 2094 tamen
1631 2039 1757 2108 subsequi
1774 2041 1895 2094 voluntas

250 2115 285 2180 per
302 2099 408 2156 fundum
431 2105 509 2170 primi
530 2105 609 2158 vicini
630 2107 681 2160 mei
702 2105 767 2158 mibi
788 2117 897 2172 noceat,
923 2109 1037 2164 Sabinus
1087 2107 1186 2176 possit,
1213 2107 1354 2164 videamus.
1390 2113 1417 2162 et
1441 2107 1531 2176 placet
1553 2107 1618 2160 nibil
1639 2107 1781 2176 interesse,
1807 2111 1896 2162 utrum

250 2173 279 2224 art
296 2183 369 2248 pesse
389 2185 430 2224 me
451 2173 492 2224 rel
517 2189 577 2224 cum
597 2173 683 2242 primo
707 2173 747 2226 rel
766 2191 825 2228 cum
842 2177 921 2230 tertio
940 2175 1037 2230 omisso
1088 2175 1233 2244 praecedat
1248 2177 1371 2230 voluntas
1388 2189 1474 2244 aquae
1492 2173 1643 2228 ductionem
1658 2187 1694 2226 an
1709 2173 1896 2242 subsequatur,

252 2243 258 2290 ι
287 2251 363 2302 punto
382 2251 475 2306 agere:
495 2255 563 2306 quae
580 2241 712 2294 sententia
729 2257 792 2294 vera
809 2247 857 2296 est.
886 2243 914 2296 Si
931 2257 963 2296 ex
976 2243 1037 2310 plu·
1088 2243 1151 2312 quia
1169 2247 1196 2296 et
1213 2245 1386 2312 posteriorem
1403 2243 1567 2296 voluntatem
1584 2245 1694 2311 praetor
1715 2241 1795 2294 tueri¹
1808 2239 1893 2294 debet.

250 2305 302 2358 dum
322 2303 402 2358 fundo
425 2305 570 2360 decurrens
593 2323 663 2374 aqna
686 2313 782 2384 npceat
803 2311 844 2362 rel
871 2309 894 2362 si
922 2309 1038 2378 plurium
1088 2313 1103 2362 2
1139 2309 1167 2362 Si
1183 2311 1282 2364 flumen
1298 2311 1447 2380 navigabile
1465 2311 1512 2374 sit,
1533 2323 1587 2362 non
1606 2323 1621 2362 o
1643 2311 1729 2362 omero
1745 2311 1894 2388 praetorem

251 2367 315 2448 londo
330 2377 469 2436 noceatur,
488 2373 589 2452 placuit
607 2389 692 2452 eoque
708 2389 766 2428 rure
783 2377 894 2440 utimur,
917 2383 960 2442 ut,
983 2377 1038 2430 sive
1088 2377 1233 2432 concedere
1257 2377 1409 2432 ductionem
1430 2393 1464 2430 ex
1487 2391 1519 2436 eo
1542 2375 1599 2430 fieri
1617 2323 1708 2428 debeo
1731 2379 1782 2440 art,
1808 2377 1896 2452 quae}

251 2437 345 2506 plurium
362 2437 459 2494 fundus
477 2447 528 2506 stt,
546 2441 641 2510 siugub
658 2441 687 2494 'm
703 2447 806 2508 partem
824 2457 856 2496 ex
876 2443 994 2496 ertantur
1013 2447 1039 2496 et
1088 2443 1185 2496 flumen
1203 2445 1290 2498 minus
1307 2445 1455 2512 navigabile
1474 2443 1581 2498 efficiat,
1616 2443 1737 2508 idemque
1759 2445 1801 2496 est
1824 2445 1851 2494 et
1872 2455 1895 2494 st

251 2505 412 2584 condemnatio
431 2507 458 2560 in
476 2515 578 2576 partem
594 2509 656 2572 liat,
680 2509 735 2562 sive
758 2525 819 2564 cum
836 2459 957 2580 pddribus
975 2525 1036 2562 aaa·
1086 2525 1134 2578 per
1153 2511 1204 2566 hoo
1223 2511 1294 2564 ahud
1310 2513 1409 2566 flumen
1426 2511 1473 2566 fiat
1490 2509 1646 2578 navigabile.

251 2575 393 2640 tnr,s1nguli
409 2575 555 2652 importem
573 2575 764 2640 conveniantur
782 2583 808 2630 et
824 2577 852 2632 in
869 2581 974 2644 partem
990 2551 1038 2628 dat
1124 2575 1160 2632 11
1181 2577 1300 2632 Parcus
1316 2579 1384 2632 libro
1402 2579 1609 2648 quadruperimo
1627 2593 1699 2630 nouo
1722 2575 1759 2630 ud
1781 2575 1895 2630 edictum

250 2647 261 2696 t
288 2641 473 2694 condemnatio.
508 2641 573 2694 Inde
596 2643 745 2710 quaeritur,
770 2645 793 2698 si
817 2643 951 2698 communi
975 2659 1036 2710 agro
1088 2641 1176 2712 Supra
1193 2643 1244 2698 iter
1260 2645 1376 2698 aliem
1394 2659 1472 2700 arcus
1490 2659 1576 2710 aquae
1593 2641 1731 2698 ducendae
1745 2655 1827 2694 causa
1841 2657 1895 2694 non

251 2721 293 2762 neo
315 2713 339 2762 et
362 2713 407 2762 tuo
432 2709 483 2762 θιιεἰ
505 2707 613 2776 proprio
637 2723 699 2776 agro
717 2713 764 2764 tuo
782 2725 853 2778 aqua
869 2715 978 2774 noceat,
1003 2723 1038 2762 an
1087 2709 1148 2764 inre
1162 2709 1223 2764 fiet:
1240 2725 1290 2766 nec
1306 2711 1338 2776 ia,
1357 2711 1400 2764 cui
1415 2713 1465 2764 iter
1480 2715 1556 2764 actus
1572 2711 1692 2774 debetur,
1709 2713 1824 2776 pontem,
1843 2725 1894 2776 qua

251 2773 282 2844 agi
299 2775 379 2844 possit
399 2789 485 2844 aquae
503 2775 609 2844 pluviae
626 2775 771 2830 arcendae:
796 2783 822 2830 et
844 2781 935 2844 putem
958 2791 1036 2844 agen·
1088 2777 1174 2846 possit
1195 2777 1234 2830 ire
1256 2791 1346 2844 agere,
1369 2779 1428 2832 inre
1446 2781 1560 2830 extruet
1610 2777 1641 2830 t⁹
1666 2775 1689 2830 si
1711 2791 1806 2844 specus
1832 2779 1894 2842 (non

251 2843 350 2908 idum,
368 2841 405 2898 sic
422 2847 519 2908 tamen,
539 2849 569 2896 ut
585 2857 648 2910 pars
664 2843 753 2896 damni
767 2847 927 2912 praestetur.
953 2843 1038 2896 Versa
1089 2843 1250 2908 cuniculum)
1275 2845 1326 2898 sub
1346 2845 1402 2898 rico
1427 2847 1501 2912 aget,
1526 2859 1595 2912 aqua
1613 2847 1809 2912 corrumpetur,
1851 2843 1895 2896 uia

251 2925 336 2980 quoque
350 2911 406 2964 vice
425 2911 448 2962 si
464 2909 611 2964 communis
629 2923 692 2976 ager
707 2909 748 2974 sit,
767 2911 813 2980 qui
827 2911 1037 3030 nocetJrroprio,
1090 2915 1102 2962 t
1140 2909 1253 2964 suffosso
1271 2925 1302 2964 eo
1321 2925 1392 2978 aqua
1409 2911 1528 2964 manabit
1544 2917 1572 2962 et
1588 2911 1661 2962 riuus
1679 2911 1802 2962 siccatur.
1832 2859 1894 2964 das-

250 2977 330 3048 poterit
344 2991 429 3046 aquae
447 2975 552 3046 pluviae
569 2977 701 3028 arcendae
719 2977 769 3042 agi,
787 2981 819 3028 ut
835 2977 894 3044 quia
932 2991 1038 3030 amnum
1088 2977 1143 3030 sius
1163 2977 1213 3040 ait,
1230 2977 1285 3030 sive
1302 2991 1335 3028 er
1352 2977 1485 3032 communi
1501 2977 1584 3030 fundo
1604 2977 1658 3030 sive
1676 2977 1807 3030 crimmuni
1825 2989 1895 3044 aqua

252 3049 468 3112 lycomequarur,
488 3041 535 3098 sed
551 3043 579 3096 in
596 3047 706 3112 partem.
734 3043 763 3096 Si
781 3043 840 3120 quis
857 3043 940 3112 prius,
976 3059 1038 3096 uam
1088 3049 1197 3106 noceat,
1221 3043 1263 3098 vel
1284 3059 1366 3096 unum
1391 3059 1452 3096 cum
1473 3059 1526 3098 uno
1550 3057 1629 3112 agere
1652 3059 1731 3112 posse
1752 3043 1794 3094 vel
1815 3059 1896 3096 unum

251 3127 320 3182 equae
343 3111 446 3178 pluviae
470 3109 603 3164 arcendae
629 3115 703 3176 ngat,
730 3109 876 3164 dominium
899 3109 934 3164 ad
957 3059 1038 3162 ddium
1088 3109 1233 3178 separatim
1256 3125 1316 3162 cum
1339 3109 1449 3178 singulis
1469 3109 1512 3162 vel
1535 3109 1677 3178 separatim
1701 3109 1818 3178 singulos
1837 3127 1896 3164 cum

251 3179 394 3234 transtulerit
406 3177 490 3240 fundi,
505 3177 601 3230 desiuit
613 3175 712 3230 babere
725 3191 812 3244 aquae
824 3177 930 3244 pluviae
944 3193 1037 3230 arcen-
1088 3193 1142 3232 uuo
1168 3177 1211 3230 vel
1236 3175 1353 3244 singulos
1380 3191 1440 3230 cum
1465 3175 1584 3244 singulis.
1625 3175 1648 3230 si
1672 3193 1740 3230 unus
1763 3177 1847 3244 egerit
1869 3181 1896 3232 et

251 3249 288 3304 dre
307 3247 433 3300 audonem
456 3259 541 3312 eaque
564 3243 599 3298 ad
621 3259 681 3298 eum
704 3245 843 3308 transibit,
874 3245 950 3298 cuius
976 3259 1038 3312 ager
1088 3243 1220 3298 restitutio
1239 3243 1326 3310 operis
1342 3241 1450 3312 litisque
1466 3241 1614 3298 aestimatio
1632 3241 1707 3298 facta
1724 3243 1774 3308 stt,
1793 3249 1894 3298 cetero·

251 3331 296 3370 arse
310 3313 407 3382 coepitr
431 3329 491 3366 cum
514 3311 582 3366 enim
605 3309 732 3364 damnum
752 3311 872 3364 futurum
894 3311 1036 3374 contineat,
1088 3327 1148 3366 rum
1169 3311 1299 3364 actionem
1322 3325 1492 3364 evanescere:
1515 3311 1578 3364 item
1601 3309 1625 3364 si
1646 3325 1706 3364 cnm
1729 3325 1782 3364 uno
1806 3315 1895 3366 actum

251 3383 348 3436 adeum
374 3381 417 3448 qut
445 3379 566 3434 dominus
591 3379 642 3432 erit
665 3375 776 3446 Incipiet
800 3379 870 3432 actio
896 3379 1036 3448 pertinere,
1089 3379 1123 3434 sit
1142 3385 1167 3430 et
1184 3377 1237 3432 si¹⁰
1253 3377 1429 3444 praestiterit,
1454 3381 1555 3432 ceteros
1577 3377 1686 3430 liberari
1708 3377 1801 3446 idque,
1826 3377 1895 3448 quod

251 3445 725 3582 ratttt⁰¹²tr¹ttbl⁰bltte
743 3445 1038 3568 {titillata-Villi
1089 3443 1536 3580 {maturantibus
1552 3445 1896 3568 liiidiiiltslilmllff

251 3583 366 3640 sciendum
391 3589 513 3638 estnon
540 3581 568 3634 in
594 3595 662 3646 rem,
689 3579 738 3634 sed
759 3581 943 3652 personalem⁶
970 3595 1036 3634 esse.
1088 3597 1141 3652 que
1165 3597 1226 3636 cum
1249 3595 1279 3638 eo
1303 3577 1433 3646 agendum
1455 3579 1501 3648 qui
1524 3595 1592 3650 opus
1616 3577 1712 3636 iecerit
1736 3595 1786 3634 nec
1809 3581 1896 3636 minus

251 3661 261 3706 ι·
289 3651 402 3706 Officium
419 3653 509 3704 autem
525 3647 619 3702 iudicis
637 3649 688 3702 hoc
707 3649 770 3714 erit,
791 3655 836 3714 ut,
858 3649 882 3704 si
899 3647 1038 3718 quidemn
1089 3665 1149 3704 eum
1173 3665 1224 3718 quo
1244 3661 1278 3700 ue
1301 3647 1425 3700 damnum
1446 3647 1586 3704 restituere
1608 3647 1716 3714 debere,
1739 3649 1785 3718 qui
1802 3655 1896 3704 auctor

251 3721 318 3774 ricim
335 3733 399 3786 opus
418 3715 521 3770 factum
538 3715 586 3782 sit,
610 3731 669 3770 eum
690 3715 783 3770 iubeat
806 3717 946 3772 restituere
965 3715 1037 3770 dam·
1089 3717 1207 3784 operis¹¹
1227 3663 1291 3780 duit,
1316 3715 1389 3784 apud
1409 3715 1539 3770 Ferocem
1559 3715 1690 3772 Proculus
1713 3717 1765 3772 eit:
1790 3717 1813 3772 si
1837 3733 1896 3772 cum

251 3801 345 3856 rumque
362 3785 468 3850 sarone,
488 3783 511 3838 si
530 3783 593 3852 quid
609 3787 672 3852 post
688 3783 762 3838 litem
781 3789 957 3840 contestatam
975 3799 1038 3838 con·
1088 3799 1143 3838 nno
1160 3783 1326 3838 dominorum
1343 3787 1434 3838 actum
1452 3781 1494 3852 sit,
1510 3785 1557 3854 qui
1574 3799 1641 3854 opus
1659 3801 1714 3840 non
1731 3785 1831 3850 iecerit,
1850 3785 1895 3840 de·

250 3853 307 3922 tigit:
329 3853 397 3922 quod
420 3853 444 3906 si
465 3855 528 3906 ante
545 3851 617 3906 litem
636 3857 813 3908 contestatam
832 3853 957 3908 damnum
975 3869 1037 3908 con·
1088 3851 1152 3906 bere
1175 3869 1236 3906 eum
1259 3867 1325 3922 opus
1348 3853 1488 3908 restituere
1510 3867 1561 3908 sua
1576 3853 1709 3922 impensa,
1738 3853 1800 3922 quia
1823 3871 1890 3910 com·

253 3921 308 3990 tigit,
328 3927 430 3976 tantum
448 3935 516 3988 opus
533 3919 673 3974 restituere
691 3919 811 3988 debebit,
836 3923 961 3976 damnum
984 3937 1038 3976 non
1088 3919 1171 3974 muni-
1194 3919 1335 3976 dividundo
1364 3921 1495 3976 actionem
1524 3921 1614 3976 habet.
1654 3921 1701 3976 sed
1732 3921 1782 3977 sibi
1811 3923 1895 3992 magis

252 3993 261 4040 ι
288 3989 385 4044 sarriet.
416 3987 510 4044 (iebus
528 3987 628 4054 scribit,
647 3989 670 4044 si
687 3989 750 4058 quid
767 3991 824 4060 ipse
842 3989 902 4054 ieci,
920 4005 972 4058 quo
989 3989 1039 4048 tibi
1088 3987 1196 4058 placere
1221 3989 1377 4056 patientiam
1403 3989 1541 4044 dumtaxat
1566 4003 1626 4044 eum
1651 3997 1789 4060 praestare
1815 4005 1894 4060 opor-

252 4057 406 4126 morplurius
423 4061 533 4120 noceat,
555 4071 615 4110 mea
636 4057 757 4126 impensa
774 4060 867 4114 tollam
883 4073 925 4112 me
943 4073 1038 4126 cogen—
1088 4063 1153 4122 tere,
1172 4057 1233 4126 qma
1250 4073 1300 4114 sua
1318 4057 1397 4128 culpa
1409 4063 1485 4112 actor
1499 4057 1525 4112 id
1539 4057 1665 4138 patiatur,
1683 4057 1729 4126 qui
1742 4075 1796 4114 uon
1811 4059 1865 4126 agit
1874 4059 1895 4090 ¹²

252 4123 307 4190 dun,
323 4125 344 4178 si
362 4125 423 4192 quid
440 4123 507 4178 alius
525 4125 570 4192 qui
586 4123 621 4178 ad
638 4141 680 4180 ure
695 4141 750 4180 non
764 4127 887 4196 pertinet,
905 4123 1038 4192 sufficere,
1090 4141 1151 4180 cnm
1164 4141 1203 4192 eo,
1222 4141 1239 4180 a
1256 4141 1308 4194 quo
1326 4141 1341 4180 o
1362 4141 1393 4182 us
1409 4125 1512 4180 lactum
1529 4131 1571 4182 stt.
1598 4131 1626 4182 et
1639 4129 1680 4180 est
1694 4127 1812 4196 iniquum
1825 4141 1894 4192 eum,

252 4193 365 4262 utpatiar
380 4197 407 4246 tc
425 4191 526 4246 tollere.
562 4191 609 4246 sed
626 4193 649 4246 si
666 4207 758 4248 servus
775 4209 849 4250 mens
867 4193 973 4258 secent,
992 4199 1039 4248 aut
1089 4195 1135 4264 qui
1152 4209 1207 4248 non
1222 4193 1328 4262 fecici
1364 4195 1655 4266 restituereoportere,
1679 4195 1806 4264 quoniam
1823 4209 1894 4250 corn«

252 4255 268 4312 is
287 4261 325 4314 oui
344 4261 419 4314 heres
438 4275 497 4316 sum
513 4259 565 4320 hoc
581 4259 647 4316 fecit
654 4263 674 4327 ⁷,
697 4277 802 4318 serrum
826 4261 931 4332 quidem
953 4277 1039 4318 noxae
1088 4263 1162 4318 muni
1180 4261 1321 4318 dividundo
1340 4279 1416 4334 agere
1434 4269 1534 4334 potest:
1560 4261 1623 4332 qnid
1640 4261 1709 4318 enim
1726 4261 1785 4328 liet,
1808 4261 1833 4318 si
1853 4279 1895 4318 so·

253 4325 330 4382 dedere
353 4327 448 4384 debeo:
474 4327 546 4398 qnod
569 4333 659 4384 autem
680 4329 704 4384 is
728 4333 772 4384 cui
792 4333 870 4388 heres
891 4345 951 4386 sum
966 4329 1038 4396 fecit,
1089 4335 1104 4384 3
1140 4333 1197 4386 cius
1215 4333 1301 4388 ιιιιι18
1318 4333 1443 4388 solvendo
1460 4349 1516 4388 non
1532 4331 1631 4386 fuerit?
1667 4329 1791 4386 Officium
1808 4335 1896 4384 autem

252 4397 261 4444 ι
289 4395 390 4462 perinde
407 4400 461 4462 est,
488 4401 569 4464 atque
588 4397 612 4452 si
626 4397 685 4468 ipse
702 4397 833 4456 fecissem.
868 4399 1038 4456 Aestimatio·
1089 4399 1184 4456 iudicis
1201 4399 1271 4456 inter
1288 4399 1473 4470 duosaccepti
1488 4399 1565 4480 quale
1578 4399 1697 4454 turturum
1713 4399 1755 4464 sit,
1774 4399 1897 4454 dubitare

251 4475 297 4514 nen
312 4473 396 4518 artem
412 4463 493 4518 iudex
509 4463 591 4520 laniet
608 4481 641 4520 ex
657 4465 697 4522 rei
715 4467 837 4534 ueritate,
854 4469 906 4524 boc
923 4471 964 4522 est
982 4467 1038 4524 eins
1088 4483 1119 4524 se
1131 4467 1251 4524 Iulianus
1266 4469 1311 4534 ait,
1328 4469 1351 4524 si
1369 4469 1439 4522 forte
1457 4475 1540 4522 umus
1552 4465 1650 4522 fundus
1667 4465 1748 4520 fuerit
1766 4465 1809 4522 cui
1827 4481 1897 4534 aque

251 4525 417 4600 dtmssbdffld
435 4533 706 4600 decorositatum.
1089 4543 1199 4602 noceat,
1223 4537 1246 4592 si
1257 4537 1275 4570 ¹⁴
1298 4551 1359 4592 vero
1380 4537 1409 4592 in
1431 4553 1483 4606 quo
1505 4551 1572 4606 opus
1589 4535 1692 4590 laetum
1709 4535 1758 4600 sit,
1782 4535 1896 4604 plurium

278 4593 501 4654 iPnutuslibro
516 4607 609 4656 octauo
623 4603 726 4658 decimo
742 4603 780 4658 cd
792 4603 906 4660 edictum
937 4603 1039 4660 boum
1090 4609 1118 4662 et
1143 4621 1203 4660 cum
1228 4621 1281 4660 nno
1310 4621 1401 4660 eornm
1427 4609 1533 4674 agatur:
1560 4609 1650 4658 utrum
1676 4605 1703 4658 et
1728 4603 1784 4658 eius
1809 4601 1897 4656 danrni

250 4677 292 4784 fluo
308 4681 387 4736 aquae
404 4667 508 4736 pluviae
525 4669 657 4726 arcendae
674 4669 775 4738 agitur,
794 4673 865 4742 quod
883 4689 950 4742 opus
967 4673 1038 4740 iecit,
1090 4675 1210 4738 numius,
1235 4673 1306 4744 quod
1324 4677 1390 4752 post
1406 4673 1479 4726 litem
1496 4675 1672 4728 conmotatam
1689 4669 1781 4738 datum
1798 4669 1847 4734 sit,
1871 4675 1898 4726 st

263 4737 300 4810 ¹cet
316 4735 482 4816 cedereloco
499 4741 611 4804 paratus
628 4737 675 4804 sit,
701 4741 804 4808 cogItur
827 4741 948 4810 accipere
970 4741 1038 4796 indi·
1091 4741 1178 4810 operis
1196 4759 1250 4796 non
1266 4741 1382 4798 restituti
1399 4741 1428 4794 in
1445 4741 1558 4796 solidum
1575 4737 1758 4792 condemnatio
1775 4737 1835 4792 fieri
1852 4737 1896 4792 de-

251 4811 318 4864 num,
341 4817 463 4872 quomam
488 4811 514 4858 et
537 4819 585 4858 sno
608 4807 715 4860 nomine
734 4809 901 4874 convenitur,
924 4815 955 4864 ut
972 4825 1040 4878 opus
1090 4809 1167 4874 beat,
1195 4809 1426 4878 quemadmodum,
1451 4823 1511 4862 cum
1533 4807 1602 4862 servi
1624 4805 1770 4862 communis
1793 4807 1899 4862 nomine

252 4867 259 4936 l
288 4869 366 4924 tollat.
392 4871 471 4950 eliud
487 4877 528 4926 cst
542 4873 570 4924 in
583 4873 671 4928 bonae
685 4873 748 4951 fidei
761 4881 894 4944 emptore:
912 4879 957 4934 bic
971 4879 1040 4930 enim
1090 4877 1181 4932 morab
1197 4877 1293 4932 indicio
1313 4891 1374 4930 cum
1391 4875 1563 4944 mergitur,
1588 4873 1772 4930 condemnatio
1789 4875 1817 4928 in
1835 4875 1897 4930 soli·

249 4939 336 5014 tanturn
353 4945 506 5008 pabentrarn
524 4943 657 5008 praestate
675 4939 757 5008 igitur
775 4945 798 4996 si
813 4951 839 4996 et
854 4943 937 5000 fundo
953 4945 1039 5010 cedat,
1091 4945 1155 5000 dum
1171 4945 1218 5000 fiet
1226 4945 1257 5008 ¹⁵,
1274 4943 1399 5014 quoniam
1416 4943 1488 5012 quod
1503 4941 1674 5010 praestiterit,
1691 4945 1810 5010 potesta
1825 4943 1896 4998 socio

251 5001 379 5060 audendus
397 5013 449 5062 est:
467 5007 528 5074 llus
546 5007 615 5086 enim
631 5013 760 5074 praestat.
1090 5013 1146 5068 reci
1165 5011 1227 5068 ere?
1256 5027 1291 5066 an
1307 5025 1369 5066 vero
1387 5011 1410 5064 is
1429 5025 1488 5064 cum
1505 5025 1559 5080 qno
1576 5007 1665 5078 agitur
1685 5025 1733 5080 pro
1754 5017 1832 5092 parte
1849 5025 1899 5066 sun

275 5065 291 5128 8
311 5071 450 5130 Uarianos
465 5075 534 5130 libro
551 5077 795 5156 quinquepertitae
813 5079 891 5132 tertio
913 5079 950 5132 ccl
969 5079 1040 5134 edio·
1091 5085 1129 5134 et
1141 5029 1230 5134 damni
1253 5077 1309 5132 dati
1331 5083 1359 5134 et
1382 5077 1470 5146 operis
1493 5093 1548 5132 non
1568 5077 1686 5132 restibrti
1702 5093 1806 5134 nomme
1823 5079 1897 5134 dnm·

251 5139 295 5192 tum
325 5141 356 5196 In
372 5141 543 5198 concedendo
560 5155 618 5198 rure
635 5155 721 5210 aquae
744 5143 882 5198 ducendae
904 5161 959 5198 non
980 5151 1039 5200 tan·
1091 5147 1196 5200 naudus
1213 5145 1256 5212 sit,
1272 5149 1305 5200 nt
1319 5145 1347 5198 in
1365 5143 1470 5200 nodone
1484 5143 1572 5200 damni
1585 5143 1678 5200 iniecti
1690 5143 1746 5210 fist,
1766 5161 1826 5202 cum
1841 5147 1897 5202 dus

250 5207 294 5260 tum
305 5223 399 5276 eorum,
416 5211 444 5264 in
456 5211 636 5280 quorumloco
650 5223 721 5278 aqua
734 5209 824 5274 oritur,
842 5227 933 5266 verum
950 5227 1041 5266 corum
1091 5213 1204 5282 praedii,
1232 5227 1265 5266 ex
1287 5227 1339 5280 qno
1364 5209 1489 5266 mmnum
1514 5217 1659 5278 metuatur,
1685 5215 1775 5284 plures
1799 5213 1897 5272 domini

251 5275 385 5342 etiamad
407 5293 475 5348 quos
498 5277 662 5344 musaquae
684 5279 895 5346 transperdnet,
917 5279 1041 5332 voluntas
1091 5281 1146 5332 sint
1162 5283 1192 5344 et
1207 5293 1266 5332 cum
1283 5293 1337 5332 une
1352 5293 1446 5332 corum
1493 5279 1572 5334 atim?
1600 5281 1692 5338 ¹⁸licct
1704 5297 1780 5362 opus,
1797 5297 1832 5336 ex
1862 5295 1897 5334 uo

251 5343 396 5412 numnam,
416 5347 503 5408 idest
519 5359 624 5410 eorum,
647 5345 744 5414 quibus
761 5345 873 5398 servitus
891 5359 978 5414 aquae
995 5345 1040 5398 de·
1092 5345 1217 5398 damnum
1233 5345 1352 5398 futurum
1370 5345 1416 5410 sit,
1440 5345 1468 5398 in
1488 5347 1602 5402 'viduum
1622 5347 1660 5404 sit
1679 5353 1708 5404 et
1727 5365 1801 5418 rpsae
1818 5299 1896 5402 aedes

251 5451 1895 5480 mmmm-mmmmm*—

251 5521 275 5578 tt
290 5519 309 5570 si
321 5523 400 5572 brnen
413 5517 528 5572 dominns
543 5515 665 5566 desideret
678 5517 760 5566 caveri
772 5515 819 5566 sibi
832 5513 1042 5564 damniinfectiis
1094 5511 1240 5562 cuniculum
1260 5511 1306 5562 sub
1328 5513 1383 5564 rino
1402 5529 1475 5578 agere
1484 5531 1569 5582 aquae
1587 5517 1713 5568 ducendae
1729 5531 1802 5566 cansa
1817 5515 1899 5578 potest

249 5581 693 5652 arcuimpraedioaqnauocetabeo,
708 5581 894 5648 cniuspraedio
908 5583 981 5630 nocet
995 5589 1060 5632 sora
1090 5579 1140 5650 (ιιι)
1157 5577 1284 5640 silisdetr.
1332 5581 1374 5644 (ιι)
1391 5595 1443 5632 non
1456 5585 1500 5632 ias.
1550 5587 1595 5648 (rs)
1613 5587 1671 5648 egat
1680 5581 1719 5632 1⁴¹²
1766 5581 1809 5640 (ιι)
1828 5579 1904 5628 etur

249 5657 276 5720 (ι)
291 5657 312 5704 ei
325 5657 367 5708 ins.
382 5653 422 5704 F²
515 5653 549 5716 (a)
566 5665 605 5700 me
617 5653 720 5716 propter
734 5653 780 5702 ius.
878 5651 909 5706 (tt
927 5663 1006 5710 aquae
1020 5645 1047 5694 F
1095 5647 1139 5704 ιιι)
1155 5643 1216 5706 silit
1229 5663 1276 5698 arr.
1345 5647 1392 5710 (tt)
1409 5647 1485 5712 diff
1552 5653 1598 5712 (10)
1616 5665 1674 5700 mm
1688 5663 1745 5698 oum
1760 5645 1843 5694 damn}
1859 5643 1896 5692 iu.

249 5725 275 5786 lt}
291 5725 331 5776 tuo
340 5723 377 5788 ex]
386 5725 452 5782 dett,
461 5737 505 5772 οιιι.
518 5719 544 5770 F
588 5719 622 5782 (ι)
638 5715 852 5782 personamlemF
899 5715 931 5776 (ι)
951 5713 1047 5764 reoitld
1094 5711 1154 5776 looti
1168 5713 1257 5776 agatur
1271 5711 1317 5764 iar.
1452 5719 1453 5722 ’

249 5793 276 5854 ιι)
293 5791 346 5856 quia
356 5789 394 5842 1³²
462 5791 496 5854 (ιι)
515 5785 549 5852 at]
558 5785 646 5848 steca,
661 5787 710 5838 oiri
718 5797 773 5836 unte
782 5787 808 5836 at
820 5783 1043 5836 incineratorum.-

1643 5859 1695 5914 id*
