4366 6258
275 355 415 428 XXXVI
437 361 455 422 1
902 379 903 382 ¹
1074 347 1138 424 526
1508 373 1556 422 aa
1578 367 1726 422 snunrus
1748 367 1938 424 consutum
1964 347 1968 426 {f

276 543 362 608 adire,
386 541 500 610 primum
523 539 587 664 euin
608 539 658 596 sub
681 541 838 598 condicione
853 539 1086 598 fideicommissum
1135 547 1192 606 tur,
1216 555 1270 594 non
1294 539 1401 610 quidem
1418 555 1436 594 a
1453 539 1641 604 coheredibus,
1664 553 1699 594 ne
1718 545 1877 606 onerentur,
1898 545 1938 600 eeu
1966 521 1967 524 ¹

276 611 438 674 detumeat,
461 607 523 664 dein
542 625 556 664 e
578 609 640 676 quia
660 625 716 664 non
732 613 817 680 probe
834 609 867 664 de
883 607 1029 666 hereditate
1046 609 1085 664 vi-
1136 610 1170 664 ab
1188 623 1220 664 eo
1238 607 1281 662 cui
1289 611 1311 642 ¹⁰
1327 609 1452 664 restituta
1469 607 1551 664 fuerit
1566 607 1709 664 hereditas.
1735 621 1797 662 nam
1815 609 1884 664 sicut
1899 625 1938 664 er-

275 677 378 732 ventis¹
401 677 477 746 pueri
498 683 571 744 aget:
596 681 702 732 mortuo
726 685 816 734 autern
857 677 939 746 upilio
962 679 1086 750 compelli
1136 675 1250 748 piendae
1266 677 1329 730 fidei
1344 677 1431 744 gratia
1449 677 1584 746 cogendus
1607 681 1649 730 est
1669 675 1744 730 adire
1766 675 1937 746 hereditatem,

276 751 291 798 5
326 743 405 798 debet
422 745 597 800 hereditatem
613 745 699 814 patris
716 745 797 802 adire.
833 693 912 812 &aad
927 745 951 800 si
968 747 1020 802 duo
1038 745 1084 800 he·
1139 749 1169 798 16
1203 745 1242 798 ita
1259 745 1293 798 ob
1310 743 1440 814 idipsum
1454 743 1866 798 damnoadficinoudebebitffl.
1892 745 1937 798 Ha-

275 811 351 868 redes
369 829 386 868 a
402 817 479 880 patre
494 811 610 866 institui
628 813 728 868 luerint
746 819 772 868 et
785 813 924 880 utriusque
937 813 999 868 fidei
1013 829 1084 868 com·
1136 829 1179 868 res
1202 827 1237 868 ex
1259 825 1320 866 asse
1343 819 1403 866 erat
1424 813 1547 868 instituta
1570 811 1730 868 consobrina
1754 825 1814 864 mea
1839 817 1866 864 et
1889 813 1936 870 eius

276 881 385 934 missum
403 881 449 946 sit,
471 885 501 934 ut
519 881 673 934 exheredati
689 881 736 934 filii
752 879 946 934 hereditatem²
962 881 1085 936 restitue·
1136 879 1197 934 iidei
1227 879 1410 944 commissum,
1441 885 1472 934 ut
1500 883 1602 946 partem
1629 879 1764 952 dimidiam
1792 877 1935 938 hereditatis

276 953 344 1012 rent,
362 949 428 1002 satis
440 949 516 1002 criti·
534 949 575 1002 rel
592 965 673 1004 uuum
692 949 750 1016 cogi
764 947 850 1002 adire:
867 949 920 1002 hoc
932 949 1085 1004 enimiscto
1136 947 1226 1002 statim
1242 947 1339 1002 Publio
1357 949 1462 1004 Maeuio
1486 949 1649 1006 restitueret,
1673 949 1784 1000 alteram
1793 949 1815 980 ¹³
1835 953 1935 1016 partem,

277 1015 357 1068 etiarn
372 1015 410 1080 is,
433 1015 478 1084 qui
494 1015 580 1082 patria
597 1017 770 1070 hereditatem
787 1031 842 1068 non
858 1015 927 1080 adit,
944 1015 993 1070 lilii
1010 1017 1085 1072 here·
1137 1031 1197 1070 curn
1213 1015 1224 1066 i
1243 1029 1274 1068 sa
1290 1021 1447 1080 moreretur,
1466 1015 1550 1068 eidem
1565 1015 1661 1068 Publio
1671 1015 1792 1068 Maeuio:
1809 1021 1937 1082 praeterea

278 1087 294 1136 11
327 1081 437 1136 ditatem
451 1081 526 1136 adire
540 1087 567 1136 et
578 1085 717 1138 restituere
729 1087 847 1150 cogetur.
874 1081 1002 1150 Quotiens
1016 1083 1086 1138 filius
1137 1081 1189 1136 alia
1207 1031 1266 1136 nia
1283 1081 1372 1148 legata
1389 1081 1483 1136 data¹⁴
1500 1087 1570 1136 sunt.
1605 1081 1726 1136 Maevius
1748 1087 1850 1150 partem
1872 1083 1935 1136 dimi·

277 1149 460 1220 emancipatus
484 1151 614 1204 bonorum
639 1151 836 1222 possessionem
860 1157 954 1206 contra
979 1153 1086 1206 tabulas
1137 1151 1207 1204 diam
1223 1149 1380 1204 hereditatis
1398 1151 1488 1204 statim
1505 1149 1625 1218 percepit
1646 1155 1674 1204 et
1691 1149 1773 1212 cavit,
1798 1149 1869 1216 quod
1889 1165 1935 1204 am-

278 1217 390 1286 accipit,
407 1217 481 1270 nulla
497 1219 566 1272 ratio
586 1225 626 1276 est
644 1217 819 1284 compellendi
836 1219 939 1272 heredis
958 1219 993 1272 ad
1009 1219 1086 1272 resti·
1136 1219 1206 1286 plius
1235 1231 1315 1288 quarn
1346 1231 1395 1286 per
1422 1219 1506 1286 legem
1532 1217 1679 1270 Falcidiam
1707 1217 1799 1270 liceret
1826 1219 1935 1284 cepisset,

276 1285 402 1340 tuendam
413 1285 585 1342 hereditatem
599 1293 624 1342 et
635 1289 800 1352 sicutneque
811 1285 899 1354 legata
911 1301 945 1340 ne
964 1301 998 1340 ue
1011 1285 1085 1340 fidei·
1136 1285 1242 1338 redditu
1259 1283 1307 1340 irir
1328 1285 1377 1338 sed
1394 1289 1421 1338 et
1439 1285 1519 1338 ceteri
1537 1285 1625 1352 legata
1642 1285 1727 1338 solida
1744 1291 1902 1352 acceperant
1916 1295 1936 1340 et

278 1351 419 1408 commmsa
436 1357 525 1408 cetera
542 1359 679 1424 praestare
696 1351 808 1420 cogitur,
825 1351 864 1406 ita
881 1369 915 1408 ne
929 1303 964 1408 aa
977 1353 1086 1406 restitu-
1136 1351 1257 1406 similiter
1280 1351 1314 1406 de
1334 1351 1500 1406 restituendo
1518 1351 1589 1420 quod
1606 1351 1719 1420 amplius
1755 1351 1936 1420 ercepiasent¹⁵

276 1421 375 1474 tionem
384 1418 489 1486 quidem
497 1421 651 1476 hereditatis
661 1419 783 1486 compelli
791 1419 878 1474 debet.
896 1419 1087 1474 Maarsares:
1137 1423 1271 1474 caverunt.
1311 1423 1419 1474 mortua
1448 1419 1610 1474 consobrina
1639 1435 1699 1472 mea
1751 1419 1841 1472 ublius
1871 1417 1935 1472 Mae-

277 1489 357 1556 plane
373 1501 427 1540 non
445 1493 486 1542 est
509 1487 708 1556 compellendus
729 1485 816 1552 adire,
840 1487 933 1542 eiiam
950 1487 1021 1540 filius
1037 1487 1086 1540 bo·
1136 1485 1194 1540 rius
1220 1487 1355 1540 desiderat
1378 1485 1430 1540 sibi
1452 1485 1564 1540 alteram
1584 1491 1689 1554 partem
1710 1485 1865 1540 hereditatis
1886 1501 1935 1542 cun

278 1569 372 1608 norum
389 1555 612 1624 possessionem³‚
635 1569 669 1608 ue
692 1553 834 1608 intercidat
855 1553 1086 1608 fideicommissum
1136 1553 1268 1608 fructibus
1290 1553 1403 1608 restitui.
1439 1567 1539 1620 quaero
1556 1555 1659 1620 itaque,
1683 1557 1812 1622 quantum
1830 1553 1854 1606 ei
1870 1556 1935 1606 resti-

278 1627 381 1676 mortuo
404 1621 501 1676 herede
524 1623 646 1678 instituto
671 1625 697 1674 et
719 1621 819 1676 omissa
839 1635 856 1672 a.
878 1621 932 1676 filio
955 1621 1087 1674 bonorum
1136 1627 1212 1672 tuere
1235 1621 1365 1674 debeam?
1391 1625 1482 1674 utrum
1505 1619 1578 1688 quod
1598 1635 1680 1688 supra
1703 1619 1878 1688 quadrantem
1897 1621 1935 1674 bo-

278 1693 293 1742 1
326 1689 502 1758 possessione.
533 1687 585 1756 Qui
602 1705 634 1744 ex
651 1687 819 1742 Trebelliano
839 1693 947 1744 senatus
965 1689 1086 1744 consulto
1136 1703 1232 1742 norum
1262 1703 1345 1756 penes
1379 1687 1567 1742 consobrinam
1595 1701 1681 1742 meam
1707 1693 1872 1742 remanserat
1896 1705 1935 1744 aar

277 1757 449 1812 hereditatem
466 1755 594 1822 restituit,
618 1757 674 1810 sive
695 1759 771 1824 petat
793 1755 992 1812 adebitoribus
1010 1757 1085 1810 here·
1137 1755 1251 1822 amplius
1274 1757 1434 1822 quiequam?
1468 1771 1504 1808 am
1531 1759 1557 1810 et
1583 1755 1617 1808 ab
1640 1755 1713 1822 aliis,
1741 1755 1836 1822 quibus
1860 1755 1935 1822 legata

278 1825 379 1880 ditariis
394 1825 447 1880 sire
461 1825 494 1878 ab
509 1841 540 1880 eo
572 1829 668 1886 ebatur,
686 1825 842 1892 exceptione
855 1825 996 1880 restitutae
1010 1825 1086 1878 here·
1137 1823 1227 1878 soluta
1244 1831 1314 1888 sunt,
1333 1829 1452 1892 repetere
1470 1823 1534 1890 quid
1547 1823 1658 1876 debeam
1672 1829 1699 1876 et
1713 1823 1860 1892 quantumi
1884 1825 1935 1880 item

277 1893 367 1946 ditatis
382 1891 501 1944 adiuvari
516 1841 730 1946 reipsummorcri
740 1897 837 1958 potest.
864 1891 983 1946 actiones
998 1897 1087 1946 autem
1138 1893 1252 1958 quaero,
1276 1891 1299 1944 si
1322 1891 1392 1958 quod
1410 1891 1443 1942 ab
1452 1889 1503 1968 ¹bis
1520 1905 1554 1944 ex
1571 1889 1743 1958 stipulatione
1759 1903 1901 1960 percepero
1916 1901 1935 1948 et

276 1959 520 2014 fideicommissario
550 1963 717 2026 competunt,
745 1975 812 2026 quas
837 1959 932 2014 babuit
954 1959 1032 2014 heres
1055 1975 1086 2014 ec
1137 1957 1208 2026 quod
1235 1957 1307 2026 apud
1334 1959 1521 2012 consobrinam
1548 1971 1634 2010 meam
1663 1973 1695 2012 su
1714 1973 1746 2010 ra
1773 1957 1935 2024 quadrantem

276 2035 403 2096 tempore,
410 2043 462 2094 quo
471 2023 703 2080 fideicommissum
712 2027 878 2080 restituebat.
898 2025 1087 2080 Marrrrrrs:
1137 2029 1309 2090 remanserat,
1327 2041 1382 2080 mon
1399 2023 1497 2080 efficiet
1514 2027 1617 2092 partem
1635 2023 1698 2078 dimi
1718 2025 1767 2078 'am
1782 2025 1935 2092 hereditatis,

277 2095 387 2150 sedeas
405 2107 510 2176 quoque
527 2093 661 2162 actiones,
685 2109 754 2164 quae
771 2095 821 2150 sub
839 2095 995 2150 condicione
1012 2101 1088 2148 erant
1137 2111 1173 2148 an
1195 2107 1230 2146 ex
1251 2093 1416 2148 incremento
1438 2097 1465 2146 et
1487 2091 1620 2146 fructibus
1644 2093 1701 2148 mus
1724 2107 1856 2156 summae,
1879 2109 1935 2160 quae

277 2169 304 2218 et
320 2179 433 2232 quarum
451 2161 506 2218 drus
524 2175 555 2216 eo
572 2167 693 2230 tempore
713 2179 767 2218 non
785 2167 902 2218 cesserat
909 2167 929 2230 ⁴,
951 2163 1086 2218 fideicom-
1137 2177 1219 2230 supra
1238 2161 1413 2228 quadrantem
1424 2161 1555 2216 bonorum
1566 2177 1650 2230 penes
1664 2161 1851 2216 consobrinam
1862 2175 1935 2218 meam

276 2231 399 2286 missario
423 2235 573 2300 competere
593 2231 690 2300 placet.
726 2233 774 2288 sed
797 2239 940 2302 antequam
962 2231 1086 2286 restitue·
1137 2229 1278 2294 remansit,
1302 2231 1428 2298 supplere
1448 2227 1473 2284 ei
1490 2227 1615 2294 debeam,
1638 2227 1777 2284 dumtaxat
1793 2243 1827 2282 ue
1844 2233 1935 2296 partem

276 2305 351 2354 retur
367 2299 513 2366 hereditas,
536 2299 693 2368 exceptione
715 2299 804 2368 aliqua
827 2301 903 2356 heres
921 2299 1086 2354 adiuvandus
1138 2297 1273 2352 dimidiam
1289 2297 1445 2352 hereditatis
1463 2297 1599 2366 quantitas
1618 2311 1686 2366 quae
1703 2297 1888 2352 restitueretur
1900 2311 1935 2352 er·

276 2383 332 2422 uon
348 2373 401 2422 est:
421 2383 480 2422 cum
497 2368 549 2423 hoc
566 2367 653 2420 miuus
671 2383 705 2422 ex
723 2383 805 2422 causa
821 2367 1017 2424 fideicommissi
1034 2367 1087 2424 sit⁵
1139 2365 1235 2420 cedat?
1269 2381 1305 2418 an
1329 2381 1406 2434 sero,
1435 2365 1506 2420 sicut
1527 2365 1640 2420 Publius
1662 2365 1783 2420 Maevius
1806 2365 1935 2434 desiderat,

277 2439 292 2488 8
326 2435 507 2490 restituturus.
539 2433 737 2490 Trebellianum
753 2443 861 2490 senatus
880 2437 1030 2490 consultum
1047 2437 1059 2488 l
1074 2467 1086 2476 -
1156 2433 1265 2502 uidquid
1283 2435 1400 2502 seposito
1418 2433 1566 2502 quadrante
1579 2433 1712 2488 bonorum
1726 2433 1836 2502 eiusque
1844 2433 1866 2466 ¹⁰
1882 2449 1935 2502 qua-

278 2519 339 2558 cum
352 2503 459 2568 habeti,
478 2503 600 2570 quotiens
612 2503 669 2572 quis
681 2519 758 2556 suam
769 2503 942 2558 hereditatem
950 2503 993 2558 uel
1003 2509 1086 2560 totam
1170 2503 1241 2558 antis
1263 2501 1397 2556 huetibm
1424 2509 1581 2574 perceptum
1609 2507 1651 2556 est
1674 2501 1780 2564 restitui
1803 2501 1828 2554 ei
1850 2501 1936 2558 debetl

278 2575 293 2624 9
327 2571 369 2624 rel
389 2587 439 2638 pro
461 2575 537 2638 parte
558 2569 621 2624 fidei
641 2571 748 2626 heredis
770 2569 918 2626 committit.
953 2569 1041 2638 Quare
1064 2571 1087 2626 si
1137 2569 1271 2638 respondi,
1290 2569 1362 2638 quod
1379 2585 1461 2638 supra
1475 2569 1650 2638 quadrantem
1662 2585 1745 2638 penes
1760 2569 1936 2626 consobrinam

277 2637 398 2694 Maevius
414 2643 441 2692 te
458 2637 582 2692 heredem
598 2637 745 2692 instituerit
762 2645 789 2692 et
805 2639 945 2708 rogaverit,
962 2643 994 2694 ut
1010 2641 1086 2692 here·
1136 2643 1209 2692 tuam
1227 2637 1363 2704 remansit,
1382 2637 1406 2692 si
1423 2637 1533 2692 adiectis
1550 2637 1681 2692 fructibus
1700 2637 1874 2718 quantitatem
1885 2653 1935 2706 par-

278 2705 386 2762 ditatcm
404 2705 470 2760 Titii
485 2707 626 2770 restituas,
650 2721 738 2776 aquo
755 2721 828 2762 esses
845 2707 922 2762 heres
939 2707 1086 2772 institutus,
1137 2707 1172 2760 tis
1194 2705 1319 2760 dimidiae
1340 2703 1509 2772 hereditatis,
1539 2719 1608 2774 quae
1629 2711 1723 2760 mortrs
1746 2711 1866 2786 tempore
1888 2705 1935 2772 luit,

278 2779 305 2830 et
320 2779 351 2830 tu
368 2773 540 2830 hereditatem
552 2773 669 2830 Maerii⁷
686 2773 792 2840 adieris,
810 2773 919 2844 perinde
937 2791 954 2830 a
970 2779 998 2830 te
1012 2773 1087 2830 fidei·
1137 2791 1192 2830 non
1218 2773 1359 2840 minuet²⁷,
1386 2779 1472 2830 totum
1494 2773 1590 2830 Publio
1613 2773 1718 2830 Maeuio
1741 2773 1935 2832 restituendum:

278 2843 447 2898 commissum
463 2847 582 2914 petetur,
601 2859 633 2898 ac
652 2843 676 2898 si
692 2843 817 2908 fundum,
835 2843 881 2912 qui
897 2843 946 2898 tibi
963 2859 981 2898 a
998 2843 1087 2898 Titio⁸
1137 2859 1188 2898 nec
1205 2859 1239 2898 ex
1256 2843 1429 2914 stipulatione
1446 2845 1481 2898 ab
1496 2843 1545 2910 his,
1564 2843 1661 2914 quibus
1673 2843 1762 2912 legata
1777 2843 1935 2912 salutarunt,

277 2913 381 2982 legatus
399 2919 482 2980 esset,
505 2913 646 2968 restituere
663 2917 773 2980 rogatus
789 2913 903 2968 fusses:
923 2911 1037 2980 ideoque
1060 2919 1086 2968 et
1136 2911 1222 2982 repeti
1239 2911 1381 2980 quicquam
1398 2917 1494 2980 potest.
1531 2911 1554 2968 si
1571 2927 1634 2968 vero
1650 2911 1755 2968 fructus
1773 2913 1935 2982 quantitatem

278 2983 301 3038 ai
317 2987 469 3052 suspectam
483 2979 582 3036 Maevii
598 2981 774 3036 hereditatem
791 2981 897 3050 dixems
914 2981 972 3050 cogi
989 2987 1017 3036 te
1033 2999 1087 3036 mon
1135 2981 1221 3050 partis
1239 2979 1362 3036 dimidiae
1380 2981 1565 3046 exuberantffl,
1586 2981 1728 3050 quadranti
1745 2985 1791 3034 tuo
1811 2981 1935 3036 111111111-
1958 3039 1959 3042 ,

281 3055 311 3104 tt
347 3055 453 3118 oportet
469 3067 528 3106 earn
545 3049 626 3106 adire.
653 3049 731 3118 Quod
742 3049 765 3106 si
774 3049 894 3106 Maevius
911 3055 939 3104 te
955 3051 1087 3118 rogaverit
1136 3051 1188 3104 bus
1210 3049 1267 3104 eius
1289 3049 1407 3104 accedet.
1442 3051 1466 3106 si
1481 3065 1543 3104 vero
1561 3049 1666 3104 fructus
1684 3049 1741 3106 eius
1758 3051 1857 3122 partis,
1880 3065 1935 3118 quae

278 3125 305 3172 et
330 3133 405 3172 suam
430 3117 604 3172 hereditatem
629 3123 657 3172 et
680 3117 814 3172 Titianam
838 3117 979 3172 restituere
1004 3125 1087 3186 tuque
1136 3133 1219 3186 supra
1242 3117 1418 3186 quadrantem
1442 3117 1515 3188 apud
1537 3117 1724 3172 consobrinam
1746 3123 1821 3172 tuam
1843 3133 1935 3172 reman-

278 3192 372 3256 sponte
388 3185 483 3242 adieris
496 3187 677 3252 hereditatem,
695 3187 777 3242 uteris
788 3187 852 3256 legis
863 3185 1000 3242 Falcidiae
1015 3201 1086 3240 conr·
1136 3191 1223 3252 serat,
1247 3203 1302 3240 non
1323 3185 1435 3256 implent
1457 3187 1634 3256 quantitatem
1652 3187 1740 3266 partis
1760 3187 1882 3242 dimidiae
1898 3187 1935 3242 bo-

277 3256 356 3311 modo
373 3259 400 3310 et
416 3261 520 3324 partem
537 3261 660 3324 quartam
677 3255 834 3310 Maeuianae
850 3255 1005 3310 hereditatis
1022 3255 1086 3310 reti·
1136 3271 1245 3320 uorum,
1269 3269 1303 3310 ex
1324 3255 1495 3322 stipulatione
1513 3255 1555 3324 agi
1572 3261 1678 3326 potent.
1713 3255 1742 3308 in
1759 3271 1863 3310 summa
1878 3255 1935 3310 ratio

277 3325 366 3392 nebis,
389 3323 523 3378 dimidiam
545 3331 572 3380 et
595 3331 717 3394 quartam
739 3339 772 3378 ex
788 3323 992 3380 fideicommisso
1009 3325 1086 3378 resti·
1136 3325 1175 3378 ita
1196 3323 1322 3394 ponenda
1344 3329 1399 3388 est,
1424 3331 1455 3378 ut
1476 3331 1507 3378 tu
1530 3323 1602 3378 omni
1624 3323 1702 3380 modo
1726 3323 1899 3394 quadrantem
1916 3331 1935 3376 et

277 3397 345 3448 tues.
380 3407 430 3448 uec
446 3393 579 3460 intererit,
602 3393 687 3448 eidem
704 3399 843 3462 utramque
860 3391 1034 3448 hereditatem
1052 3409 1087 3448 an
1136 3391 1242 3448 fructus
1265 3391 1335 3458 eius,
1358 3397 1509 3462 praeterea,
1533 3391 1557 3450 si
1580 3393 1635 3448 eius
1654 3391 1725 3462 quod
1742 3393 1935 3460 quadrantem¹⁸

278 3461 324 3516 alii
338 3461 517 3530 Maeuianam,
541 3463 587 3516 alii
604 3463 739 3516 Titianam
756 3465 864 3530 rogatos
885 3461 987 3516 lueris⁹
1008 3463 1085 3526 resti·
1137 3459 1362 3518 exceditiructus
1379 3461 1529 3516 intantum
1546 3461 1704 3526 excreverit,
1724 3467 1755 3516 ut
1789 3461 1935 3518 uantitaten

277 3535 360 3586 tuere.
401 3531 449 3586 sed
479 3531 503 3586 si
533 3537 685 3600 suspectam
715 3531 882 3586 hlaevianam
912 3529 1086 3586 hereditatem
1136 3529 1221 3600 partis
1238 3529 1364 3586 dimidiae
1380 3531 1512 3586 bonorum
1529 3531 1652 3598 excedat,
1670 3529 1751 3586 etiam
1766 3477 1795 3584 i‘l
1813 3529 1885 3600 quod
1900 3547 1935 3586 ex·

278 3597 389 3664 dixeris,
418 3599 518 3668 cogeris
547 3615 606 3654 eam
632 3601 706 3654 adire
732 3605 760 3652 et
780 3599 921 3654 restituere
944 3601 982 3664 ei,
1013 3599 1086 3652 cui¹⁰
1142 3605 1168 3652 11
1205 3599 1317 3654 cesserit
1338 3599 1462 3654 retineas.
1498 3601 1550 3670 Qui
1575 3615 1639 3656 suos
1660 3615 1751 3656 servos
1773 3605 1883 3670 rogatus
1904 3607 1935 3654 est

277 3671 384 3736 rogatus
407 3667 504 3724 fueris:
528 3669 551 3724 is
573 3673 676 3734 autem,
701 3667 745 3722 cui
763 3667 894 3720 Titianam
912 3667 1086 3722 hereditatem
1136 3667 1323 3724 manumittere
1349 3675 1374 3724 et
1397 3667 1499 3724 liudem
1521 3667 1695 3724 hereditatem
1718 3667 1872 3736 restituere,
1900 3669 1934 3724 de·

277 3735 417 3790 restituere
431 3741 539 3804 rogatus
551 3737 643 3802 fueris,
658 3753 712 3790 non
726 3733 826 3804 poterit
839 3739 867 3790 te
881 3735 1039 3804 compellere
1051 3735 1086 3790 ad
1136 3739 1224 3792 tracto
1252 3737 1338 3806 pretio
1367 3751 1506 3796 seruorum
1532 3737 1707 3794 hereditatem
1733 3737 1875 3792 restituere
1900 3737 1935 3792 de·

280 3809 308 3856 11
346 3803 503 3860 adeundum.
526 3805 555 3860 Si
566 3819 599 3858 ex
608 3805 777 3860 Trebelliano
785 3803 960 3858 hereditatem
970 3805 1087 3858 restituit
1136 3805 1219 3860 babit.

277 3871 354 3926 heres
371 3877 399 3926 et
416 3871 520 3926 fructus
537 3871 705 3940 praediorum
723 3871 820 3926 retinet
836 3871 879 3926 vel
893 3871 954 3942 ipsa
967 3871 1085 3940 praedia,
1171 3869 1212 3932 29
1231 3869 1291 3938 [28)
1308 3873 1479 3928 Ararcarca
1497 3873 1565 3928 libro
1583 3877 1661 3928 screto
1679 3873 1866 3954 qaaestionem
1901 3873 1935 3928 Ex
1958 3923 1959 3926 ,

278 3941 332 3996 sire
349 3939 427 3994 etiam
445 3941 549 3994 debitor
566 3941 621 3994 eius
640 3941 687 4008 qui
704 3943 891 3996 testamentum
913 3939 978 3994 iecit
998 3939 1086 4006 fuerit,
1136 3955 1197 3996 asse
1219 3941 1297 3996 heres
1319 3941 1458 3996 institutus
1479 3947 1583 4010 partem
1603 3941 1758 3994 hereditatis
1785 3943 1850 3996 mihi
1871 3957 1935 4010 pure,

277 4009 456 4064 necessarium
482 4015 525 4064 est
552 4009 684 4066 achonem
713 4009 840 4064 adversus
866 4023 926 4064 eum
951 4007 1086 4066 fideicom·
1135 4009 1185 4064 tibi
1198 4009 1249 4066 sub
1265 4009 1422 4066 condicione
1433 4011 1575 4066 restituere
1588 4015 1698 4078 rogatus
1717 4025 1777 4066 cum
1794 4015 1935 4080 suspectam

277 4077 399 4132 missario
426 4077 492 4132 dari.
533 4077 724 4132 Miseratus:
754 4079 806 4132 hoc
836 4075 906 4132 idem
935 4077 1086 4134 necessario
1136 4077 1245 4144 dieerm,
1261 4079 1416 4150 postulante
1432 4095 1475 4134 me
1493 4079 1548 4134 adit
1564 4079 1672 4134 etmihi
1688 4083 1774 4134 totam
1790 4093 1825 4134 ex
1839 4077 1959 4136 senatus

277 4147 428 4200 iaciendum
447 4151 500 4212 est,
525 4163 585 4202 cum
602 4153 680 4216 parte
696 4145 851 4202 hereditatis
869 4147 993 4202 restituta
1008 4147 1086 4200 iami-
1137 4147 1258 4204 consultu
1276 4147 1407 4202 restituit:
1431 4147 1590 4216 quandoque
1613 4147 1734 4202 canneto
1757 4147 1887 4216 extiterit,
1908 4163 1935 4202 an

277 4215 329 4270 liae
352 4213 554 4270 erciscundae¹¹
580 4215 707 4270 iudicium
729 4215 798 4270 inter
821 4231 881 4270 eurn
903 4217 949 4282 qui
970 4215 1087 4270 restituit
1135 4215 1239 4270 fructus
1265 4215 1353 4286 partis
1378 4217 1473 4270 tuae2⁰
1498 4217 1639 4272 restituere
1665 4215 1715 4270 tibi
1742 4215 1866 4282 debeam,
1892 4231 1958 4270 nor,

279 4285 309 4336 tr
344 4283 517 4336 hereditatem
534 4287 561 4338 et
579 4285 624 4350 qui
641 4285 771 4352 receperit
788 4283 942 4352 accipietur.
974 4283 1025 4350 Qui
1041 4299 1085 4336 ro·
1135 4285 1267 4338 immerito
1286 4285 1468 4338 dubitabatur.
1503 4291 1531 4338 et
1552 4285 1686 4354 plerisque
1706 4285 1796 4352 placet
1817 4299 1872 4338 non
1888 4297 1935 4340 esse

276 4357 354 4474 {atus
368 4357 410 4406 est
423 4349 590 4420 emancipato
605 4351 660 4406 tilio
672 4351 812 4406 restituere
826 4351 1008 4416 hereditatem,
1028 4351 1086 4420 cogi
1136 4367 1182 4408 eos
1199 4351 1390 4420 praestandos,
1415 4351 1478 4422 quia
1499 4369 1549 4408 nec
1571 4353 1606 4406 ab
1623 4351 1721 4406 herede
1737 4357 1935 4420 praestarentur,
1958 4361 1959 4364 ’

296 4419 357 4474 ebet
373 4417 447 4474 adire
465 4425 491 4472 et
507 4419 656 4484 restituere,
675 4419 793 4488 quamuis
810 4419 882 4474 iilius
900 4423 995 4474 contra
1007 4419 1085 4474 tabu·
1136 4419 1159 4474 si
1176 4435 1227 4474 sua
1244 4425 1340 4490 sponte
1357 4419 1471 4484 adisset,
1493 4419 1611 4474 sufficiat
1634 4425 1723 4474 autem
1745 4419 1787 4474 ius
1805 4425 1881 4473 tuum
1898 4417 1935 4474 tibi

279 4491 309 4540 13
344 4487 384 4540 las
410 4486 540 4542 bonorum
566 4489 764 4556 possessionem
785 4487 907 4556 accipere
928 4487 1021 4556 possit.
1058 4485 1085 4540 st
1134 4487 1266 4556 integrum
1282 4487 1440 4554 conservari,
1459 4503 1512 4542 non
1526 4489 1605 4542 etiam
1617 4489 1752 4542 meliorem
1766 4487 1961 4542 condicionem?

277 4559 407 4624 patronus
430 4571 463 4608 ex
483 4559 560 4622 parte
578 4555 669 4608 debita
685 4555 762 4610 heres
779 4555 917 4610 institutus
935 4561 961 4610 et
977 4559 1085 4624 rogatus
1139 4561 1149 4608 i
1187 4561 1261 4610 tuam
1278 4555 1346 4610 fieri.
1379 4555 1453 4610 Idem
1469 4561 1560 4612 tamen
1577 4555 1777 4622 existimabant,
1794 4555 1818 4610 si
1836 4571 1869 4610 ex
1886 4559 1964 4610 assei

277 4621 417 4678 restituere
430 4621 604 4678 hereditatem
620 4627 771 4690 suspectam
785 4621 837 4678 sibi
851 4639 909 4678 esse
924 4623 1003 4688 dicat,
1019 4627 1084 4690 puto
1135 4623 1213 4678 heres
1235 4623 1374 4678 institutus
1397 4623 1461 4678 mihi
1484 4623 1659 4704 quadrantem
1680 4639 1763 4692 pure,
1791 4623 1841 4678 tibi
1862 4633 1936 4692 aeque

277 4691 375 4744 rectius
397 4689 531 4744 facturum
554 4695 716 4758 praetorem,
745 4691 768 4744 si
791 4691 907 4760 coegerit
929 4705 990 4744 eum
1012 4691 1086 4744 adire
1136 4691 1311 4758 quadrantem
1328 4691 1378 4746 sub
1397 4689 1553 4746 condicione
1569 4691 1710 4744 restituere
1727 4695 1836 4760 rogatus
1859 4691 1893 4746 sit
1908 4693 1935 4750 ct,
1958 4695 1962 4750 ,ζ

278 4759 451 4812 hereditatem
468 4765 496 4812 et
512 4759 660 4820 restituere,
680 4759 903 4828 quamvistpossit
919 4763 1022 4812 mutata
1038 4773 1084 4812 ro·
1136 4775 1196 4814 cum
1213 4765 1366 4828 suspectam
1383 4757 1556 4814 hereditatem
1574 4759 1682 4822 diceret,
1701 4763 1812 4828 cogente
1823 4773 1866 4812 me
1880 4759 1935 4820 adit,

280 4831 310 4878 11
344 4825 447 4882 luntate
465 4841 522 4880 eam
539 4831 642 4894 partem
652 4825 807 4882 hereditatis
818 4827 941 4882 retinere.
967 4825 1084 4894 Siprae·
1135 4825 1296 4894 quandoque
1309 4825 1428 4882 condicio
1442 4825 1580 4892 arautem,
1595 4827 1730 4882 semissem
1739 4825 1963 4894 deterserat-2}

278 4893 362 4962 ceptis
386 4893 543 4962 quibusdam
566 4895 647 4948 rebus
667 4893 745 4948 heres
767 4899 875 4962 rogatus
893 4895 928 4948 sit
944 4895 1085 4948 restituere
1123 4897 1151 4950 ,2
1184 4893 1322 4950 tuendum.
1347 4893 1401 4948 Sed
1411 4903 1461 4948 nec
1472 4895 1530 4962 lege
1540 4893 1662 4948 Falcidia
1671 4895 1700 4948 iu
1709 4895 1848 4962 proposita
1859 4893 1935 4962 specie

277 4959 452 5016 hereditatem
474 4966 501 5014 et
523 4965 633 5016 coactus
656 4975 715 5014 eam
737 4963 843 5026 adierit,
872 4977 908 5014 an
927 4963 1085 5044 praecipere
1134 4977 1246 5016 usurum
1263 4977 1305 5016 me
1322 4969 1402 5032 puto,
1426 4963 1545 5032 quamvis
1562 4963 1678 5032 scriptus
1694 4963 1785 5028 heres,
1806 4963 1830 5018 si
1851 4965 1936 5032 sponte

278 5029 391 5084 debeat?
424 5029 550 5098 respondi
567 5045 640 5092 eum,
663 5029 709 5096 qui
725 5029 800 5084 iussu
816 5035 948 5098 praeturrs
966 5029 1022 5082 adit
1038 5029 1085 5082 he·
1135 5029 1242 5092 adisset,
1260 5035 1389 5084 uteretur.

277 5101 309 5150 15
344 5095 491 5162 ruditatem,
509 5097 582 5152 omni
599 5095 737 5150 commodo
752 5095 887 5164 prohiberi
900 5097 1007 5156 dehere.
1032 5095 1086 5150 Sed
1169 5093 1209 5152 30
1229 5093 1319 5162 129)”1
1343 5097 1606 5152 Misenumnam
1628 5101 1727 5166 quarto
1749 5095 1934 5150 institutionum

276 5163 301 5218 si
317 5163 402 5218 eidem
417 5163 532 5232 legatum
550 5167 621 5218 esset
638 5163 688 5216 snb
705 5163 757 5218 hac
776 5163 933 5222 condicione,
954 5163 986 5218 ‘si
1007 5163 1084 5218 heres
1135 5163 1164 5218 Si
1178 5163 1237 5232 quis
1251 5165 1341 5232 priore
1355 5163 1427 5220 iacto
1439 5169 1599 5218 testamento
1613 5163 1746 5232 posterius
1758 5161 1852 5218 fecerit
1863 5169 1935 5218 testa·

278 5235 341 5284 ‘non
357 5233 435 5286 esset'
453 5237 480 5286 et
497 5237 651 5300 suspectam
668 5229 720 5284 sihi
736 5233 909 5286 hereditatem
926 5231 1011 5296 dicat,
1031 5247 1086 5284 mon
1134 5237 1260 5296 mentum,
1279 5231 1382 5284 etiamsi
1400 5247 1433 5286 ex
1451 5233 1531 5286 certis
1547 5233 1629 5284 rebus
1646 5231 1674 5286 in
1691 5231 1851 5298 posteriores
1865 5233 1934 5286 tabu·

277 5299 355 5354 aliter
371 5299 505 5368 cogendus
523 5303 565 5352 est
581 5299 667 5366 adire,
686 5313 766 5366 quam
782 5305 814 5352 ut
829 5299 930 5368 legata,
948 5313 1017 5366 quae
1034 5299 1085 5354 sub
1133 5299 1175 5354 las
1194 5299 1308 5354 heredes
1334 5299 1464 5366 instituit,
1491 5299 1614 5368 superius
1640 5303 1730 5352 tamea
1757 5303 1935 5354 testamentum
1960 5295 1966 5368 1

278 5365 433 5422 condricus
451 5365 483 5422 ‘si
499 5365 578 5422 heres
593 5381 649 5422 uon
665 5367 745 5422 esset’
763 5365 827 5422 data
839 5371 924 5434 eraut,
941 5365 1084 5422 restituan-
1135 5365 1272 5422 sublatum
1292 5371 1346 5434 est,
1370 5373 1401 5422 ut
1422 5365 1476 5422 diri
1496 5383 1603 5438 quoque
1619 5365 1733 5422 Severus
1750 5371 1777 5422 et
1792 5367 1935 5422 hionium

278 5535 306 5598 11)
324 5533 454 5584 uremur*
493 5539 525 5598 (1)
543 5537 717 5588 hereditateF
756 5537 886 5602 11“)ετίῈἱ
925 5543 956 5600 13)
975 5537 1084 5602 accepite
1135 5539 1179 5602 (12)
1197 5537 1284 5590 deitF’
1357 5547 1401 5596 t1at
1418 5539 1518 5590 atter
1595 5543 1639 5602 111)
1658 5539 1752 5590 coar
1827 5545 1870 5602 lit)
1887 5555 1935 5608 per·

275 5601 318 5652 sed
327 5599 442 5666 compelli
450 5605 697 5668 potest‚sinondum
712 5603 1020 5670 agnoritiiliusbonorunr
1027 5619 1084 5670 pos·
1134 5605 1260 5656 cissentF
1311 5611 1355 5674 116)
1373 5609 1512 5672 queem-F
1562 5611 1605 5672 111)
1624 5623 1675 5658 non
1684 5605 1934 5674 minuetlaequetecr.

275 5669 461 5722 sessionemr'ns.
489 5701 492 5704 -
522 5673 554 5734 (1)
572 5673 712 5722 cemmetF
765 5675 796 5736 tt)
814 5673 935 5722 sitan
988 5675 1020 5736 (1)
1038 5673 1083 5724 ha·
1136 5677 1179 5738 118)
1199 5673 1343 5740 exuberent]
1362 5679 1499 5740 exuperant
1517 5677 1662 5742 leitilai),
1679 5677 1746 5740 quod
1761 5679 1880 5742 exuperat
1894 5695 1933 5728 scr·

276 5739 336 5788 bens
345 5737 372 5788 F
398 5737 429 5800 (1)
441 5739 477 5788 eir
485 5739 581 5804 rumpet,
589 5741 619 5790 ut
626 5739 764 5794 hereditate
772 5739 861 5790 maevii
869 5743 954 5792 mediis
962 5741 1089 5794 amarer*
1136 5747 1179 5806 1191
1198 5743 1328 5794 tenuatus
1337 5745 1525 5810 eiusprueterea
1538 5745 1560 5796 si
1574 5745 1627 5796 eius
1640 5743 1707 5812 quod
1721 5745 1884 5810 quadrantem
1897 5745 1933 5800 nd·

277 5809 311 5872 11)
329 5805 425 5858 attioF
475 5809 507 5872 (a)
526 5807 639 5860 fueriti*
684 5811 729 5874 (ro)
748 5809 827 5874 th'
874 5811 913 5874 111)
932 5809 1091 5862 emundeeF
1136 5813 1191 5866 dida·
1258 5815 1306 5880 (1ο)
1323 5815 1420 5866 suasi*
1481 5817 1526 5882 111)
1543 5815 1744 5886 almatius

1960 5253 1966 5298 1

1961 5369 1966 5406 r.

1962 5525 1965 5550 'r

1962 5555 1966 5568 r

1961 5567 1967 5634 l
