4366 6258
267 361 311 410 66
332 359 401 406 ura.
422 359 465 404 nr
485 357 674 406 61666666.
1068 333 1132 406 2113
1333 421 1334 424 ¹
1751 331 1847 394 XXII
1868 337 1930 396 bt
1997 311 2007 318 M

258 505 262 516 ’
304 521 341 578 13
364 519 543 574 Pressuras
565 521 632 574 libro
651 523 744 590 primo
762 521 795 572 dc
812 517 952 574 adulteriis
986 517 1072 586 Quae·
1123 517 1199 580 bere,
1226 533 1276 586 quo
1303 517 1407 574 facilius
1433 521 1539 590 negotia
1565 519 1731 590 explicentur
1754 519 1782 568 et
1806 515 1929 584 probatio

268 589 347 646 situm
365 585 429 652 6616,
447 601 482 640 an
498 587 526 638 in
543 587 656 654 puhlicis
672 587 775 640 indiciis
794 585 941 640 calumniae
955 583 1074 638 damnati
1123 601 1211 638 rerum
1228 585 1300 640 salva
1316 585 1359 640 sit.

267 653 447 710 testImonium
464 653 559 706 iudicia
577 653 684 722 publico
707 653 844 720 perhibere
865 659 979 720 possunt
992 655 1008 706 ¹.
1026 650 1074 707 sed
1158 647 1197 708 23
1214 651 1293 706 lanu
1304 653 1371 706 libro
1380 655 1473 724 primo
1483 653 1516 706 de
1529 655 1637 710 iudiciis
1648 649 1767 724 publicis
1787 649 1930 704 ¹⁴Produci

269 735 353 788 neque
370 721 428 788 lege
440 719 561 772 Remmia
576 721 750 786 prohibentur
767 725 793 772 et
810 719 878 772 Iulia
894 721 938 772 lex
956 719 988 772 de
1004 719 1030 772 vi
1047 723 1074 772 61
1123 719 1197 772 testis
1214 719 1236 774 is
1254 733 1308 772 uon
1325 723 1421 788 potest,
1439 721 1485 788 qui
1508 727 1569 776 ante
1591 721 1620 776 in
1637 737 1696 776 enm
1718 733 1792 774 reum
1809 717 1927 772 16611616-

268 787 473 856 repetendarum
491 793 517 838 et
533 787 672 856 peculatus
696 801 741 840 eos
758 787 876 840 homines
893 787 1073 840 testimonium
1124 787 1196 840 nium
1213 787 1286 840 dixit.

268 857 357 910 dicere
371 869 426 906 nou
439 859 587 908 vetuerunt.
605 859 784 906 verumtamen
799 853 870 922 quod
883 853 1072 918 1661166οωί6-
1158 849 1198 910 24
1214 853 1332 908 Pronus
1344 853 1411 908 libro
1444 853 1518 906 uiutc
1527 855 1717 910 sententiarum
1727 855 1747 888 ¹⁶
1772 853 1929 918 Τ66166666,

268 937 326 978 sum
353 925 408 984 est,
434 937 489 974 nan
520 919 655 974 omittatur
686 921 810 988 religione
839 919 1013 972 iudicantium
1039 919 1074 974 ad
1124 935 1190 988 quos
1207 925 1347 976 accusator
1364 919 1398 974 de
1432 937 1491 974 amo
1509 919 1678 988 produxerit,
1701 919 1857 992 interrogari
1874 937 1928 976 non

269 985 508 1058 quorumoificium
522 987 636 1054 pertinet
650 987 821 1056 eiusquoque
834 985 1073 1052 testimonialem,
1123 989 1224 1056 placuit
1236 991 1264 1040 ¹⁶.
1444 1027 1445 1030 ,
1970 1007 1972 1010 ·

269 1055 339 1126 qnod
356 1053 473 1122 integrae
489 1053 584 1108 1666116
600 1055 678 1108 homo
698 1055 800 1116 dixerit,
818 1049 987 1120 perpendere.
1159 1051 1197 1112 25
1215 1055 1365 1108 Aramrus
1379 1057 1428 1132 qui
1443 1059 1470 1108 et
1489 1051 1646 1108 desaisire
1660 1055 1727 1108 libro
1743 1057 1880 1128 stapularr'
1895 1055 1929 1110 de

303 1117 341 1176 14
359 1121 520 1174 1616611166
534 1121 715 1190 stapulartde
730 1119 870 1174 adulteriis
891 1117 952 1172 Seio
968 1119 1074 1186 quidem
1090 1139 1093 1150 ³
1124 1123 1233 1176 testibus
1271 1123 1406 1174 Mandatus
1429 1127 1550 1186 cavetur,
1573 1125 1605 1174 61
1627 1121 1762 1188 praesides
1779 1123 1927 1188 attendant,

267 1191 412 1240 tractatum
428 1201 495 1250 esse,
513 1201 548 1240 an
565 1187 600 1240 ad
617 1192 803 1240 testamentum
824 1185 975 1240 faciendum
998 1187 1072 1240 adhi-
1124 1205 1158 1242 ne
1178 1189 1286 1266 patroni
1309 1189 1337 1242 in
1363 1203 1444 1240 causa
1469 1187 1513 1240 eni
1537 1189 1713 1256 patrocinium
1738 1193 1928 1258 praestiterunt

267 1255 324 1308 beri
347 1255 432 1320 possit
454 1253 576 1306 adulterii
599 1253 751 1306 damnatus:
776 1259 803 1306 et
826 1267 889 1306 saue
911 1251 982 1306 16616
997 1253 1072 1306 16611-
1124 1255 1301 1310 testimonium
1318 1255 1413 1308 6116661.
1439 1255 1511 1324 quod
1533 1259 1560 1308 et
1582 1255 1609 1306 in
1632 1257 1829 1312 exsecutoribus
1847 1273 1926 1324 nego·

267 1321 348 1374 monii
377 1321 465 1374 officio
493 1321 517 1374 ei
550 1319 727 1372 interdicetur.
755 1321 873 1374 existimo
901 1333 962 1386 ergo
989 1335 1074 1388 neque
1124 1323 1220 1376 tiorum
1238 1321 1429 1376 observandum
1445 1327 1494 1376 est.

267 1389 324 1442 iure
348 1387 417 1440 civili
440 1393 627 1440 testamentum
649 1387 745 1450 valere,
769 1387 804 1440 ad
830 1387 900 1456 qnod
923 1385 1073 1440 huiusmodi

267 1453 343 1508 testis
361 1455 498 1522 processit,
516 1453 834 1522 666661666666616616,
853 1453 923 1522 quod
939 1453 981 1508 ins
999 1453 1074 1508 civile

268 1521 446 1588 subsequitur,
464 1527 495 1576 ut
508 1537 593 1590 neque
609 1521 742 1576 hereditas
758 1519 826 1574 adiri
842 1537 927 1590 nequa
944 1521 1074 1576 bonorum

267 1589 401 1658 possessio
420 1589 477 1642 dari
493 1589 585 1656 possit.
1475 1593 1552 1654 W,

269 1651 1073 1774 6666616,666616661666
1241 1693 1287 1742 n
1414 1691 1458 1742 e

270 1791 282 1840 1
317 1789 435 1842 monium
454 1789 573 1842 adhiberi
594 1793 690 1856 potest.
731 1789 969 1856 Hermaphroditus
987 1805 1023 1840 an
1039 1787 1074 1840 ad
1160 1787 1313 1844 1Ρ66166
1327 1789 1394 1844 libra
1430 1789 1617 1858 uudruqesiuro
1635 1791 1732 1858 quarto
1755 1791 1792 1840 dd
1814 1789 1928 1844 edictum

267 1859 454 1934 testamentum
467 1855 594 1934 'adhiberi
614 1855 712 1924 possit,
731 1857 843 1924 qualitas
866 1871 944 1908 sexus
960 1855 1073 1910 1666166-
1126 1861 1137 1908 1
1175 1855 1326 1934 Ignorantia
1349 1857 1389 1910 661
1412 1807 1477 1910 ducti
1499 1855 1539 1910 661
1562 1855 1626 1910 imis
1650 1861 1698 1908 661.
1742 1853 1812 1908 Nam
1829 1855 1852 1910 61
1869 1857 1928 1924 quis

269 1927 352 1976 666166
371 1921 493 1976 66166161.
1126 1931 1228 1976 nesciat
1245 1923 1389 1978 decessisse
1406 1939 1473 1988 eum,
1492 1923 1566 1978 cuins
1583 1923 1714 1978 honorum
1730 1923 1863 1990 possessio
1883 1925 1927 1978 de-

304 1985 342 2044 16
361 1987 842 2056 16661116666616166661661616666
868 1987 1017 2056 Qm2ta1so
1032 1989 1074 2044 661
1124 1989 1216 2054 lemur,
1233 2005 1288 2044 non
1305 1991 1375 2044 cedit
1392 1991 1416 2044 ei
1432 1997 1549 2058 tempus:
1569 1989 1615 2044 sed
1632 1989 1655 2044 si
1677 1989 1746 2044 sciat
1762 1989 1866 2056 quidem
1883 1991 1929 2044 de-
1958 2025 1959 2028 η

267 2055 339 2110 rarle
356 2057 507 2110 testimonia
533 2057 656 2110 dixerunt
677 2059 719 2110 661
740 2057 847 2126 utrique
863 2057 934 2124 parti
950 2055 1073 2126 66611616-
1124 2057 1247 2112 functum
1270 2073 1328 2112 esse
1351 2063 1505 2126 cognatum,
1529 2057 1630 2112 nesciat
1647 2061 1736 2110 autem
1752 2057 1929 2124 proximitatis

267 2127 330 2176 runt
355 2123 519 2176 aiudicihus
534 2129 714 2192 competenter
728 2125 898 2194 puniuntur³.
1124 2125 1229 2178 nomine
1251 2125 1380 2178 honorum
1403 2125 1595 2194 possessIonam
1619 2125 1669 2178 sibi
1691 2123 1800 2188 deferri,
1826 2131 1873 2178 aut
1899 2139 1929 2178 se

305 2161 342 2246 11
366 2189 511 2244 Uarinius
532 2191 598 2246 libro
620 2191 757 2260 stupuluri
777 2191 953 2264 reputarum⁴
993 2191 1074 2244 Pater
1124 2191 1192 2246 sciat
1210 2191 1337 2260 scripturn
1354 2191 1484 2256 heredem,
1502 2193 1603 2246 6666161
1621 2197 1710 2246 antem
1733 2191 1804 2260 quod
1822 2191 1929 2260 scriptis

269 2263 296 2312 et
311 2257 402 2314 lilius.⁵
419 2257 463 2326 qui
485 2257 513 2310 in
529 2263 660 2326 potestate
678 2257 733 2312 eius
751 2265 804 2322 661,
822 2259 884 2312 item
908 2257 960 2312 duo
977 2257 1073 2312 iratres
1123 2259 1263 2314 heredibus
1286 2261 1416 2312 bonorum
1437 2261 1630 2326 possessiouem
1653 2265 1761 2326 praetor
1789 2259 1928 2326 promittit,

268 2323 357 2392 quiid
380 2323 496 2378 eiusdem
518 2325 601 2392 patris
624 2329 756 2392 potestate
773 2331 836 2380 sunt
853 2329 934 2378 testes
951 2323 1074 2392 utrique⁶
1124 2325 1194 2380 cedit
1211 2327 1236 2378 ei
1252 2329 1362 2394 tempus,
1382 2325 1443 2392 quia
1459 2327 1487 2378 in
1503 2327 1560 2380 iure
1577 2331 1655 2380 errat.
1673 2325 1743 2378 idem
1760 2331 1809 2388 est,
1834 2323 1929 2378 61166-

267 2389 295 2444 in
312 2391 404 2444 eadem
421 2395 578 2444 testamento
596 2391 737 2444 6616661666
750 2391 854 2458 negotio
869 2389 926 2446 fieri
934 2395 1047 2458 posunt
1054 2393 1073 2456 ⁷,
1123 2395 1166 2446 ter
1182 2395 1393 2460 consanguineus
1418 2393 1536 2446 defuncti
1553 2393 1645 2446 credat
1666 2397 1777 2446 manem
1799 2391 1929 2460 potiorem

268 2459 406 2526 quoerant
420 2459 486 2512 nihil
499 2465 578 2512 nocet
592 2473 624 2512 ex
638 2459 877 2528 unadomoplures
891 2463 972 2512 testes
987 2459 1072 2512 611666
1124 2465 1140 2512 2
1175 2473 1240 2512 esse.
1276 2459 1305 2512 Si
1321 2459 1380 2526 quis
1397 2461 1500 2512 6666161
1517 2477 1545 2514 66
1559 2465 1701 2528 cognatum
1714 2473 1779 2524 esse,
1796 2459 1929 2512 interdum

268 2539 288 2578 n
319 2527 373 2578 otia
392 2527 519 2578 adhiberi.
1124 2527 1152 2580 in
1168 2527 1233 2590 iure,
1250 2525 1383 2580 interdum
1399 2527 1427 2580 in
1449 2527 1521 2580 facto
1546 2533 1624 2580 errat.
1651 2543 1713 2580 uam
1735 2527 1758 2580 si
1775 2531 1801 2578 61
1817 2527 1929 2580 liberum

326 2587 344 2650 8
362 2591 480 2648 Paucas
500 2593 568 2648 libro
590 2593 707 2646 secundo
730 2593 763 2646 de
786 2593 926 2646 adulterius
964 2593 1008 2646 Ex
1032 2607 1072 2658 eo,
1124 2609 1153 2650 se
1170 2609 1227 2648 csse
1244 2599 1272 2648 et
1288 2611 1321 2648 ex
1338 2593 1433 2662 quibus
1448 2599 1526 2648 natus
1544 2595 1578 2648 sit
1595 2593 1670 2660 sciat,
1688 2595 1746 2648 iura
1760 2599 1849 2648 autern
1867 2609 1929 2672 cog·

268 2659 340 2780 36661
364 2661 486 2728 prohibet
510 2661 554 2714 lex
578 2659 645 2714 Iulia
671 2661 704 2714 de
728 2659 863 2714 adulteriis
895 2659 1074 2716 testimonium
1123 2661 1238 2716 nationis
1255 2661 1353 2716 habere
1370 2661 1524 2726 senserint,
1541 2663 1645 2716 iniure
1668 2667 1751 2716 errat:
1774 2665 1803 2716 at
1825 2661 1848 2714 si
1870 2677 1928 2730 quis

287 2727 354 2780 'cera
377 2727 578 2782 conmmeatum
599 2727 748 2792 mulierem,
773 2727 903 2794 colligitur
920 2729 999 2782 ctiam
1015 2743 1073 2782 mn·
1124 2729 1202 2792 (16616
1234 2729 1377 2796 expositus)
1406 2739 1516 2798 quorum
1541 2731 1691 2798 parentium
1716 2735 1785 2782 66661
1816 2729 1927 2796 1666661,

267 2793 345 2848 lieres
362 2795 504 2848 testimonii
521 2795 548 2848 in
565 2794 662 2848 iudicio
681 2793 786 2848 daonii
801 2793 843 2848 ius
860 2795 966 2848 habere.
1123 2795 1236 2848 domasse
1259 2801 1286 2848 ct
1309 2795 1406 2848 serviat
1428 2795 1509 2850 alicui
1530 2801 1626 2866 putans
1649 2811 1678 2850 se
1696 2811 1799 2850 serrum
1816 2809 1882 2860 esse,
1900 2795 1929 2848 in

304 2857 342 2918 19
365 2861 510 2918 [11666666
530 2863 597 2916 libro
620 2865 713 2916 octaua
736 2861 769 2914 de
792 2861 885 2980 officio
898 2861 1073 2932 proconsulis
1124 2867 1139 2916 3
1173 2863 1245 2914 facto
1262 2863 1345 2930 magis
1362 2877 1442 2930 quam
1458 2863 1487 2914 in
1508 2863 1565 2916 iure
1588 2869 1665 2916 errat.
1706 2863 1772 2916 item
1795 2863 1818 2916 si
1840 2863 1899 2930 quis
1908 2863 1929 2894 ¹⁰

272 2929 348 2982 inviti
363 2929 542 2984 testimonium
563 2945 617 2982 non
641 2929 891 2996 dicnntpub'cani,
908 2929 1011 2982 iternis
1028 2929 1074 2998 qui
1124 2929 1929 2998 6616166116666111(166166666616666666666666166616,

267 3011 322 3048 non
340 2995 506 3052 detractandi
523 2995 665 3050 testimonii
682 2995 782 3050 666661
798 2995 891 3058 aberit,
908 2995 1011 3050 iternis
1028 2995 1074 3065 qui
1124 2995 1226 3050 nesciat
1242 3003 1331 3050 autem
1349 2995 1373 3050 ei
1389 3001 1491 3064 tempus
1509 2997 1666 3064 praeterisse
1683 2997 1927 3064 honorumposses·

270 3067 281 3114 t
318 3063 381 3142 qnid
399 3063 527 3142 exercitui
549 3063 733 3142 praebendum
755 3063 918 3118 conduxerit.
953 3061 1007 3116 Sed
1023 3079 1074 3118 nec
1124 3063 1213 3126 sionis,
1231 3063 1259 3116 in
1276 3061 1348 3142 iacto
1367 3069 1446 3118 errat.
1470 3061 1539 3142 idem
1563 3067 1617 3128 est,
1635 3065 1658 3118 si
1673 3069 1750 3142 putet
1767 3079 1827 3118 cum
1844 3063 1928 3118 bono-

266 3129 938 3276 ptt¹¹tttttttttutttttttttau
954 3197 1074 3276 ,666
1123 3129 1638 3276 1661116116,1111111161
1649 3135 1862 3266 ,atttriti
1874 3145 1929 3276 tt

267 3265 298 3318 In
315 3265 494 3318 testimonium
512 3269 653 3318 accusator
670 3269 752 3318 citare
768 3279 823 3318 non
840 3263 919 3318 debet
937 3279 1011 3328 eum,
1029 3279 1074 3332 qu1
1124 3279 1158 3318 ex
1174 3277 1339 3318 successorio
1357 3269 1444 3330 666616
1462 3269 1610 3330 competere
1627 3265 1758 3318 bonorum
1780 3279 1928 3332 possessio-

266 3331 363 3386 indicio
373 3331 480 3400 6611166
489 3347 550 3386 6666
560 3331 610 3386 6611
618 3337 666 3384 661
674 3331 812 3400 quiminor
825 3331 914 3400 vIgiuti
928 3329 1005 3384 annis
1014 3331 1071 3384 erit
1124 3337 1140 3384 4
1174 3345 1242 3396 uem,
1261 3331 1338 3384 cedet
1360 3331 1384 3382 61
1406 3337 1519 3398 tempus,
1537 3331 1599 3398 quia
1622 3331 1650 3384 in
1667 3333 1724 3384 iure
1742 3337 1820 3384 errat.
1856 3331 1929 3384 Idem
1976 3353 1978 3356 ·

302 3395 339 3454 21
359 3401 510 3454 decumus
524 3399 573 3466 qui
588 3405 615 3452 et
632 3397 790 3452 Geraistos
805 3397 873 3452 libra
890 3397 1026 3468 stupratori
1040 3397 1074 3452 dc
1124 3397 1248 3462 11166666,
1267 3397 1289 3450 61
1306 3411 1340 3450 ex
1356 3413 1416 3450 asse
1432 3397 1509 3452 heres
1526 3397 1660 3452 insilimus
1675 3413 1729 3450 non
1742 3403 1819 3466 putet
1835 3413 1864 3452 66
1880 3399 1929 3452 bo·

268 3467 378 3520 testibus
413 3465 453 3520 Ob
472 3481 579 3522 carmen
600 3463 731 3520 famosum
755 3463 893 3518 damnatus
915 3463 1073 3518 intestabilis
1123 3479 1218 3518 norum
1234 3463 1427 3532 possessionem
1443 3469 1533 3532 petere
1569 3479 1629 3518 6666
1646 3473 1708 3518 6616
1724 3471 1830 3532 6666166
1848 3465 1927 3520 tabu·

271 3539 282 3586 1
318 3533 357 3586 fit.
384 3531 453 3586 illud
470 3547 575 3600 quoque
588 3531 767 3586 mcunctabile
776 3533 797 3564 ¹⁰
809 3537 858 3596 est,
872 3537 909 3596 ut,
925 3531 948 3586 si
961 3547 1004 3584 666
1019 3531 1073 3586 exi-
1124 3531 1179 3586 las:
1205 3531 1275 3598 quod
1293 3531 1315 3586 si
1331 3531 1434 3584 nesciat
1451 3547 1509 3586 esse
1525 3481 1639 3596 16166166,
1657 3533 1685 3584 in
1702 3531 1775 3586 iacto
1793 3537 1872 3586 66661

267 3605 321 3668 gat,
339 3615 393 3652 non
410 3605 514 3654 tantum
531 3599 633 3668 privati,
652 3599 699 3652 sed
718 3597 796 3652 611666
812 3599 990 3668 magistratus,
1007 3597 1030 3652 si
1046 3599 1074 3652 in
1159 3593 1348 3654 2Naaarrus
1363 3599 1431 3652 libro
1449 3599 1542 3668 quinto
1559 3599 1775 3652 membranarum
1808 3599 1840 3652 ln
1858 3597 1929 3652 omni

267 3667 401 3736 praesenti
417 3667 477 3732 sint,
495 3667 673 3720 testimonium
692 3667 788 3720 dicam.
806 3667 869 3720 item
886 3672 994 3720 senatus
1011 3681 1073 3720 aaa·
1124 3669 1200 3736 parte
1218 3681 1293 3722 error
1314 3665 1342 3718 in
1364 3667 1422 3718 inre
1439 3681 1493 3720 non
1510 3665 1600 3718 eadem
1624 3667 1684 3720 loeo
1703 3683 1754 3736 quo
1771 3667 1836 3720 lacti
1853 3667 1928 3736 igno-

267 3735 321 3790 suit
344 3741 492 3802 praetorem
514 3735 693 3790 testimonium
722 3733 786 3788 dare
809 3731 903 3790 debere
926 3733 954 3786 in
976 3733 1073 3786 iudicio
1124 3733 1211 3788 nantia
1227 3733 1320 3786 haberi
1337 3733 1452 3798 debebit,
1470 3749 1529 3786 cum
1546 3733 1587 3788 ius
1604 3733 1708 3786 finitum
1725 3739 1752 3788 et
1768 3735 1854 3804 possit
1871 3747 1929 3790 6666

268 3805 283 3854 i
318 3801 440 3856 adulterii
458 3817 547 3856 causa.
583 3799 1072 3866 8166661666611616611,616116666-
1124 3805 1151 3856 61
1165 3799 1269 3866 debeat,
1283 3799 1348 3854 facti
1361 3799 1542 3868 interpretatio
1557 3801 1799 3870 plerumqueetiam
1813 3801 1929 3870 6666166-
1988 3851 1989 3854 ,

267 3871 372 3922 nanum
388 3873 483 3922 testem
499 3869 540 3922 661
557 3869 666 3922 similem
689 3883 831 3936 personam
848 3867 986 3922 admittere
1003 3867 1073 3934 cogi·
1124 3867 1239 3922 tissimos
1256 3867 1341 3922 161161.

267 3953 336 4000 mur,
360 3937 418 3990 siue
434 3935 572 3990 tormentis
594 3937 744 3990 testimonio
769 3935 825 3988 eius
843 3935 1002 3990 eredendum
1020 3949 1074 3988 non
1159 3931 1176 3992 3
1196 3935 1365 3988 Pareamus
1380 3935 1448 3988 libro
1466 3935 1542 3988 tertio
1561 3935 1598 3988 ud
1614 3935 1743 3988 Sabinum
1783 3935 1929 3988 Plurimum

269 4007 283 4056 3
318 4009 367 4056 est.
404 4003 431 4056 si
448 4009 529 4056 testes
545 4017 634 4058 omnes
650 4003 765 4058 eiusdem
778 4003 925 4056 honestatis
944 4007 970 4056 et
984 4001 1073 4054 existi-
1124 4003 1242 4066 interest‚
1260 4007 1349 4056 utnun
1373 4001 1431 4070 quis
1455 4003 1487 4056 de
1508 4003 1617 4056 61166166
1635 4017 1717 4056 causa
1740 4007 1767 4056 et
1783 4001 1857 4058 iacto
1874 4017 1929 4056 non

268 4069 393 4124 matianis
418 4071 471 4126 sint
494 4075 521 4122 et
542 4069 640 4138 negotii
666 4069 781 4192 66611166
809 4087 842 4124 66
869 4069 963 4124 iudicis
986 4075 1073 4124 motus
1126 4075 1138 4124 1
1175 4069 1255 4124 661661
1271 4085 1306 4124 66
1324 4069 1357 4124 616
1373 4069 1431 4124 iure
1448 4085 1495 4124 suo
1512 4069 1624 4148 ignorat.
1661 4069 1713 4124 Sed
1730 4069 1837 4126 Cassius
1854 4071 1928 4138 igno·

269 4153 329 4192 curn
347 4137 388 4192 his
407 4139 548 4204 concurrit,
566 4153 665 4206 sequen
684 4155 700 4192 a
717 4143 780 4192 sunt
805 4139 893 4192 omnia
908 4135 1072 4192 testimonia:
1123 4137 1237 4192 rendam
1255 4135 1381 4192 Sabinum
1403 4137 1442 4192 ita
1463 4137 1644 4206 acupieudam
1661 4138 1825 4192 existimasse
1847 4139 1929 4192 refert

269 4205 368 4258 sivero
384 4207 708 4274 exhisquidam¹²eorum
721 4205 1073 4270 61161611666161,11661166-
1123 4221 1178 4260 non
1196 4205 1326 4276 deperditi
1343 4211 1369 4258 et
1386 4205 1494 4258 nimium
1511 4207 1597 4260 securi
1613 4207 1734 4260 hominis.
1843 4241 1844 4244 =

267 4273 453 4342 parissimam,
469 4273 627 4326 credendum
642 4273 750 4326 astid¹²
764 4273 837 4342 quod
851 4279 963 4326 naturae
977 4273 1074 4352 negotii
1124 4301 1127 4306 6
1157 4271 1273 4330 4Ineu
1287 4273 1355 4328 libro
1373 4273 1450 4328 tertio
1468 4273 1569 4328 decimo
1586 4273 1623 4328 ud
1639 4273 1767 4330 Sabinum
1801 4273 1870 4326 Iuris
1887 4273 1926 4340 ig-

269 4339 393 4394 convenit
415 4345 441 4394 et
465 4339 536 4408 quod
558 4339 709 4396 inimicitiae
731 4345 779 4394 aut
800 4341 901 4408 gratiae
924 4339 1074 4408 suspicione
1124 4341 1272 4394 6666611666
1288 4341 1317 4394 in
1330 4341 1492 4408 usucapione
1505 4347 1616 4408 negatur
1631 4341 1770 4410 prodesse:
1787 4339 1854 4394 facti
1865 4353 1927 4392 6666

270 4413 351 4472 caret,
370 4407 588 4476 confirmabitque
604 4407 684 4460 iudex
701 4413 802 4462 motum
819 4409 899 4462 animi
921 4409 963 4462 sui
981 4423 1014 4462 cx
1031 4423 1073 4462 ar·
1123 4409 1297 4476 ignorantiam
1313 4409 1440 4478 prodesse
1457 4413 1570 4462 constat.

268 4473 398 4542 gementis
417 4479 444 4528 61
460 4475 615 4528 testimoniis
634 4481 661 4528 et
686 4489 755 4544 qnae
777 4477 817 4528 rei
839 4475 943 4546 aptiora
968 4481 1072 4528 616666
1159 4471 1177 4530 5
1199 4477 1364 4530 Taenarius
1389 4475 1521 4530 01166666
1544 4477 1611 4530 libro
1638 4475 1755 4530 secundo
1781 4473 1820 4528 ud
1844 4471 1928 4542 166616

269 4543 429 4608 proximiora
447 4557 504 4596 6666
523 4543 693 4612 compererit:
717 4557 771 4596 non
789 4543 859 4596 enim
875 4543 911 4596 ad
928 4543 1074 4596 multitudi-
1123 4541 1223 4596 lulium
1246 4549 1272 4596 et
1293 4543 1409 4614 Pupium
1452 4543 1647 4612 Iniquissimum
1678 4543 1782 4596 61616166
1806 4539 1929 4606 cuiquam

269 4625 329 4660 nem
345 4609 444 4678 respici
460 4615 573 4678 oportet,
596 4609 644 4664 sed
666 4607 702 4662 61
719 4609 849 4664 sinceram
866 4609 1074 4664 testimoniorum
1124 4609 1262 4664 scientiam
1279 4611 1386 4664 alterius
1405 4627 1483 4678 qnam
1497 4625 1573 4664 suam
1586 4623 1683 4664 nocere
1695 4607 1736 4666 661
1752 4607 1929 4676 ignorantiam

268 4675 348 4730 fidem
365 4681 393 4730 61
408 4677 592 4742 1661666161,
610 4675 707 4744 quibus
723 4677 814 4746 potius
830 4677 876 4732 lnx
893 4677 1010 4732 6666116116
1028 4677 1074 4732 ad·
1124 4677 1234 4732 alterius
1251 4677 1296 4732 alii
1313 4677 1487 4746 profuturam.

270 4743 347 4798 616111.
1160 4741 1178 4800 6
1199 4743 1426 4800 11666666611166
1443 4749 1536 4800 octavo
1553 4743 1655 4798 decimo
1673 4741 1710 4794 ud
1726 4741 1812 4810 dapem
1828 4739 1929 4794 Iulium

303 4807 344 4868 22
369 4811 538 4864 irruimus
553 4811 620 4864 libro
644 4809 761 4866 66666616
791 4811 826 4864 de
842 4813 936 4880 officrb
955 4829 1074 4894 proacu—
1124 4815 1152 4864 et
1167 4809 1284 4882 Pupium
1316 4811 1375 4866 Nec
1397 4813 1493 4880 supina
1515 4809 1665 4878 ignorantia
1686 4807 1929 4864 1666616661166-

270 4879 337 4934 66116
363 4877 463 4932 (iurent
479 4879 648 4946 magistratus
663 4879 790 4948 cuiusque
806 4879 860 4932 loci
873 4883 969 4942 testam
984 4879 1074 4934 solen·
1124 4883 1182 4930 tum
1196 4875 1928 4956 1666666116,61666666666166616661611166616666161

269 4945 340 5002 tibus
359 4951 385 5002 61
402 4945 520 5014 6616666
545 4951 571 5000 61
587 4947 653 5000 alios
677 4951 759 5002 testes
775 4945 816 5000 661
833 4945 980 5014 signatores
996 4963 1074 5014 prae·
1126 4945 1236 5002 scientia
1260 4945 1329 5000 enim
1351 4945 1402 5000 hoc
1424 4945 1502 5000 modo
1525 4941 1690 4998 aestimanda
1710 4949 1764 5010 est,
1788 4949 1820 4998 nt
1841 4959 1929 5014 neque

270 5185 299 5242 (1)
317 5183 417 5248 possint
429 5183 468 5234 F²
579 5185 610 5248 (1)
628 5185 656 5234 hi
671 5185 714 5252 qui
730 5183 1074 5248 Ρ661661,15,16106118,3
1127 5185 1158 5248 (6)
1177 5185 1214 5234 661
1230 5185 1346 5250 publicae
1365 5199 1440 5234 cansa
1457 5185 1502 5234 ius.
1617 5185 1660 5248 (16)
1688 5185 1857 5237 indubitabile
1880 5205 1927 5238 scr.

270 5251 300 5314 (3)
320 5251 477 5302 aiudicibus
495 5255 663 5314 competenter
683 5251 837 5316 puniuntur]
860 5251 949 5302 autin
972 5251 1075 5302 exilium
1125 5253 1165 5314 (11)
1184 5251 1255 5312 Illud,
1273 5251 1374 5314 qnidam
1392 5253 1437 5302 ius.
1586 5253 1629 5316 (m)
1647 5253 1674 5302 id
1692 5253 1827 5320 Schultiup,
1846 5253 1890 5304 sed
1904 5255 1931 5308 i*

268 5323 378 5380 aguntur
387 5322 431 5368 aut
440 5317 584 5368 ininsulam
598 5319 741 5384 relegantur
756 5323 798 5370 aut
813 5319 883 5368 curia
898 5317 1076 5368 submoventur
1125 5321 1169 5382 (11)
1187 5317 1343 5384 testimonia]
1357 5317 1547 5368 sanctimoniam
1560 5337 1606 5370 scr.
1709 5323 1752 5384 (11)
1770 5337 1815 5386 pro
1830 5337 1872 5372 reo
1882 5323 1928 5374 ius.

269 5383 438 5448 Paulus5,tt·,
453 5385 623 5448 16106118,3
715 5389 747 5452 (1)
763 5411 798 5430 =
812 5385 933 5450 Ulpianus
941 5405 991 5452 rep.
1001 5387 1043 5448 io,
1052 5395 1075 5438 t.
1126 5387 1168 5450 (ts)
1186 5387 1417 5446 =Pautus5,1s,1
1470 5385 1515 5450 (to)
1524 5393 1653 5452 suspectos
1661 5389 1758 5452 gratiae
1768 5395 1843 5438 166166
1852 5393 1878 5438 61
1886 5405 1928 5438 666

273 5451 309 5516 Of
325 5455 386 5506 lust.
397 5455 488 5516 6166
590 5455 623 5516 (6)
641 5457 666 5502 61
681 5453 758 5516 filins]
773 5457 798 5502 et
818 5453 946 5518 Ulpianus,
962 5467 1008 5500 nec
1022 5467 1074 5502 non
1124 5451 1286 5512 relmaxime,
1296 5467 1358 5514 qnos
1367 5455 1497 5500 accusator
1511 5451 1541 5504 de
1554 5455 1628 5506 domo
1641 5455 1804 5518 produxerit.
1816 5493 1839 5506 ..
1850 5457 1928 5504 inter-

269 5517 360 5572 161661
479 5521 513 5584 (1)
531 5521 632 5584 utrique
646 5525 721 5570 166166
730 5521 791 5572 lust.
894 5521 927 5584 (t)
945 5519 973 5568 iu
989 5519 1074 5568 ecdem
1124 5521 1209 5584 rogari
1217 5535 1268 5566 non
1277 5517 1376 5582 placuit
1384 5519 1479 5570 Paulus

269 5587 417 5638 testamento
425 5587 464 5638 661
472 5587 558 5638 ecdem
566 5587 668 5650 negotio
677 5587 729 5638 deri
739 5587 853 5650 6666661]
866 5587 906 5636 661
921 5587 985 5634 61166
993 5587 1074 5646 166116,
1159 5589 1201 5650 (16)
1220 5587 1352 5644 Sub.1...4;
1370 5585 1419 5636 Ed.
1429 5597 1449 5638 a.
1460 5597 1486 5648 ⁶3
1505 5587 1569 5656 Pup.
1580 5599 1644 5640 t...to
1661 5613 1694 5624 -
1705 5587 1769 5638 Bas.
1778 5589 1826 5648 2,1
1842 5613 1877 5622 -
1889 5587 1929 5650 Os·

269 5651 332 5702 alter
339 5653 462 5720 librIpens
471 5656 526 5706 fieri
535 5657 641 5720 possunt
649 5653 700 5704 alio
708 5653 831 5704 familiam
837 5657 933 5704 emente
944 5653 1073 5718 Ulpianus,
1126 5653 1253 5716 616166
1340 5653 1383 5716 (18)
1403 5653 1446 5718 qui
1455 5653 1482 5704 F

269 5719 296 5768 in
305 5737 382 5772 unum
392 5727 567 5772 tastamentum
575 5721 629 5770 fieri
638 5725 744 5782 possunt
752 5721 813 5772 Iust
890 5723 924 5782 (8)
943 5719 1073 5782 quiaIust.
