4366 6258
251 409 291 458 DE
311 337 528 452 ansele‘rlorvs
551 407 744 454 cruentaris

251 587 278 640 vo
309 579 382 640 sente
398 589 459 628 eum
475 573 570 628 heberi
586 571 661 626 divus
679 571 742 628 Pius
761 573 906 646 rescripsit.
937 571 1053 642 Emptor

251 659 346 724 quoque
363 649 393 694 ut
410 639 593 704 manumittat,
619 637 712 694 eodem
733 647 841 696 senatus
865 641 987 696 consulte
1005 655 1052 694 ex-

250 723 275 774 11
307 723 430 792 pressum
446 713 496 760 est.
523 707 568 784 ,Er
588 721 715 784 praeseus
740 709 850 764 coheres
868 707 979 778 perinde
995 723 1053 762 ma

250 781 380 844 pemittat,
404 781 484 856 atque
508 789 531 828 sr
554 773 681 828 traditum
702 787 719 826 a
740 777 872 832 coherede
893 775 1051 854 accepisset.

251 847 313 922 quod
333 851 360 898 et
381 845 410 896 iu
431 841 576 920 impuberis
605 855 720 910 persona
745 841 898 906 coheredis,
927 859 974 910 qur
998 859 1053 898 uon

251 919 302 976 erat
317 913 627 980 rogatusmauumrttere,
646 909 759 964 eundern
775 911 922 978 principem
936 909 1052 978 rescrip-

254 991 276 1040 ιι
309 979 375 1034 sisse
392 979 507 1032 relatum
524 981 574 1030 est.
606 975 657 1030 Sed
674 979 697 1032 si
715 977 876 1032 matrimonii
893 991 975 1030 causa
994 977 1053 1046 quis

251 1045 426 1108 manumittere
438 1061 469 1098 rc
489 1051 550 1098 etus
568 1049 615 1108 est
633 1061 689 1100 uon
705 1051 746 1100 est
760 1043 893 1112 cogendus
909 1059 969 1098 eam
985 1061 1052 1100 uxo·

251 1135 298 1178 rem
315 1113 420 1176 ducere,
439 1061 488 1166 sed
504 1111 606 1166 suffieit
621 1111 825 1168 fideicommissa
842 1111 962 1164 libertas.

279 1179 316 1240 52
338 1179 484 1234 [iterares
503 1179 572 1234 libro
598 1183 688 1250 primo
716 1195 906 1250 responsorum
940 1177 1052 1234 Postea·

251 1267 321 1322 quam
344 1263 361 1300 a
383 1247 514 1302 creditore
537 1249 645 1302 alienati
666 1251 730 1302 suut
754 1245 835 1310 servi,
863 1245 960 1314 quibus
977 1245 1052 1300 fidei-

251 1315 382 1376 commissa
404 1315 513 1370 libertas
536 1315 672 1384 adscripta
695 1319 738 1392 est
745 1315 762 1380 ¹,
785 1329 840 1368 non
856 1315 908 1370 nisi
932 1329 965 1368 ex
981 1313 1053 1370 iusta

251 1401 324 1444 causa
341 1383 468 1440 adversus
487 1385 612 1438 heredem
629 1383 764 1438 subvereri
781 1383 838 1438 eis²
855 1399 942 1452 posse.

278 1451 315 1512 53
339 1453 516 1508 Maecianus
535 1453 603 1506 libro
626 1455 723 1532 quarto
749 1451 906 1522 requirerem
942 1451 969 1506 Si
994 1453 1053 1522 quis

251 1529 349 1592 rogetus
371 1519 494 1576 ancillam
517 1525 703 1574 manumittere
719 1533 822 1576 meram
839 1518 945 1586 fecerit,
970 1519 993 1574 si
1010 1521 1052 1576 in·

251 1599 315 1646 terea
332 1587 411 1642 enixa
427 1589 514 1654 tuerit,
535 1587 709 1642 constitutum
719 1593 759 1642 est
776 1589 927 1644 huiusmodi
944 1593 1053 1658 partum

251 1659 354 1714 liberum
374 1657 450 1710 nasci
473 1661 500 1710 et
524 1657 628 1724 quidem
650 1655 802 1724 ingenuum.
839 1657 885 1714 sed
907 1665 971 1714 sunt
989 1675 1052 1712 con·

251 1723 406 1790 stitutiones,
435 1725 531 1792 quibus
560 1725 783 1800 caveturlstatim
809 1739 843 1780 ex
864 1741 916 1796 quo
940 1727 1053 1782 libertas

251 1793 334 1846 deberi
356 1793 474 1862 coeperit
495 1793 639 1862 ingenuum
661 1793 747 1848 nasci:
778 1799 805 1850 et
827 1795 880 1850 boc
904 1795 989 1864 rnagb
1012 1801 1054 1850 est

251 1861 299 1916 sine
314 1861 393 1914 dubio
410 1861 579 1932 sequendum,
598 1867 728 1930 quatenus
746 1861 855 1918 hbertes
873 1879 927 1918 nou
940 1865 1052 1932 private,

251 1927 291 1984 sed
306 1927 414 1996 publica
429 1945 473 1984 res
488 1935 536 1996 est,
554 1935 585 1984 ut
600 1929 670 1984 ultro
688 1929 711 1984 is
729 1933 774 1998 qui
788 1947 846 1984 eam
864 1931 944 1986 debet
957 1929 1054 1986 offerre

251 1995 346 2050 debeat.
381 1995 429 2050 sed
457 1999 480 2050 si
506 1997 623 2052 nondum
650 1997 739 2052 debita
767 1999 891 2054 libertate
916 1999 1053 2054 fideicom-

251 2063 323 2116 missa
347 2065 444 2118 aucilla
464 2065 581 2134 peperit,
609 2065 697 2120 studio
726 2071 815 2122 tamen
843 2065 949 2122 heredis
972 2065 1054 2120 fuerit

251 2129 372 2198 effectum,
389 2141 421 2186 ut
437 2135 555 2188 nondum
572 2133 681 2188 libertas
700 2133 847 2200 deberetur,
866 2133 964 2188 veluti³
982 2135 1053 2202 quod

251 2197 345 2254 tardius
362 2199 419 2254 adit
435 2201 621 2266 hereditatem,
646 2207 676 2254 ut
692 2203 738 2268 qui
761 2203 818 2256 nati
835 2203 888 2258 sint
904 2217 939 2258 ex
956 2203 1054 2256 ancilla

251 2265 312 2320 servi
336 2267 393 2322 eius
422 2269 500 2334 fiant,
530 2269 619 2338 placet
646 2269 884 2338 manumittendos,
911 2269 959 2324 sed
982 2271 1054 2324 tradi

250 2335 321 2386 matri
338 2341 471 2404 oportere,
496 2341 526 2390 nt
548 2337 581 2390 ab
600 2351 632 2390 ea
648 2339 899 2392 manumitterentur
921 2343 948 2392 et
964 2339 1054 2392 liberti

251 2401 333 2470 potius
362 2405 454 2458 matris
483 2403 561 2458 fient:
587 2419 651 2458 uam
676 2419 744 2470 quos
770 2407 895 2476 indignus
908 2411 949 2460 est
975 2407 1053 2462 heres

251 2483 331 2524 servos
349 2471 462 2536 habere,
480 2487 513 2526 ne
531 2471 636 2538 quidem
652 2471 764 2530 libertos
782 2473 899 2528 habebit.

279 2533 317 2594 54
335 2537 510 2594 Maecianus
533 2539 695 2596 tetrasemo
714 2541 815 2596 decimo
835 2541 1053 2612 fideicommisso-

251 2621 315 2684 rum·
339 2605 367 2658 Si
383 2613 480 2674 mater,
502 2613 645 2674 postquem
667 2607 750 2662 filium
771 2611 930 2680 accepisset,
949 2611 992 2666 vel
1009 2611 1054 2678 qui

251 2673 273 2726 in
295 2687 349 2728 erus
371 2675 460 2728 locum
482 2675 611 2728 successit
632 2683 771 2744 praestare
792 2677 877 2732 noluit
893 2677 1053 2742 libertatem,

251 2741 418 2818 compellendi
440 2747 516 2796 suut:
541 2743 654 2812 amplius
681 2743 704 2796 si
726 2749 812 2800 mater
833 2751 880 2800 eut
901 2745 984 2800 nollet
1002 2745 1054 2800 sibi

251 2807 325 2860 tilium
342 2809 413 2864 tradi
438 2815 486 2862 aut
501 2809 530 2862 in
546 2825 636 2864 rerum
658 2817 755 2866 natura
773 2827 831 2868 esse
848 2811 974 2878 desisset,
996 2829 1053 2876 ,uon

251 2875 279 2928 ab
296 2891 325 2932 re
348 2881 388 2932 est
405 2875 504 2942 dicere,
533 2877 614 2932 nihilo
636 2879 724 2932 minus
743 2879 783 2934 ita
805 2881 876 2934 netis
899 2881 933 2934 ab
956 2881 1053 2934 herede

251 2943 392 2998 libertatem
408 2945 549 3012 praestari.
602 2991 603 2994 ,

280 3009 316 3070 55
334 3011 510 3066 Maecianus
525 3013 592 3066 libro
611 3019 708 3082 quarte
725 3015 882 3084 repuleram
917 3013 970 3068 Sed
988 3019 1014 3068 et
1031 3015 1054 3068 si

251 3095 298 3134 non
315 3079 378 3134 data
395 3095 411 3134 o
431 3093 478 3132 era
494 3079 597 3132 tardius
611 3079 715 3144 adierit,
734 3079 781 3136 sed
799 3081 861 3134 dum
880 3081 912 3134 de
930 3081 1053 3136 adeunde

251 3147 389 3202 hereditate
407 3095 543 3212 deliberat,
561 3145 631 3202 idem
649 3147 765 3200 dictami
788 3155 836 3202 est.
872 3155 899 3202 et
920 3149 943 3202 si
959 3153 1054 3216 postea

251 3215 366 3282 coguovit
379 3229 408 3268 se
421 3213 544 3268 heredem
557 3215 717 3280 institutum,
735 3229 816 3284 quam
829 3215 925 3268 ancille
939 3217 1053 3284 peperit,

251 3283 332 3352 placet
357 3281 408 3334 hoc
440 3297 544 3348 quoque
571 3295 636 3334 casu
666 3283 874 3336 subveniendum
898 3297 970 3338 esse:
1001 3283 1053 3336 hoc

251 3357 334 3404 temen
360 3365 424 3402 casu
452 3349 510 3416 ipse
535 3349 721 3404 manumittere
750 3349 870 3412 debebit,
897 3367 951 3404 non
974 3351 1055 3404 matri

254 3425 263 3472 1
295 3415 407 3472 tradere.
444 3415 498 3468 Sed
519 3415 542 3470 si
565 3417 665 3472 dinemo
688 3415 797 3472 libertas
821 3417 885 3472 data
906 3417 988 3472 inerit
1005 3433 1053 3472 an·

252 3485 321 3540 dhas
338 3489 366 3538 et
376 3481 472 3536 horum
490 3483 589 3550 aliquid
602 3483 726 3548 evenerit,
745 3483 966 3552 quemadmodum
983 3485 1054 3538 natis

252 3553 434 3610 subvenietur?
461 3565 523 3604 nam
545 3551 583 3605 ibi
604 3551 710 3618 quidem
731 3553 831 3618 petitur
851 3551 1054 3606 fideicommissa

251 3621 355 3676 libertas
376 3625 403 3672 et
423 3623 532 3688 praetor
552 3619 668 3686 parvulis
690 3619 824 3674 subvenit:
851 3635 911 3672 cum
934 3635 996 3674 vero
1015 3619 1055 3672 di·

251 3695 318 3744 recto
343 3685 451 3740 libertas
478 3685 568 3752 datur,
596 3703 649 3740 uon
674 3685 781 3754 petitur.
824 3687 870 3742 sed
896 3687 977 3742 etiam
1002 3687 1053 3740 hoc

252 3773 311 3812 casu
327 3759 393 3826 puto
407 3759 469 3808 nato
488 3755 696 3808 subveniendum
713 3769 778 3822 esse,
797 3763 828 3808 ut
840 3753 927 3808 aditus
945 3761 1055 3822 praetor

252 3825 276 3880 in
295 3839 350 3880 rem
372 3821 452 3876 matri
474 3823 600 3876 decernat
622 3823 753 3876 actionem
777 3823 897 3892 exemplo
919 3823 1054 3876 fideicom-

253 3891 382 3946 missariae
404 3889 543 3944 libertatis
577 3891 616 3944 sic
641 3889 751 3958 denique
776 3897 803 3944 et
823 3889 967 3944 Marcellus
984 3889 1054 3944 libro

253 3967 321 4016 serto
340 3959 438 4012 decimo
458 3957 620 4026 digestorum
644 3957 750 4026 scripsit
768 3965 795 4012 et
812 3965 875 4012 ente
890 3957 991 4012 aditam
1007 3959 1053 4012 he-

252 4027 384 4084 reditatem
400 4025 550 4094 usucaptis,
575 4025 618 4092 qui
635 4031 792 4080 mammeam
811 4027 966 4080 manumissi
983 4031 1054 4090 sunt,

253 4093 452 4150 subveniendum
470 4107 536 4156 esse,
554 4101 585 4146 ut
602 4093 639 4148 eis
655 4093 764 4148 libertae
775 4101 945 4148 conservetur
962 4093 1056 4162 utique

253 4179 295 4230 per
323 4167 483 4232 praetorem,
515 4159 632 4230 quamvis
662 4159 703 4214 his
734 4165 761 4214 et
788 4161 930 4230 imputari⁵
960 4161 1054 4230 possit,

254 4247 329 4350 gunfis
346 4229 469 4348 usuceppti
486 4235 560 4284 eunt:
582 4229 609 4282 iu
626 4227 744 4298 parvulis
762 4237 851 4284 autem
869 4229 943 4284 nulla
960 4231 1054 4298 depre-

270 4315 299 4352 en
316 4297 371 4350 itur
388 4313 421 4350 cu
451 4311 475 4350 a.

284 4363 321 4422 ab
339 4313 518 4420 Maeandrius
538 4363 605 4418 libro
623 4363 759 4432 sircpulcri
773 4379 963 4436 responsorum
998 4363 1053 4416 Lu-

254 4433 305 4488 cius
322 4431 408 4486 Titius
429 4435 588 4486 metemento
611 4431 649 4484 ita
672 4429 755 4486 cavitr
783 4433 898 4502 ‘siquos
917 4431 1054 4488 codicillos

254 4501 399 4570 reliquero,
416 4499 504 4554 velere
521 4501 590 4554 volo.
617 4497 714 4566 siquis
732 4501 796 4554 mihi
814 4517 846 4556 ex
863 4501 961 4566 Paula,
984 4517 1053 4570 quae

254 4573 325 4624 ‘uxor
346 4583 405 4622 mee
426 4567 491 4636 fuit,
520 4567 592 4622 intra
618 4567 709 4622 decem
731 4585 834 4624 menses
856 4575 935 4624 natus
957 4577 1053 4624 natare

254 4639 314 4702 ‘erit
332 4653 365 4692 ea
381 4637 489 4690 semisse
506 4635 618 4712 heredes
635 4639 728 4690 sunto.
759 4637 841 4690 Gaius
861 4639 937 4692 Seius
961 4651 995 4690 er
1012 4653 1053 4690 se·

254 4703 336 4760 ‘misse
360 4705 436 4758 heres
463 4709 529 4758 esto.
572 4701 693 4756 Snchnm
718 4707 744 4756 et
769 4705 936 4774 Pamphilum
964 4721 1053 4760 servos

254 4771 328 4828 ‘meos
346 4777 372 4826 et
387 4771 499 4826 Erotem
515 4777 543 4824 et
558 4769 695 4838 Diphilum
714 4777 776 4840 peto
799 4779 826 4826 et
847 4771 909 4826 fidei
925 4773 1053 4828 heredum

254 4839 403 4908 committe,
425 4845 469 4904 ut,
493 4855 553 4894 cum
574 4837 609 4890 ad
631 4837 797 4906 pubertatem
819 4839 898 4894 liberi
923 4841 975 4894 mei
992 4857 1053 4910 per-

255 4907 382 4972 venerint,
400 4905 620 4962 annuntiante
651 4905 745 4962 deinde
762 4907 904 4964 novmsima
920 4915 998 4978 parte
1015 4909 1054 4966 ite

255 4975 330 5030 cavit:
356 4975 434 5044 ‘quod
451 4975 475 5030 si
491 4975 555 5030 mihi
570 4975 647 5030 liberi
663 4975 720 5030 uati
737 4993 791 5032 non
813 4981 890 5032 erum
912 4983 960 5030 aut
982 4977 1054 5032 intre

255 5041 423 5106 ‘pubertatem
446 5041 619 5108 decesserint,
649 5049 713 5098 tunc
735 5045 864 5100 heredes⁷
888 5059 922 5098 cx
942 5047 1053 5112 peribus

256 5107 378 5172 ‘partibus
402 5117 480 5166 sunto
506 5111 612 5166 Mucius
637 5119 665 5166 et
686 5113 814 5170 Maevius.
854 5114 955 5182 legata,
985 5129 1055 5182 quae

256 5175 347 5242 ‘priore
373 5185 546 5246 testamento,
575 5195 627 5248 quo
653 5179 723 5236 filios
752 5189 778 5236 et
805 5181 893 5236 Seium
901 5183 918 5246 ⁸,
949 5181 1053 5250 reliqui,

255 5245 387 5358 praestari
403 5245 476 5326 volo,
499 5249 552 5328 hcc
570 5253 654 5326 estet
671 5263 688 5304 a
705 5251 875 5320 sequentibus
891 5249 1053 5306 heredibus'.

271 5311 344 5392 emde
360 5313 486 5372 codvcrlirs
509 5321 548 5370 rta
566 5323 646 5370 cavit:
676 5317 785 5374 ‘Lucius
803 5317 888 5372 Titius
909 5317 1054 5374 heredibus

254 5385 348 5442 ‘premis
365 5387 391 5434 et
409 5383 558 5438 substitutis
575 5383 696 5440 salutem.
729 5395 801 5456 peto,
819 5393 849 5440 ut
867 5401 897 5440 ee
915 5401 984 5456 quae
1000 5395 1055 5442 tes-

254 5449 366 5504 tamento
385 5449 442 5506 cari
463 5451 547 5522 legavi
563 5459 591 5506 et
606 5467 639 5508 ea
656 5469 723 5524 quas
746 5455 873 5512 codicillis
896 5471 990 5510 cavero
1014 5457 1053 5512 le·

254 5621 281 5682 lt)
299 5625 407 5674 essctF²
474 5629 506 5688 tt)
524 5627 601 5688 isF¹,
616 5625 687 5676 eiF²
755 5629 787 5694 (e)
804 5627 884 5680 veluti
893 5627 938 5692 F1,
953 5627 1054 5680 veluti-

255 5689 345 5750 queF²
387 5697 419 5758 (ιι
437 5693 598 5746 dicendum&
641 5697 672 5758 ts)
692 5695 858 5762 etiamputari
866 5695 905 5746 F²
952 5701 983 5756 (e)
1001 5713 1053 5746 rna·

255 5759 402 5812 humittatF
469 5763 499 5824 (r)
518 5761 682 5812 heredibusF
752 5769 784 5822 (sl
803 5763 903 5812 heredes
911 5763 998 5828 scripsi
1007 5767 1053 5814 ius.

257 5827 286 5878 tel
305 5833 434 5884 quaeretur
446 5831 470 5878 F
531 5833 575 5890 (ro)
593 5831 636 5892 qui
646 5849 688 5880 cm.
701 5831 726 5878 F

1047 387 1209 460 aeew

1647 385 1909 448 xxxiiaer

1104 577 1218 640 ‘gavera
1235 573 1395 640 praestetis’.
1430 589 1543 644 quaero,
1568 587 1629 628 cum
1645 567 1723 624 liberi
1738 567 1823 634 Lucio
1841 569 1911 622 Titio

1103 641 1161 694 nati
1184 655 1238 692 nou
1262 641 1329 702 sint,
1355 655 1390 692 an
1412 641 1502 696 Sticho
1525 647 1553 694 et
1573 637 1713 706 Pamphilo
1736 641 1764 688 ct
1785 637 1864 690 Eroti
1886 643 1913 690 et

1102 705 1211 776 Diphilo
1230 707 1312 760 servis
1330 705 1468 762 confestim
1484 707 1687 764 fideicommissa
1707 703 1817 758 libertas
1833 719 1911 772 pree-

1103 775 1171 828 steri
1188 775 1292 828 debeat.
1320 773 1464 828 Marcellus
1481 775 1619 846 respondit
1634 771 1825 834 condicionem,
1844 787 1913 840 quae

1103 841 1222 896 libertati
1240 857 1347 906 eorum,
1366 841 1399 894 de
1433 843 1512 898 uibus
1529 841 1728 910 quaerereturi,
1751 841 1773 896 si
1796 837 1843 892 filii
1865 841 1912 894 he-

1103 909 1179 964 redes
1199 909 1375 974 exstitissent,
1400 859 1521 976 adposite
1539 915 1623 976 esset,
1645 911 1785 980 repetitam
1802 925 1857 962 non
1874 907 1913 962 ri·

1103 977 1161 1030 deri
1177 977 1290 1058 ideoque
1315 977 1454 1032 confestim
1476 975 1627 1030 libertatem
1649 977 1838 1048 praestandam
1855 991 1913 1030 esse

1103 1051 1131 1098 et
1148 1059 1164 1096 a
1181 1045 1273 1114 primrs
1292 1049 1319 1098 et
1335 1061 1353 1098 a
1370 1045 1521 1100 substitutis
1530 1045 1687 1102 heredibus:
1706 1063 1767 1100 nam
1784 1053 1815 1100 ut
1832 1061 1913 1114 supra

1103 1113 1233 1180 scriptum
1259 1117 1314 1178 est,
1345 1113 1428 1180 petit,
1456 1117 1488 1166 ut
1516 1127 1584 1180 quae
1610 1119 1767 1168 testamento
1800 1113 1913 1168 cavisset

1102 1185 1319 1248 praestarentur,
1347 1181 1419 1234 cavit
1441 1185 1529 1234 eutem
1547 1179 1579 1234 de
1601 1179 1726 1238 libertate
1748 1197 1840 1238 eorum
1858 1197 1912 1236 ser·

1103 1263 1205 1304 verum.
1241 1249 1335 1318 atquin
1358 1249 1407 1304 sub
1432 1247 1587 1304 condicione
1611 1247 1680 1302 cavit
1696 1255 1737 1316 et,
1763 1251 1787 1304 si
1803 1249 1911 1306 alterius

1103 1317 1208 1384 generis
1232 1317 1353 1372 condicio
1378 1323 1461 1384 esset,
1486 1315 1666 1384 exspectanda
1683 1323 1763 1372 esset:
1790 1321 1837 1374 sed
1859 1335 1913 1372 non

1104 1391 1146 1442 est
1162 1385 1315 1450 verisimile,
1339 1393 1370 1440 ut
1391 1387 1443 1442 hoc
1464 1387 1493 1440 in
1508 1385 1562 1438 ista
1578 1383 1733 1440 condicione
1751 1387 1912 1456 cogitaverit,

1105 1471 1164 1510 cum
1190 1453 1251 1510 fidei
1273 1455 1479 1510 substitutorum
1501 1453 1686 1518 committeret,
1711 1455 1786 1522 qui¹⁰
1808 1457 1911 1510 admitti

1103 1523 1138 1576 ad
1155 1523 1329 1578 hereditatem
1346 1541 1400 1578 non
1416 1525 1539 1594 possent,
1562 1523 1584 1576 si
1607 1521 1762 1590 impleretur
1781 1525 1910 1580 mndicio.

1467 1731 1509 1790 VI
1517 1729 1546 1792 ¹¹.

1251 1831 1298 1882 DE
1316 1831 1539 1882 ADEMPTIONE
1556 1829 1765 1882 arusuensis.

1139 1929 1154 1988 1
1184 1931 1353 1984 Teauurvus
1379 1929 1510 1984 Cauneas
1535 1929 1603 1984 libro
1631 1937 1724 1984 oetaeo
1751 1927 1851 1984 decime
1877 1933 1913 1984 ad

1103 1999 1187 2070 sepem
1211 1999 1311 2054 Iulium
1329 2003 1356 2052 et
1373 1997 1488 2068 Pupium
1523 1999 1589 2052 llum
1611 1999 1720 2052 libertas
1737 1995 1794 2064 lege
1812 1997 1912 2050 adima-

1103 2071 1155 2134 tur,
1174 2073 1221 2122 aut
1237 2083 1287 2134 pro
1301 2081 1354 2120 uon
1373 2067 1435 2120 data
1448 2065 1540 2122 haberi
1559 2067 1637 2122 debet
1653 2071 1701 2120 eut
1715 2071 1787 2120 certe
1804 2065 1912 2134 perinde

1103 2135 1251 2202 observari,
1269 2145 1303 2190 ec
1321 2135 1343 2188 si
1361 2151 1377 2188 a
1394 2139 1522 2190 testatore
1539 2135 1663 2204 adempta
1680 2139 1758 2188 esset.

1463 2341 1557 2402 VII¹².

1292 2417 1293 2422 ’
1352 2441 1398 2490 ns
1411 2419 1666 2492 ‘succurramus

1140 2539 1154 2596 1
1181 2539 1301 2596 Partus
1324 2539 1391 2596 libro
1421 2541 1512 2610 queste
1538 2539 1575 2594 ed
1603 2539 1732 2596 Sabinam
1767 2537 1911 2600 Stetuliber

1104 2613 1156 2672 est,
1180 2609 1224 2674 qui
1241 2613 1370 2662 statutam
1393 2615 1420 2662 et
1443 2609 1603 2664 destinatam
1623 2609 1651 2662 in
1667 2613 1771 2676 tempus
1789 2605 1831 2660 vel
1848 2623 1911 2660 con·

1107 2681 1116 2728 i
1155 2675 1286 2730 dicionem
1304 2677 1453 2730 libertatem
1470 2677 1551 2730 habet
1560 2677 1590 2728 ¹³.
1622 2675 1704 2728 Fiunt
1721 2681 1809 2728 autem
1827 2679 1911 2728 sum·

1103 2743 1180 2796 liberi
1196 2743 1239 2796 vel
1256 2743 1410 2800 condicione
1424 2759 1550 2812 expressa
1567 2743 1608 2796 vel
1622 2743 1647 2796 vi
1662 2743 1730 2812 ipsa.
1758 2739 1912 2796 condicione

1104 2825 1231 2878 expresse
1259 2811 1323 2930 prid
1347 2815 1402 2876 est,
1427 2809 1599 2866 menifestum
1622 2815 1669 2864 est.
1704 2809 1825 2878 viipsa,
1853 2825 1912 2862 cum

1104 2875 1244 2932 creditoris
1273 2877 1404 2932 rancenti
1420 2893 1500 2932 caiisa
1516 2879 1751 2932 manumittuntur:
1770 2893 1833 2932 nem
1850 2877 1912 2930 <ium

1103 2943 1235 2998 incertum
1258 2951 1313 3010 cst,
1340 2959 1375 2998 an
1399 2945 1512 3000 creditor
1535 2945 1594 2998 iure
1610 2959 1658 2998 suo
1676 2949 1779 3010 utatur,
1808 2943 1912 2998 iuterim

1104 3011 1255 3066 statuliberi
1267 3017 1338 3076 sunt,
1358 3013 1482 3080 quoniam
1497 3011 1573 3066 fraus
1592 3027 1653 3064 cnm
1667 3011 1764 3066 effectu
1775 3013 1794 3046 ²⁴
1811 3013 1839 3064 in
1854 3013 1912 3078 lege

1104 3079 1180 3130 Aelia
1198 3077 1290 3132 Sentia
1306 3079 1444 3146 accipitur.
1655 3101 1656 3104 ¹

1139 3141 1158 3202 2
1181 3145 1326 3200 Haeremus
1340 3145 1408 3200 libro
1427 3151 1523 3214 quarto
1541 3145 1579 3200 ee
1595 3145 1723 3200 Sabinum
1759 3145 1809 3214 Qui
1826 3151 1911 3200 statu·
1957 3169 1958 3172 ¹

1103 3211 1181 3266 liberi
1199 3227 1307 3266 causam
1324 3211 1359 3266 ad
1378 3211 1511 3280 rehendit,
1533 3211 1563 3266 iu
1579 3227 1612 3268 ea
1630 3211 1783 3266 condicione
1801 3220 1850 3276 est,
1874 3219 1911 3280 ut,

1104 3279 1158 3334 sive
1175 3279 1307 3344 badebir,
1365 3295 1398 3334 ve
1414 3295 1461 3346 spe
1475 3279 1607 3334 libertatis
1624 3279 1761 3346 ederetur,
1780 3279 1835 3334 sive
1848 3295 1911 3334 usu-

1105 3349 1236 3416 capiatur,
1255 3361 1316 3400 cum
1332 3363 1382 3400 sua
1400 3361 1482 3402 cause
1498 3347 1681 3426 usucapiatur,
1700 3347 1755 3400 sive
1771 3347 1911 3400 manumit-

1103 3421 1185 3478 tatur,
1203 3429 1258 3468 non
1275 3413 1371 3482 perdat
1388 3429 1461 3482 spem
1477 3415 1561 3468 orciui
1577 3413 1673 3466 hberti.
1700 3413 1748 3468 sed
1765 3415 1913 3468 statuliberi

1105 3497 1214 3536 causam
1235 3497 1290 3534 uon
1311 3481 1386 3550 prius
1411 3495 1502 3536 servus
1526 3481 1689 3536 nanciscitur
1713 3481 1764 3534 nisi
1781 3481 1854 3534 adite
1871 3481 1912 3536 vel

1104 3549 1138 3604 ab
1156 3565 1209 3602 uno
1228 3565 1262 3602 ex
1277 3547 1407 3602 institutis
1424 3547 1584 3602 hereditate:
1604 3555 1719 3602 ceterum
1736 3553 1799 3602 ante
1817 3547 1911 3602 aditio·

1103 3631 1164 3670 nem
1178 3615 1233 3670 sive
1246 3615 1367 3670 tradetur
1382 3615 1435 3670 sive
1448 3615 1623 3684 usucapiatur
1635 3615 1689 3670 sive
1703 3615 1911 3680 manumittetur,

1106 3689 1118 3736 ι
1156 3697 1218 3752 spes
1240 3689 1357 3738 statutae
1380 3683 1511 3736 libertatis
1528 3683 1674 3736 'intercidit
1711 3681 1762 3738 Sed
1786 3683 1809 3738 si
1826 3683 1911 3752 impu·

1104 3751 1174 3806 beris
1199 3751 1299 3806 tabulis
1321 3751 1431 3806 libertas
1458 3765 1533 3806 servo
1558 3749 1593 3804 sit
1622 3751 1710 3806 adseri
1728 3757 1768 3816 ta,
1796 3767 1831 3804 au
1853 3753 1911 3806 vivo

1103 3819 1218 3890 pupillo,
1248 3823 1312 3886 post
1332 3817 1476 3872 aditionem
1496 3817 1618 3874 videlicet
1641 3767 1794 3874 hereditatis
1818 3821 1911 3888 patris,

1106 3887 1246 3940 statuliber
1262 3885 1317 3940 sit?
1334 3885 1441 3940 Cassius
1459 3891 1551 3954 negat:
1573 3885 1693 3940 Iulianus
1711 3893 1804 3940 nonme
1823 3887 1911 3940 eruti-

1106 3959 1121 4006 2
1154 3959 1218 4020 mat,
1237 3967 1306 4024 quae
1322 3953 1454 4008 sententia
1470 3955 1557 4008 verior
1574 3953 1695 4008 habetur.
1721 3953 1785 4008 Plus
1804 3953 1912 4024 scripsit

1105 4021 1224 4076 lulianus
1250 4025 1277 4074 et
1299 4021 1323 4076 si
1345 4021 1448 4090 legatus
1472 4021 1506 4076 sit
1528 4037 1620 4078 servus
1646 4021 1679 4076 ab
1703 4021 1799 4078 herede
1816 4023 1910 4090 patris,

1104 4089 1172 4144 liber
1196 4103 1255 4144 esse
1271 4087 1360 4144 iussus
1382 4089 1410 4142 in
1426 4089 1603 4158 pupillaribus
1624 4087 1734 4152 tabulis,
1759 4089 1912 4158 praeualere

1106 4161 1120 4210 3
1154 4157 1286 4212 libertatis
1309 4157 1450 4210 dationem.
1486 4155 1514 4212 Si
1539 4157 1629 4228 primis
1652 4155 1750 4210 tabulis
1774 4159 1824 4212 sub
1848 4173 1912 4212 con·

1105 4225 1208 4280 dicione
1232 4239 1323 4280 servus
1346 4241 1407 4278 curu
1427 4225 1549 4282 libertate
1567 4241 1600 4280 ex
1616 4231 1693 4294 parte
1711 4225 1818 4280 dimidia
1834 4225 1911 4282 heres

1105 4293 1140 4348 sit
1163 4291 1315 4356 institutus,
1345 4309 1380 4346 au
1409 4291 1557 4348 statuliberi
1586 4309 1694 4348 causam
1722 4293 1854 4360 optineat,
1882 4299 1911 4346 ut

1105 4361 1221 4414 adeunte
1239 4359 1368 4414 coherede
1382 4375 1441 4414 cum
1454 4375 1503 4414 sue
1519 4377 1602 4414 causa
1614 4359 1803 4430 usucapiatur?
1824 4363 1911 4414 ¹⁵cum

1105 4427 1281 4498 asemetipso
1304 4429 1436 4496 acceperit
1458 4427 1620 4496 libertatem,
1644 4445 1698 4484 non
1719 4433 1809 4496 potest
1826 4433 1911 4482 statu·

1103 4495 1180 4552 liberi
1198 4513 1307 4552 causam
1324 4495 1452 4564 optinere.
1480 4497 1560 4564 plane
1577 4497 1601 4552 si
1618 4495 1737 4552 condicio
1755 4493 1910 4550 hereditatis

1104 4563 1218 4630 deficiet,
1238 4581 1290 4634 quo
1310 4579 1374 4618 casu
1391 4565 1535 4620 secundum
1553 4565 1684 4620 luhanum
1701 4563 1743 4618 vel
1762 4563 1910 4618 libertatem

1104 4633 1247 4700 apiscitur,
1272 4631 1413 4686 dicendum
1430 4639 1470 4688 est
1487 4633 1637 4690 stabiliberi
1654 4647 1763 4688 oausam
1781 4629 1908 4700 optinere,

1105 4715 1135 4754 eo
1154 4699 1227 4768 quod
1243 4717 1298 4756 non
1315 4717 1331 4756 a
1349 4703 1503 4770 semetipso,
1526 4703 1575 4756 sed
1592 4717 1608 4756 a
1625 4699 1755 4756 coherede
1776 4699 1911 4768 accepisse

1105 4771 1120 4822 ι
1154 4769 1304 4824 libertatem
1334 4771 1457 4824 creditur.
1500 4769 1672 4846 Quocumque
1697 4765 1781 4834 gradu
1809 4767 1910 4846 pupillo

1105 4851 1196 4892 servus
1221 4853 1281 4892 cum
1302 4837 1425 4894 libertate
1442 4839 1602 4894 substitutus
1619 4843 1662 4914 ert,
1685 4849 1829 4888 necessum
1847 4851 1908 4890 cau-

1105 4921 1161 4960 sam
1180 4905 1293 4974 optinet:
1318 4923 1386 4976 quae
1405 4907 1535 4962 sententia
1551 4905 1674 4960 utilitate
1699 4917 1780 4958 causa
1803 4913 1911 4974 recepta

1104 4981 1145 5028 est
1163 4981 1190 5028 ct
1206 4991 1223 5028 a
1239 4975 1317 5032 nobis
1333 4977 1471 5046 probatur.
1505 4975 1599 5028 cesus
1621 4987 1725 5050 quoque
1746 4977 1825 5040 putet
1840 4975 1908 5030 libro

1105 5043 1196 5113 quinto
1220 5043 1320 5098 decimo
1346 5061 1407 5098 cum
1427 5045 1549 5100 libertate
1571 5041 1743 5096 substitutum
1760 5043 1909 5100 statuliberi

1105 5127 1212 5168 causam
1231 5113 1357 5182 optinere.

1139 5177 1158 5240 3
1175 5179 1257 5236 Iram
1271 5179 1338 5236 libro
1356 5179 1496 5236 cicerniaco
1513 5177 1625 5248 septimo
1643 5179 1679 5232 ud
1695 5175 1824 5234 Subiruem
1850 5179 1908 5236 Sta·

1104 5251 1233 5304 tulibercs
1251 5249 1400 5304 condicioni
1435 5261 1510 5302 arere
1529 5251 1647 5314 oportet,
1664 5247 1689 5304 si
1704 5251 1781 5304 nemo
1799 5265 1845 5306 eos
1862 5251 1908 5304 im-

1108 5323 1118 5370 t
1154 5317 1246 5386 pediat
1264 5323 1290 5370 et
1307 5317 1342 5372 sit
1357 5263 1475 5370 condeio
1492 5313 1635 5382 possibilis.
1662 5317 1713 5374 Sed
1727 5317 1791 5374 siin
1805 5317 1910 5374 heredis

1104 5401 1221 5456 persone
1241 5385 1331 5440 iussus
1355 5383 1389 5438 sit
1409 5399 1502 5452 parere
1525 5383 1687 5454 condicioni,
1710 5385 1773 5456 quid
1794 5387 1847 5442 dici
1865 5387 1908 5440 de-

1105 5455 1185 5510 beat?
1211 5453 1234 5508 si
1256 5453 1362 5520 quidem
1382 5453 1473 5520 panus
1493 5453 1654 5520 corduani,
1680 5455 1770 5512 statim
1786 5455 1853 5512 liber
1871 5461 1911 5512 est

1757 5573 1902 5580 .-,-......-..........-.

1139 5629 1180 5682 uit
1198 5623 1466 5690 lid.-Boe.48,s,1

1139 5693 1182 5754 (ra)
1201 5691 1512 5758 Snu.r...1s;Ed.1a..m;
1527 5697 1591 5764 Pap.
1601 5707 1694 5758 es...ss;
1706 5697 1772 5764 App.
1782 5707 1870 5750 saara.
1880 5727 1899 5732 -

1106 5761 1169 5890 &a
1179 5759 1221 5876 ps,
1236 5771 1257 5820 a,
1272 5767 1337 5810 aare
1439 5767 1481 5826 (ve)
1499 5765 1593 5816 habant
1607 5767 1632 5816 F
1727 5771 1770 5828 vra)
1789 5761 1911 5818 encomii

1168 5843 1245 5878 etue.
