4366 6258
243 379 302 434 'ann
326 383 577 436 OONTRAHENDA
599 383 771 430 EMP'PIONE

1065 355 1125 430 229

1607 353 1696 418 XVII
1716 361 1886 426 a-xvssl
1911 367 1923 424 1

292 545 330 608 82
349 549 429 604 Innn
443 551 510 606 trbro
529 551 607 606 tertio
623 565 815 620 responsorum
849 549 909 604 Iure
933 547 1068 604 societatis
1119 545 1175 600 solo
1201 545 1387 616 propriamque
1410 545 1587 604 substantiam
1607 541 1636 598 in
1658 543 1740 622 dupin
1763 559 1862 614 corpus
1885 561 1928 600 re-

259 633 304 692 par
322 619 424 672 socium
441 633 504 672 aere
521 619 606 674 alieno
625 619 714 672 socius
731 631 786 670 non
803 615 948 688 obligatur,
973 615 1023 672 uisi
1040 615 1068 670 in
1118 613 1225 668 ductam
1248 613 1360 682 accipit,
1383 615 1466 670 multo
1484 613 1566 684 magis
1582 627 1632 682 pro
1650 611 1761 666 iudrmso
1780 615 1928 668 communis

259 703 424 742 communem
441 701 532 766 arcam
548 685 678 756 pecuniae
695 699 787 740 versae
804 691 874 738 sunt.

1119 681 1163 748 dt,
1187 697 1266 752 qnam
1290 683 1396 736 massa?
1422 681 1469 736 sed
1492 681 1607 736 naturali
1629 679 1752 736 convenit
1769 679 1885 736 rationi⁵
1903 685 1930 736 et

292 751 330 814 83
356 755 475 808 Peneos
494 755 562 808 labro
580 755 672 826 primo
695 753 861 808 manualium
896 751 964 808 Illud
987 769 1068 820 quae·
1119 755 1212 820 postea
1229 755 1332 806 tantam
1349 753 1452 818 partem
1477 757 1616 820 utrumque
1638 751 1737 804 habere
1760 753 1815 802 tam
1838 749 1867 802 iu
1890 751 1929 802 la-

258 823 369 878 tendum
386 827 441 886 est,
458 823 557 876 arbor¹
576 837 644 892 quae
660 821 688 876 in
706 819 822 876 confinio
839 825 904 874 nata
927 823 981 886 est,
1004 821 1068 874 item
1119 817 1181 886 pide
1206 835 1286 886 quam
1311 817 1339 870 ln
1365 817 1474 882 arbore,
1509 825 1635 886 quantam
1668 823 1695 874 et
1724 817 1752 872 in
1777 821 1850 870 terra
1881 817 1929 870 ha·

258 891 324 958 lapis
344 889 388 958 qui
406 905 454 958 per
471 895 612 958 utrumque
629 889 743 944 fundum
762 889 913 942 extenditur
936 903 984 954 an,
1008 905 1069 944 oum
1119 885 1209 940 bebai.

258 957 363 1012 succisa
380 957 477 1012 arborl
496 957 536 1012 rel
553 957 621 1028 lapis
640 963 777 1038 exemptus
796 957 853 1010 eius
867 955 903 1010 sit
917 955 992 1010 euius
1006 955 1080 1010 fuu-¹

215 1059 216 1062 =
259 1027 321 1090 dus,
347 1039 394 1094 pro
419 1041 450 1078 ea
473 1041 579 1146 quoque
602 1033 678 1094 parte
703 1025 866 1094 singulorum
889 1039 948 1078 esse
965 1023 1068 1090 debeat,

259 1111 306 1162 pro
325 1109 378 1162 qua
395 1099 471 1162 parte
488 1093 516 1146 in
545 1093 615 1148 undo
632 1093 741 1148 fuerat?
765 1107 800 1144 an
815 1105 868 1160 qua
881 1091 986 1146 ratione
1004 1091 1069 1144 dua-

260 1163 308 1216 bus
332 1161 426 1216 massis
453 1160 565 1216 duomm
591 1161 756 1216 dominorum
782 1159 871 1212 flatis³
896 1165 955 1214 tota
981 1175 1071 1214 massa

260 1231 405 1284 communis
424 1233 478 1294 est,
496 1229 534 1282 ita
551 1229 633 1282 arbor
650 1229 701 1284 hoc
718 1227 792 1298 ipso,
809 1225 879 1296 quo*
896 1231 1036 1294 separatur
1055 1241 1071 1280 a

1154 949 1193 1012 84
1211 951 1311 1006 Leuso
1328 953 1395 1008 libro
1413 957 1491 1008 scorto
1501 955 1684 1024 posteriorum
1700 973 1717 1012 o
1733 947 1860 1010 Iauoleno
1875 953 1931 1036 rpi-

1121 1027 1280 1076 remotorum
1315 1021 1442 1090 Quotiens
1456 1021 1530 1074 iussu
1546 1021 1658 1076 alicuius
1672 1025 1713 1078 rel
1727 1041 1788 1078 cum
1802 1021 1857 1076 filio
1874 1037 1930 1076 eius

1121 1089 1161 1144 vel
1180 1105 1239 1144 cum
1258 1093 1383 1144 extraneo
1401 1089 1515 1144 societas
1535 1089 1633 1154 coitur,
1658 1091 1757 1146 directo
1782 1107 1842 1146 cum
1859 1089 1930 1144 illius

1120 1171 1236 1226 persone
1253 1157 1295 1226 agi
1311 1171 1399 1226 pesse,
1418 1155 1493 1214 cuius
1511 1171 1626 1224 persona
1642 1157 1670 1210 iu
1688 1159 1869 1214 contrahenda
1887 1175 1929 1214 so·

1119 1225 1218 1280 ,cietate
1235 1229 1358 1294 spectata
1376 1225 1418 1280 sit.

806 1951 940 2068 essee
962 1945 1161 2068 cernuus
1184 1987 1385 2066 aremus.

644 2183 685 2246 1⁶.

263 2261 306 2336 DE
331 2255 585 2336 CONTRAHENDA
611 2287 789 2336 EMPTIONE
817 2287 862 2334 ΕΤ
885 2285 930 2334 DE
954 2281 1072 2334 PAOTIS

263 2353 366 2404 INTER
388 2353 579 2404 EMPTOREM
602 2353 646 2404 ET
663 2353 891 2404 VENDITOREM
915 2353 1071 2404 COMPOSI·

287 2423 340 2472 TIS
359 2423 403 2472 ET
422 2421 513 2478 QUAE
532 2423 615 2474 RES⁷
632 2421 783 2474 VENlRE⁸
799 2421 870 2470 NON
888 2419 1046 2472 POSSUNT.

297 2519 311 2578 l
332 2521 450 2578 Pennus
463 2521 531 2578 libro
547 2523 702 2596 tripensr'mo
717 2523 795 2576 tertio
809 2521 966 2578 odedictoru
993 2519 1073 2590 Origo

263 2591 366 2646 emendi
389 2591 571 2660 vendendique
588 2607 606 2644 a
626 2589 866 2662 permutationibus
890 2589 984 2660 coepit
1011 2589 1074 2644 clim

263 2659 330 2716 enim
348 2675 403 2714 uon
420 2659 459 2714 ita
476 2665 534 2714 erat
551 2677 672 2716 nmmos
690 2675 777 2728 neque
794 2657 865 2712 aliud
888 2675 977 2726 merx,
1001 2657 1074 2712 aliud

260 2727 375 2798 pretium
387 2729 543 2794 vocabatur,
561 2727 609 2782 sed
623 2729 804 2798 unusquisque
819 2727 966 2782 secuudum
980 2741 1072 2780 ueces-

261 2797 365 2854 sitatem
388 2801 442 2850 tem
462 2813 537 2850 orum
560 2811 593 2852 ac
614 2813 703 2852 rerum
720 2795 831 2850 utilibus
848 2795 951 2848 inutilia
968 2809 1073 2864 permu-

261 2865 344 2930 tabat‚
362 2815 468 2932 quandlu
482 2863 636 2934 plerumque
652 2863 744 2930 evcnit,
759 2869 791 2918 ut
805 2861 876 2932 quod
890 2863 966 2918 alteri
982 2879 1073 2932 super·

262 2939 302 2988 est
318 2933 396 2986 alteri
414 2933 489 2986 desit.
517 2935 564 2986 sed
582 2933 644 3002 quia
662 2949 715 2986 nou
734 2947 837 3052 semper
850 2947 900 2986 nec
915 2931 996 2986 facile
1011 2947 1073 2986 cou-

262 3001 394 3064 currebat,
413 3007 456 3066 ut,
476 3017 537 3056 cum
553 3007 583 3054 tu
601 3001 713 3056 haberes
731 3017 783 3070 quo
821 3013 868 3066 ego
887 2999 1072 3064 desiderarem,

260 3067 372 3124 invicem
389 3067 515 3124 haberem
533 3069 604 3138 quod
621 3075 651 3124 tu
670 3069 792 3138 accipere
808 3067 897 3132 redes,
915 3067 1000 3122 electa
1017 3081 1073 3120 ma-

1124 2179 1183 2234 ideo
1206 2195 1338 2236 consensu
1361 2179 1497 2248 peragitur
1520 2185 1547 2236 et
1570 2179 1639 2234 iuter
1663 2179 1787 2232 absentes
1812 2179 1935 2232 conuehi

1124 2251 1212 2316 potest
1229 2251 1256 2302 et
1272 2263 1320 2316 per
1337 2247 1459 2302 nuntium
1478 2253 1503 2302 et
1520 2263 1568 2318 per
1584 2247 1696 2302 litteras.

1158 2311 1346 2372 Marianus
1367 2315 1434 2370 libro
1478 2317 1545 2370 rimo
1568 2315 1605 2370 od
1628 2313 1757 2368 Sabinum
1792 2313 1863 2368 Inter
1885 2331 1934 2384 pa-

1124 2389 1192 2438 trem
1210 2389 1236 2438 et
1252 2383 1335 2438 filium
1358 2389 1435 2438 contr
1472 2383 1478 2396 ’
1503 2383 1599 2452 emptio
1623 2399 1677 2436 non
1700 2387 1805 2452 potest,
1829 2383 1877 2438 sed
1901 2383 1935 2438 de

1128 2457 1138 2506 1
1175 2453 1254 2506 rebus
1273 2451 1452 2508 castrensibus
1471 2457 1567 2522 potest.
1603 2451 1665 2506 Sine
1682 2449 1768 2520 pretio
1782 2451 1857 2506 nulla
1871 2467 1934 2506 ven·

1126 2520 1189 2574 ditio
1208 2525 1262 2574 est:
1280 2535 1335 2576 uon
1352 2525 1440 2574 eumn
1457 2521 1536 2590 pretii
1552 2519 1709 2586 numeratio,
1727 2519 1776 2574 sed
1793 2521 1933 2576 conventio

1125 2587 1229 2658 perficit
1245 2589 1302 2644 sine
1319 2587 1425 2658 scriptis
1442 2589 1562 2644 habitam
1580 2587 1746 2658 emptionem.

1160 2653 1178 2714 3
1203 2655 1282 2710 luen
1305 2657 1540 2714 taruanensem
1567 2663 1660 2712 octono
1683 2657 1721 2712 od
1742 2655 1872 2712 Sabinum
1907 2655 1935 2712 Si

1125 2741 1168 2780 res
1185 2725 1224 2778 ita
1240 2725 1370 2782 distracta
1387 2725 1430 2792 sit,
1447 2731 1479 2780 ut
1495 2725 1518 2780 si
1534 2723 1711 2794 displicuisset
1724 2725 1842 2794 inempta
1857 2731 1934 2792 esset,

1126 2797 1233 2848 constat
1250 2811 1304 2848 non
1322 2809 1380 2848 esse
1397 2795 1446 2848 sub
1466 2793 1623 2848 condicione
1641 2793 1811 2862 distractam,
1829 2793 1876 2848 sed
1893 2811 1935 2848 re-

1126 2861 1192 2918 solvi
1210 2863 1370 2932 emptionem
1387 2863 1437 2918 sub
1456 2863 1619 2918 condicione.

1160 2929 1179 2986 4
1198 2929 1369 2986 Pomrourus
1389 2929 1457 2986 libro
1481 2947 1551 2986 nono
1575 2931 1612 2986 oct
1634 2929 1777 2986 Setinum
1798 2931 1835 2984 Et
1860 2931 1936 2986 liberi

1125 2999 1238 3054 hominis
1257 3003 1284 3052 et
1301 2999 1353 3052 loci
1370 2999 1440 3052 sacri
1459 3003 1485 3052 et
1501 2999 1624 3066 religiosi,
1643 2999 1688 3066 qui
1705 2999 1799 3052 haberi
1816 3015 1869 3052 non
1886 3015 1935 3068 po-

1125 3073 1186 3130 test,
1205 3067 1303 3136 emptio
1321 3067 1491 3136 intellegitur,
1508 3067 1532 3120 si
1548 3067 1583 3120 ab
1600 3067 1739 3136 ignorante
1757 3067 1860 3130 emitur,

1160 3133 1179 3190 5
1197 3133 1316 3190 Pennus
1331 3135 1398 3190 libro
1417 3135 1510 3204 poturo
1528 3133 1566 3188 od
1581 3133 1711 3190 Suburam
1746 3135 1809 3204 quia
1827 3131 1935 3190 difficile

1127 3203 1229 3258 dinosci
1246 3207 1335 3272 potest
1352 3203 1419 3256 liber
1435 3203 1514 3256 hemo
1533 3217 1549 3256 a
1567 3217 1651 3256 servo.

1160 3267 1179 3328 6
1198 3271 1368 3326 Pareamus
1382 3271 1450 3326 libro
1468 3287 1539 3324 nono
1556 3271 1594 3324 od
1610 3269 1740 3326 Sabinum
1774 3271 1826 3326 Sed
1845 3271 1936 3326 Celsus

1126 3337 1196 3394 filius
1219 3339 1257 3392 ait
1278 3339 1412 3394 hominem
1433 3337 1545 3394 liberum
1568 3337 1695 3394 scientem
1718 3343 1745 3394 te
1770 3355 1857 3394 emere
1882 3355 1937 3394 non

1126 3421 1205 3476 posse
1230 3423 1280 3462 nee
1305 3407 1494 3476 cuiuscumque
1517 3407 1555 3460 rei
1580 3407 1602 3460 si
1626 3407 1696 3462 scias
1721 3407 1908 3462 alienationem
1916 3409 1937 3442 ¹⁶

1127 3491 1197 3530 esse:
1223 3481 1254 3528 nt
1276 3491 1354 3530 sacra
1377 3481 1404 3530 et
1415 3477 1433 3508 ¹⁷
1451 3475 1574 3598 religiosa
1590 3475 1651 3530 loca
1668 3481 1715 3530 aut
1733 3493 1845 3544 quorum
1864 3491 1935 3532 com·

1124 3543 1252 3598 ,meretum
1268 3559 1323 3598 non
1340 3545 1389 3610 sit,
1414 3549 1444 3598 ut
1466 3561 1503 3614 pu
1522 3543 1589 3608 lica,
1614 3559 1683 3612 quae
1705 3561 1760 3598 uon
1777 3545 1805 3598 in
1822 3545 1937 3614 pecunia

1126 3611 1336 3736 staretis
1353 3611 1937 3736 alestildtlntslttlstttt

1125 3751 1183 3820 lege
1199 3749 1322 3814 venisset,
1340 3755 1377 3816 ut,
1397 3751 1419 3804 si
1436 3751 1464 3804 in
1482 3749 1550 3802 diem
1568 3753 1698 3804 statutum
1715 3749 1829 3820 pecnnia
1848 3751 1937 3806 soluta

1126 3835 1182 3874 non
1204 3821 1287 3882 esset,
1310 3817 1410 3872 fundus
1432 3819 1502 3872 inem
1521 3823 1565 3872 tus
1587 3817 1657 3872 foret
1674 3823 1701 3872 et
1718 3823 1763 3884 ut,
1786 3817 1809 3872 si
1831 3817 1937 3872 iuterim

1127 3891 1229 3956 emptor
1245 3883 1357 3938 fundum
1375 3885 1488 3940 coluerit
1503 3835 1661 3954 {ructusque
1679 3901 1712 3940 ex
1730 3901 1761 3940 eo
1778 3887 1937 3966 perceperit,

261 3137 327 3192 teria
346 3143 401 3202 est,
421 3137 496 3192 euius
513 3139 622 3206 publica
639 3153 672 3190 ac
688 3143 818 3208 perpetua
836 3135 984 3190 aestimatio
1003 3133 1073 3190 dilii-

199 3235 200 3238 ¹
262 3205 406 3260 cultatibus
424 3205 648 3274 permutationum
664 3205 825 3274 aequalitate
840 3203 995 3274 quantitatis
1010 3205 1073 3258 sub·

261 3273 369 3328 renuet.
398 3289 483 3342 eaque
499 3275 611 3328 materia
629 3272 716 3328 forma
731 3273 840 3344 publica
853 3287 982 3340 percussa
995 3289 1074 3334 usum

262 3343 459 3412 dominiumque
476 3357 530 3396 non
552 3347 607 3396 tam
631 3357 664 3396 ex
686 3341 838 3398 substantia
860 3341 972 3410 praebet
989 3355 1074 3408 quam

263 3427 295 3466 ex
313 3409 471 3480 quantitate,
488 3427 538 3466 uec
556 3411 627 3466 ultra
644 3427 717 3466 merx
734 3415 882 3478 utrumque,
901 3407 948 3462 sed
962 3409 1075 3464 alterurn

264 3483 275 3532 1
311 3481 426 3550 pretium
447 3483 567 3534 vocatur.
604 3477 656 3532 Sed
681 3495 716 3532 an
740 3477 797 3532 sine
821 3477 934 3532 nummis
958 3475 1074 3532 venditio

263 3547 314 3602 dici
331 3547 462 3616 hodieque
479 3547 576 3616 possit,
602 3547 750 3612 dubitatur,
774 3547 856 3600 veluti
879 3547 967 3616 siege
986 3549 1075 3614 togam

263 3615 330 3682 dedi,
348 3623 378 3670 ut
395 3615 513 3670 tunicam
531 3617 686 3686 acciperem.
714 3613 829 3670 Sabinus
847 3619 873 3670 et
891 3613 998 3668 (lessius
1017 3631 1075 3670 esse

263 3687 421 3754 emptionem
439 3689 466 3740 et
482 3683 658 3738 venditionem
675 3687 785 3754 putant:
804 3683 912 3738 llerval
929 3687 956 3736 et
972 3683 1073 3736 Procu-

262 3752 303 3808 lus
321 3751 557 3822 permutationem,
575 3769 629 3806 nou
648 3753 807 3822 emptionem
824 3751 876 3818 huc
896 3767 960 3806 esse.
997 3751 1074 3806 Sabi-

263 3837 312 3876 nus
330 3823 446 3876 Homero
464 3825 532 3874 teste
554 3821 651 3886 autur,
676 3821 722 3888 qui
746 3819 891 3874 exercitum
909 3819 1074 3874 Graecorum

263 3903 322 3942 aere
348 3889 420 3944 ferro
446 3889 648 3958 hominibusque
674 3889 765 3942 riuum
791 3887 996 3952 emereretur,
1022 3887 1074 3940 illis

263 3957 383 4012 versibus
392 3959 427 4012 ¹⁰:
1127 3955 1245 4024 inempta
1264 3967 1295 4008 eo
1313 3951 1386 4008 facto
1404 3953 1605 4008 restituerentur
1622 3959 1649 4006 et
1665 3959 1704 4018 ut,
1722 3961 1815 4022 quanm
1827 3969 1937 4008 minoris

1126 4027 1222 4090 postea
1239 4021 1284 4074 elii
1301 4021 1431 4088 venisset,
1454 4027 1486 4078 ut
1502 4021 1530 4076 id
1547 4027 1650 4090 emptor
1667 4021 1798 4078 venditori
1815 4029 1936 4090 praesta·

1125 4095 1182 4144 ret:
1205 4089 1240 4144 ad
1258 4087 1326 4144 diem
1343 4091 1458 4158 pecunia
1475 4105 1528 4144 uon
1546 4091 1633 4146 soluta
1650 4091 1740 4160 placet
1756 4091 1887 4144 venditori
1905 4107 1938 4146 ex

1126 4159 1231 4214 vendito
1250 4173 1281 4214 eo
1296 4159 1401 4212 nomine
1415 4159 1545 4214 actionem
1559 4173 1626 4214 csse.
1654 4177 1703 4214 nec
1721 4159 1877 4214 conturbari
1892 4159 1936 4214 de-

1126 4227 1232 4294 bemus,
1258 4225 1329 4296 quod
1350 4225 1467 4296 iuempto
1490 4225 1572 4282 fundo
1590 4225 1663 4282 lacto
1682 4227 1787 4282 dicatur
1804 4229 1938 4282 uodonem

1127 4311 1159 4350 ex
1177 4295 1282 4350 vendito
1300 4293 1418 4348 futuram
1436 4311 1506 4350 esse:
1531 4297 1558 4350 in
1582 4297 1676 4364 emptis
1694 4297 1764 4352 enim
1781 4301 1807 4350 et
1824 4297 1937 4350 venditis

265 4365 311 4420 sed
326 4365 356 4420 hi
368 4381 459 4420 rerem
474 4367 695 4438 permutationem
708 4365 857 4438 significare
872 4365 1011 4440 videntur,
1021 4379 1076 4418 non
1126 4363 1214 4432 potius
1231 4363 1260 4420 id
1277 4363 1349 4432 quod
1367 4369 1471 4430 actum,
1495 4381 1573 4434 quam
1590 4365 1618 4418 id
1635 4365 1707 4432 quod
1724 4363 1824 4418 dictum
1840 4363 1877 4430 sit
1895 4379 1937 4418 se·

265 4435 435 4504 emptionem,
453 4435 524 4492 sicut
540 4435 623 4516 illlffl:
1127 4431 1260 4554 quendum
1271 4437 1320 4498 est,
1334 4437 1361 4486 et
1373 4447 1434 4486 cum
1444 4433 1501 4504 lege
1513 4433 1541 4488 id
1556 4433 1655 4514 dictum
1671 4435 1713 4498 sit,
1727 4437 1839 4516 apparet
1848 4431 1869 4466 ¹⁹
1884 4433 1937 4512 hoc

1129 4501 1938 4648 111111111111111111111111111(ωὲἔὲἦέθέὲῖιὲ

1129 4643 1143 4690 2
1178 4637 1302 4706 obligatio
1319 4639 1401 4720 empti
1416 4643 1442 4692 et
1455 4655 1505 4692 ren
1526 4639 1554 4690 'ti
1567 4639 1672 4706 utrique
1686 4637 1839 4690 solveretur.
1868 4635 1938 4690 Con·

1130 4705 1213 4770 dicio,
1237 4717 1306 4774 quae
1328 4707 1403 4762 initio
1427 4711 1581 4762 contractus
1600 4707 1671 4760 dicta
1688 4709 1742 4770 est,
1766 4709 1861 4774 postea
1885 4705 1938 4758 alia

1128 4773 1252 4842 pactione
1276 4773 1441 4828 immutari²⁰
1466 4777 1567 4842 potest,
1595 4771 1673 4828 sicuti
1696 4771 1776 4826 etiam
1799 4771 1867 4828 abiri
1891 4773 1937 4828 ε21

1129 4845 1187 4894 tota
1204 4843 1336 4910 emptione
1352 4847 1455 4912 potest,
1474 4843 1497 4896 si
1513 4841 1630 4896 nondum
1646 4837 1756 4908 impleta
1772 4845 1849 4906 sunt,
1868 4857 1938 4912 quae

1128 4909 1260 4978 utrimque
1276 4911 1408 4980 praestari
1426 4909 1583 4972 debuerunt,

266 4981 312 5036 sed
334 4981 420 5036 verim
437 4987 477 5038 est
495 4981 598 5038 Nemas
617 4987 643 5034 et
660 4979 768 5036 Proculi
791 4981 936 5034 sententia:
961 4993 1023 5034 nam
1046 4987 1077 5036 ut
1163 4975 1182 5034 7
1205 4977 1350 5034 Uarianos
1371 4979 1439 5036 libro
1465 4979 1605 5032 uicensimo
1629 4981 1722 5032 octove
1745 4979 1783 5034 ud
1805 4977 1937 5036 Sabinum

266 5049 337 5104 aliud
356 5055 396 5104 est
413 5049 541 5114 rendere,
564 5049 637 5104 aliud
656 5065 756 5114 emere,
782 5047 849 5102 allus
866 5053 982 5116 emptor,
1008 5049 1076 5104 alius
1127 5047 1202 5104 Haec
1224 5047 1338 5102 venditio
1364 5047 1431 5104 servi
1448 5047 1480 5102 ‘si
1496 5047 1611 5100 rationes
1625 5045 1734 5124 ,domini
1757 5053 1938 5116 computasset

266 5117 393 5182 uenditor,
412 5117 450 5172 sic
469 5117 541 5172 aliud
558 5123 600 5170 est
617 5119 739 5186 pretium,
758 5113 831 5170 aliud
848 5131 935 5170 merx:
961 5117 1032 5186 quod
1049 5119 1077 5170 in
1129 5115 1256 5170 ‘arbitrio’
1274 5115 1464 5170 condicionalis
1483 5119 1536 5168 este
1555 5113 1750 5170 condicionales
1769 5121 1857 5170 autem
1874 5133 1937 5170 veu-

265 5185 459 5254 permutatione
478 5185 591 5240 discerni
609 5201 663 5240 non
682 5189 783 5254 potest,
806 5189 866 5236 uter
884 5189 999 5252 emptor,
1017 5189 1077 5238 uter
1129 5185 1241 5238 ditiones
1259 5189 1323 5240 tune
1340 5183 1528 5254 perficiuntur,
1547 5195 1607 5236 cum
1623 5181 1731 5252 impleta
1746 5183 1828 5238 fuerit
1845 5185 1937 5240 condi-

266 5257 280 5306 2
315 5253 437 5308 venditor
454 5253 496 5308 sit.
532 5253 583 5308 Est
601 5259 690 5308 autem
709 5253 806 5322 emptis
824 5251 889 5306 iuris
906 5253 1032 5320 gentium,
1051 5257 1077 5308 et
1129 5253 1180 5308 cie.
1205 5251 1252 5308 secl
1268 5257 1358 5306 utrum
1375 5251 1442 5306 haec
1459 5253 1500 5306 est
1516 5249 1677 5328 venditionis
1691 5251 1823 5318 condicio,
1841 5251 1938 5322 si-ipse

1746 5369 1936 5378 ——...·.—.—.—.

226 4075 227 4078 ’
296 4059 380 4112 tumeo
397 4051 444 4128 ἆρ’
464 4059 598 4122 οἰνίζοντο
617 4055 839 4132 καρηκομόωντεε
854 4051 955 4122 Ἀχαιοί

285 4123 373 4180 ’ἄλλοι
389 4129 439 4194 μὲν
453 4125 552 4194 χαλκῷ,
574 4125 650 4180 ἄλλοι
668 4121 699 4180 d’
719 4127 824 4180 αἴθωνι
842 4123 953 4196 σιδήρῳ,

297 4191 372 4248 ἄλλοι
390 4191 420 4246 ds
437 4197 528 4266 ῥινοῖο,
548 4193 623 4248 ἄλλοι
641 4191 670 4248 d’
690 4189 785 4268 αὐτῇσι
801 4191 902 4262 βόεσσι,

299 4261 375 4316 ἄλλοι
393 4257 423 4316 δ’
443 4257 700 4336 dodqaaddeoowfl.

298 4531 363 4590 ἔνθ’
383 4527 445 4588 eima
462 4537 573 4606 Γλαύκῳ
592 4537 723 4608 Κρονίδης
740 4541 838 4608 φρένας
855 4535 956 4598 ἐξέλετο
974 4533 1043 4598 Ζεύς,

213 4675 214 4680 1
299 4601 326 4660 ts
344 4603 411 4678 rugire
429 4603 559 4672 Τυδείδην
575 4603 712 4676 Διομήδεα
729 4599 815 4670 τεύχε’
835 4603 983 4672 ἄμειβενὶῧ.

233 4755 234 4758 ,
264 4711 453 4788 magisautem
470 4723 519 4778 pro
537 4711 589 4788 hac
607 4709 738 4764 sententia
755 4707 820 4760 illud
838 4707 984 4774 diceretur,
1003 4707 1075 4778 quod

265 4775 332 4832 alias
350 4777 420 4832 1de
435 4783 517 4846 poeta
535 4777 642 4832 dicit¹⁴2

299 4883 398 4950 πρίατο
418 4877 572 4932 κτεάτεσσιν
589 4879 673 4932 ἑοῖσιν
682 4879 710 4932 ¹⁵.

266 5427 296 5488 (1)
314 5425 410 5476 aborF
470 5425 502 5489 (1)
521 5423 645 5474 arboreF
701 5427 732 5488 (3)
751 5425 898 5476 conflatisS
957 5425 988 5488 (4)
1008 5425 1074 5488 qued
1127 5441 1191 5488 aere,
1200 5425 1245 5474 alii
1255 5423 1387 5488 splendido
1397 5423 1470 5486 ferro,
1484 5425 1528 5476 alii
1536 5425 1646 5490 pellibus
1654 5427 1737 5488 boum,
1752 5425 1798 5474 alii
1813 5425 1876 5488 ipsis
1892 5425 1937 5474 bu·

266 5513 311 5544 scr.
382 5495 414 5558 (5)
432 5493 564 5542 rationeF
897 5527 898 5530 κ
1126 5493 1380 5560 bus,eliimaneipiis
1449 5495 1493 5558 (11)
1511 5495 1545 5548 lt.
1556 5497 1578 5558 6,
1589 5505 1629 5548 nst
1686 5497 1730 5560 (13)
1748 5489 1938 5560 αμιιδενΕ-

300 5563 333 5626 (a)
353 5561 413 5614 Sub.
425 5571 687 5614 1...11.13,..ls.20.=..4e.
699 5573 732 5614 11.
744 5569 785 5620 19;
802 5559 850 5610 Ed.
862 5571 894 5612 ιι.
904 5571 936 5612 19.
948 5571 1036 5614 ιιιεῑ.
1047 5575 1074 5616 se
1127 5563 1161 5614 Id
1169 5575 1218 5614 est.-
1232 5563 1283 5612 iam
1292 5579 1350 5614 rere
1361 5563 1463 5614 Saturni
1478 5563 1545 5614 filius
1554 5563 1652 5630 Iupiter
1667 5563 1762 5614 Glauco
1777 5565 1884 5612 mentem
1899 5563 1938 5612 ita

275 5641 330 5692 ..713
348 5629 456 5694 Ponte.
468 5629 638 5694 tr...tt;App.
650 5639 730 5680 issu.
742 5639 774 5680 81.
785 5655 819 5664 -u
834 5629 898 5680 Bos.
910 5629 1020 5688 lll‚1.·-
1037 5633 1074 5698 Cf.
1127 5631 1293 5696 perturbavit,
1310 5635 1337 5680 ut
1346 5647 1403 5682 cum
1412 5631 1532 5686 Diomede
1541 5633 1619 5698 Tydei
1633 5633 1686 5680 filio
1701 5645 1770 5682 arma
1784 5633 1938 5694 permutaret

268 5697 649 5758 [ηπ-311310οἅ·4ι38·40·54
719 5697 751 5762 (t)
770 5697 993 5758 sieiadmuese'
1041 5701 1080 5764 (8)
1128 5701 1171 5764 (14)
1185 5701 1233 5752 Oct.
1246 5701 1267 5762 l,
1277 5710 1317 5752 430
1371 5701 1414 5758 i1tl
1425 5701 1452 5754 id
1461 5701 1581 5754 estremit
1591 5697 1764 5750 exbouis‘snis
1823 5697 1869 5762 (16)
1879 5713 1937 5762 pro-

267 5765 445 5814 varinium
492 5765 525 5828 (e)
544 5763 699 5812 neratiuslll
757 5761 803 5828 (11)
821 5763 852 5812 Il.
864 5765 887 5824 7,
898 5773 938 5812 411
991 5767 1031 5830 (ιι)
1052 5769 1079 5818 id
1127 5767 1494 5830 hibitam‚allenati0nemin3.
1556 5773 1599 5832 (11)
1617 5765 1733 5818 aurem
1797 5767 1842 5828 (ts)
1861 5765 1937 5812 mari-

268 5833 364 5882 esttibi
374 5847 431 5880 vero
440 5831 583 5882 rinumsibi
593 5831 773 5896 comparabant
782 5833 909 5878 comantes
919 5829 1021 5896 Achaei,
1031 5835 1077 5884 alii
1128 5837 1205 5884 tusF
1253 5839 1472 5906 (19JappareretuF
1520 5833 1732 5904 (QJimputeriF
1770 5833 1936 5900 (illarumbl
