4366 6258
281 409 438 476 XXVIIII
461 415 488 472 1·
508 415 526 470 2
1082 397 1144 472 400
1189 385 1190 388 ¹
1579 423 1625 468 us
1646 423 1866 482 rodomanos
1888 415 1976 470 vnn<

282 597 297 646 5
332 589 361 644 Si
378 589 468 644 militis
485 589 558 642 adita
572 589 873 656 confuerithereditas,
890 589 1091 646 ansubstitutio
1142 587 1210 642 libro
1236 587 1328 658 quinto
1354 587 1455 642 decimo
1483 587 1646 658 digestorum
1670 589 1777 658 scripsit
1803 601 1878 652 eum,
1910 587 1954 654 qui

282 673 361 730 quam
378 673 414 726 pu
434 657 478 712 illo
496 657 561 712 iecit
577 657 678 728 ualeat,
703 659 845 728 quaeritur.
882 665 909 712 ει
926 673 990 712 cons
1025 673 1091 712 uens
1143 661 1215 710 metu
1232 657 1374 710 verborum
1390 655 1432 710 rel
1448 655 1538 724 aliqrm
1555 657 1650 710 umore
1661 657 1682 688 ¹¹
1700 661 1811 710 coactus
1827 655 1953 710 follens¹²
1970 667 1977 714 j

281 727 333 782 erit
348 725 401 780 hoc
414 675 514 790 Riecte,
533 725 596 794 quia
611 725 773 792 permittitur
789 727 915 778 militem¹
932 725 987 780 filio
1014 741 1092 780 acere
1143 723 1239 778 adierit
1254 723 1441 790 hereditatem,
1460 723 1515 778 sire
1531 723 1599 780 liber
1615 725 1664 790 sit,
1684 723 1808 778 heredem
1826 739 1880 778 non
1896 719 1969 780 fieri

281 799 477 858 mstamentum,
495 791 615 860 quamvis
633 793 684 846 ribi
700 809 755 848 non
771 793 872 846 fecerit.
1142 793 1239 860 placet,
1258 793 1312 844 sire
1330 805 1420 846 sersus
1436 791 1479 856 sit,
1498 791 1633 844 dominum
1646 791 1770 844 heredem
1784 789 1943 844 nonfacere

316 855 356 916 42
380 859 524 914 Uarmucs
539 859 608 916 libro
626 859 832 930 quadruperimo
851 861 944 928 patrato
968 859 1005 914 ad
1021 859 1092 914 edic·
1178 855 1334 914 7Paoaos
1349 857 1417 912 libro
1430 859 1522 928 primo
1540 859 1579 912 ad
1593 857 1721 912 Sabinam
1748 857 1852 926 Siquis
1871 855 1952 918 filium
1974 901 1975 904 ι

283 931 338 980 tam
371 925 415 980 Ex
433 943 464 982 ec
481 931 601 996 tempore
618 925 677 996 quir
694 927 752 982 iure
768 925 874 980 militari
896 925 990 994 incipit
1012 941 1092 996 posse
1142 925 1257 980 familiras
1274 925 1398 980 heredem
1414 925 1560 980 instituerit
1577 931 1604 980 ct
1619 925 1658 978 ita
1676 925 1824 994 scripserit:
1844 925 1876 978 ‘si
1891 925 1953 982 mihi

282 993 390 1060 testari,
413 1009 446 1048 ex
468 1009 520 1064 quo
544 993 573 1046 in
596 1009 720 1050 numeros
743 995 841 1048 relatus
864 999 918 1058 est,
943 999 1005 1048 ante
1022 1009 1089 1048 non:
1142 995 1237 1048 ‘Titius
1254 993 1305 1048 iste
1314 997 1336 1028 ¹³
1352 991 1422 1048 filius
1440 993 1554 1048 familias
1571 993 1649 1048 heres
1669 1009 1724 1048 nou
1742 993 1805 1058 erit,
1830 991 1951 1062 Sempro-

300 1061 393 1116 roiude
416 1063 462 1132 qui
482 1061 601 1116 nondum
623 1063 651 1116 in
674 1061 789 1116 numeris
812 1067 888 1128 suut,
912 1061 976 1116 licet
993 1061 1092 1116 ειιιιιι2
1143 1063 1302 1116 ‘nius-heres
1316 1061 1391 1126 esto’,
1405 1061 1460 1116 filio
1475 1061 1591 1114 adeunte
1605 1061 1952 1130 iussupatrissubstitutns

281 1079 345 1184 fecti
366 1129 466 1184 tirones
488 1129 542 1182 sint
568 1135 595 1184 et
620 1131 733 1198 publicis
759 1129 881 1198 expensis
906 1129 957 1184 iter
979 1129 1090 1194 faciunt,
1145 1135 1155 1182 1
1193 1129 1350 1184 excluditur.
1375 1129 1404 1184 Si
1415 1129 1485 1184 filius
1499 1129 1582 1198 prius,
1597 1145 1677 1198 quam
1692 1129 1773 1184 sciret
1786 1143 1816 1184 se
1829 1141 1950 1184 necessa·

221 1213 222 1216 ¹
282 1195 399 1252 nondum
413 1195 508 1250 milites
522 1201 599 1252 sunt:
617 1199 716 1252 debent
731 1195 799 1252 enim
812 1197 840 1250 in
852 1213 976 1250 numeros
988 1197 1089 1252 referri.
1142 1197 1210 1252 rium
1228 1197 1362 1252 exstitisse
1377 1197 1449 1266 patri
1465 1197 1602 1262 heredem,
1629 1197 1772 1252 decesserit
1788 1195 1881 1252 relicto
1898 1195 1951 1252 filio

317 1259 357 1320 43
380 1261 565 1318 Prrrrrrrrs
584 1267 652 1322 libro
676 1269 755 1318 scorto
777 1279 969 1334 respoasoram
1006 1263 1091 1318 Filius
1142 1265 1308 1330 necessario,
1326 1263 1531 1334 permittendum
1549 1269 1590 1318 est
1606 1265 1697 1344 nepoti
1713 1263 1848 1318 abstinere
1866 1279 1896 1318 se
1913 1267 1952 1320 ari

249 1355 250 1358 ¹
281 1331 396 1386 familias
427 1331 542 1404 equestri
570 1333 663 1388 militia
689 1337 832 1386 exornatus
858 1337 885 1386 et
909 1331 938 1384 in
963 1333 1092 1386 comitatu
1142 1337 1157 1386 ι
1192 1333 1349 1396 hereditate,
1368 1333 1430 1402 quia
1445 1337 1471 1386 et
1485 1333 1555 1412 patri
1569 1333 1710 1386 eiusrdem
1724 1333 1894 1386 tribueretur.
1922 1333 1951 1388 In

283 1399 367 1468 princi
386 1415 432 1454 um
454 1403 573 1456 retentus
597 1399 667 1468 cingi
685 1399 824 1454 confestim
841 1399 930 1456 iussus
946 1405 1089 1454 tatamen·
1142 1401 1214 1456 omni
1229 1401 1398 1456 successione
1412 1401 1458 1468 qui
1473 1415 1497 1454 ar
1511 1401 1588 1454 heres
1604 1399 1712 1466 exstitit,
1730 1399 1776 1470 qui
1791 1399 1861 1456 Titio
1877 1399 1951 1456 heres

279 1475 339 1540 ¹turn
375 1485 390 1522 e
407 1471 554 1524 castrensi³
571 1469 661 1524 iacere
678 1471 774 1534 potest.
1141 1469 1201 1534 fuit,
1221 1469 1291 1522 Titio
1310 1483 1415 1548 quoque
1432 1469 1508 1522 heres
1525 1469 1629 1522 videtur
1646 1483 1704 1522 esse
1721 1483 1771 1522 nec
1788 1471 1878 1538 potest
1891 1467 1952 1526 Titii

262 1579 263 1582 ¹
317 1535 356 1594 44
375 1535 543 1592 ΔΠιειιιιῑιι
556 1539 624 1594 libro
638 1535 844 1606 quodraparimo
860 1537 952 1606 poturo
968 1537 1006 1590 od
1020 1537 1090 1592 cdt'c·
1142 1537 1264 1590 omittere
1281 1537 1463 1590 hereditatem.

284 1611 337 1658 torn
371 1603 514 1674 Rescripta
536 1603 687 1674 principum
705 1603 849 1658 ostendunt
863 1619 955 1662 ,ornnes
974 1603 1090 1668 omnino,
1177 1599 1195 1660 8
1226 1603 1371 1660 Uarianos
1401 1605 1469 1660 libro
1497 1605 1609 1676 septimo
1642 1603 1680 1658 od
1703 1603 1833 1658 Sabinum
1877 1603 1952 1660 More

283 1673 328 1740 qui
351 1673 408 1726 eius
429 1681 492 1726 runt
526 1673 607 1726 radus
615 1673 634 1736 ⁵,
657 1675 689 1722 ιιι
710 1671 768 1726 iure
789 1673 896 1726 militari
918 1671 1012 1726 testari
1036 1687 1091 1726 non
1141 1677 1251 1726 nostrae
1277 1673 1390 1726 civitatis
1417 1687 1503 1742 neque
1524 1671 1641 1740 pupillus
1664 1686 1750 1740 neque
1772 1671 1874 1740 pupilla
1897 1671 1951 1728 sine

302 1741 399 1808 ossiut,
422 1741 446 1796 si
467 1741 495 1796 in
538 1739 622 1794 ostica
647 1737 878 1808 deprehendantur
898 1745 924 1794 ct
940 1739 994 1792 illic
1013 1739 1090 1792 dece·
1142 1741 1238 1792 tutoris
1256 1741 1416 1794 auctoritate
1434 1739 1545 1806 obligari
1562 1745 1689 1808 possunt:
1713 1739 1846 1794 hereditas
1865 1745 1951 1796 autem

282 1757 360 1874 gant,
385 1807 516 1878 quomodo
538 1807 620 1862 velint
643 1811 670 1860 et
693 1807 824 1876 quomodo
847 1807 964 1876 possint,
988 1807 1090 1872 testari,
1143 1807 1206 1876 quin
1229 1807 1329 1928 ειιιιῗει
1351 1823 1400 1862 nos
1424 1807 1479 1860 aeri
1503 1807 1603 1870 alieno,
1628 1805 1707 1860 etiam
1730 1807 1753 1860 si
1776 1821 1831 1862 non
1848 1807 1884 1862 sit
1901 1807 1950 1862 sol·

282 1873 701 1946 sirepraesessitprorinciae⁶
722 1875 775 1930 rive
794 1875 946 1944 quamius,
970 1873 1091 1942 quiiure
1142 1873 1242 1940 vendo,
1268 1887 1329 1944 pus
1355 1891 1434 1944 quam
1460 1873 1631 1928 manifestum
1657 1881 1704 1930 est.
1748 1875 1780 1930 de
1807 1891 1840 1930 ea
1865 1881 1951 1932 numm

282 1945 388 1998 militari
404 1943 498 1998 testari
515 1957 570 1998 non
587 1945 683 2010 potest.
1142 1941 1290 1996 hereditate
1313 1943 1458 2010 loquimur,
1488 1943 1517 1996 in
1540 1957 1593 2012 qua
1616 1957 1670 1996 non
1693 1943 1839 1998 succedunt
1861 1945 1950 1996 hrrius-

1145 2017 1155 2062 1
1193 2011 1266 2064 modi
1282 2025 1412 2080 personae
1430 2011 1508 2080 quasi
1524 2009 1699 2064 necessariae.
1727 2011 1851 2080 Impubes
1866 2011 1912 2080 qui
1925 2011 1951 2068 ic

1142 2077 1252 2132 ulterius
1276 2083 1409 2146 potestate
1432 2083 1472 2132 est
1495 2079 1518 2134 si
1540 2079 1615 2132 iussu
1637 2077 1692 2132 eius
1709 2079 1805 2132 adierit
1821 2079 1950 2134 heredita·

662 2151 717 2216 11⁷,
1142 2149 1204 2210 tem,
1223 2145 1286 2200 licet
1304 2145 1406 2200 consilii
1424 2161 1512 2214 capax
1528 2145 1688 2210 confuerit,
1706 2147 1730 2200 ei
1748 2147 1864 2214 adquirit
1877 2147 1950 2200 here·

315 2251 360 2300 DE
379 2247 602 2326 ADQUHOENDA
621 2249 688 2300 VEL
708 2251 927 2302 OMITTENDA⁸
949 2251 1057 2302 HERE'
1142 2213 1335 2338 dstgoeffiorcs
1349 2281 1417 2336 libro
1436 2281 1553 2338 secundo
1571 2281 1608 2336 cd
1624 2279 1754 2338 Sabinum
1789 2281 1830 2334 Pu
1848 2281 1951 2338 illussi

620 2319 756 2370 DITATE·
1142 2347 1194 2404 fari
1211 2349 1310 2418 possit,
1327 2349 1390 2404 licet
1406 2349 1485 2404 huius
1504 2349 1600 2404 aetatis
1618 2349 1666 2414 sit,
1686 2353 1716 2402 ut
1734 2299 1848 2428 causan?
1860 2349 1897 2428 ad
1913 2351 1950 2404 ui·
1976 2403 1977 2418 2

317 2415 471 2472 iProros
494 2417 562 2472 libro
585 2419 703 2474 secundo
721 2419 759 2474 od
774 2419 905 2474 Sabinum
939 2419 989 2488 ιιιιι
1007 2423 1090 2472 totam
1142 2419 1242 2472 rendae
1259 2417 1415 2472 hereditatis
1433 2433 1487 2472 non
1504 2417 1646 2486 intellegat,
1664 2431 1782 2486 quamvis
1796 2433 1850 2472 non
1865 2367 1950 2472 utiles·

281 2485 453 2540 hereditatem
470 2483 611 2554 roqunere
627 2491 730 2554 potest,
744 2485 766 2542 is
783 2501 833 2554 pro
851 2491 928 2554 parte
945 2503 1003 2540 earn
1021 2485 1090 2540 scin·
1142 2491 1187 2540 tur
1210 2485 1278 2540 scire
1299 2485 1452 2540 huiusmodi
1475 2485 1571 2542 aetatis
1593 2499 1661 2554 puer
1682 2489 1779 2554 (neque
1799 2485 1869 2540 enirn
1886 2485 1950 2542 scire

281 2551 366 2608 dendo
386 2551 459 2606 adire
476 2569 531 2606 non
547 2557 651 2620 potest:
744 2585 745 2588 =
1143 2569 1229 2622 neque
1245 2553 1388 2608 decernere
1405 2553 1466 2608 talis
1484 2559 1558 2608 aetas
1575 2557 1677 2624 potest,
1700 2569 1756 2606 non
1772 2553 1857 2622 magis
1874 2567 1950 2622 quam

315 2615 333 2676 2
357 2619 503 2674 Uarianos
522 2619 592 2674 libro
617 2627 716 2698 quarto
734 2621 771 2676 od
788 2619 918 2676 Sabinum
952 2623 999 2676 sed
1022 2627 1049 2674 et
1069 2623 1092 2676 si
1142 2621 1285 2688 furiosus),
1303 2627 1393 2678 tamen
1411 2637 1472 2676 curn
1489 2623 1585 2676 tutoris
1604 2623 1764 2676 auctoritate
1781 2621 1950 2676 hereditatem

281 2689 339 2758 quis
363 2687 539 2756 expluribus
562 2689 684 2758 partibus
707 2689 735 2742 in
754 2689 870 2746 eiusdem
887 2689 1034 2744 hereditate
1050 2689 1090 2744 in·
1142 2689 1282 2758 adqrdrere
1304 2697 1405 2760 potest:
1435 2691 1487 2746 hoc
1514 2691 1582 2746 enim
1607 2689 1791 2746 favorabiliter
1814 2689 1852 2744 eis
1876 2705 1949 2758 prae·

281 2757 390 2812 stitutus
414 2755 463 2820 sit,
478 2771 541 2812 ‘non
563 2761 654 2826 potest
677 2756 806 2824 quasdam
827 2761 918 2828 partes
941 2756 1090 2828 repudiare,
1142 2763 1237 2812 statur.

222 2863 224 2866 -
282 2823 410 2896 quasdam
427 2823 596 2892 adgnoscere.
1179 2823 1216 2882 10
1247 2823 1392 2878 Uarianos
1412 2825 1481 2882 libro
1504 2827 1617 2896 septimo
1642 2827 1679 2880 od
1697 2825 1828 2882 Sabinam
1870 2825 1897 2878 Si
1921 2839 1950 2880 ex

315 2889 434 2950 3Incrr
453 2893 521 2948 libro
543 2897 622 2948 sarelo
646 2893 684 2946 od
700 2891 829 2950 Sabinam
865 2893 996 2962 Quamdiu
1017 2893 1091 2962 prior
1142 2909 1203 2948 asse
1232 2893 1310 2948 heres
1339 2893 1509 2948 destinaverit
1535 2899 1638 2962 partem
1663 2893 1764 2948 habere
1788 2893 1949 2962 hereditatis,

280 2961 357 3016 heres
374 2959 512 3016 institutis
529 2959 704 3016 hereditatem
722 2959 796 3016 adire
812 2965 909 3030 potest,
929 2961 1090 3016 substitutus
1142 2961 1247 3016 ridetur
1262 2961 1292 3016 in
1308 2977 1395 3034 assem
1411 2977 1461 3042 pro
1478 2961 1577 3042 herede
1593 2961 1719 3042 gessisse..
1926 3001 1938 3042 -Ι

281 3045 335 3154 ΜΞ
350 3033 513 3152 Igicersst'lr'brc
531 3097 609 3150 terito
627 3097 665 3176 ad
677 3095 807 3152 Sabinam
832 3097 911 3152 Nolle
926 3097 999 3176 adire
1013 3097 1089 3152 here·
1141 3027 1641 3176 ιαὲῙΗιζιξιξΡὲιῖᾘΞιέἔέοιιζῖιιέιΈ
1651 3027 1780 3166 {ffiffl
1790 3029 1949 3166 ιιξῃέιὶιιιξὲἓ·

281 3165 390 3220 ditatam
407 3181 461 3220 non
479 3163 591 3230 videtur,
609 3181 654 3232 qur
671 3181 725 3220 non
743 3169 832 3232 potest
849 3165 931 3220 adire.
1141 3165 1192 3220 bus
1211 3171 1301 3220 autem
1317 3165 1365 3232 ita,
1384 3165 1406 3220 si
1423 3181 1452 3220 se
1469 3181 1524 3220 nou
1539 3165 1768 3220 immiscuerint¹⁴.

314 3233 432 3290 biorn
446 3233 513 3288 libro
526 3235 619 3314 primo
638 3231 675 3286 od
688 3231 818 3288 Sabinum
845 3233 951 3286 Mutum
968 3249 1019 3288 nec
1036 3247 1090 3288 non
1179 3229 1217 3290 12
1241 3233 1388 3298 Uarianos
1403 3235 1471 3290 libro
1488 3233 1629 3288 undecimo
1646 3233 1684 3288 od
1700 3233 1814 3288 edictam
1848 3233 1890 3298 Ei,
1909 3233 1947 3304 qui

250 3325 251 3330 ι
280 3301 403 3368 surdum,
428 3301 507 3356 etiarn
529 3307 569 3356 ιιι
591 3307 670 3356 natos
689 3317 738 3370 pro
756 3301 852 3356 herede
869 3315 960 3370 gerere
979 3307 1005 3354 et
1022 3301 1089 3358 obli·
1142 3317 1171 3356 ιε
1193 3317 1248 3356 uon
1273 3301 1380 3356 miscuit
1402 3301 1542 3358 hereditati
1565 3305 1706 3370 paternae,
1733 3301 1787 3356 sire
1811 3301 1896 3354 maior
1919 3301 1954 3356 sit

225 3431 227 3434 ,
282 3373 293 3424 ι
329 3369 387 3438 gari
403 3369 545 3424 hereditati
562 3385 642 3438 posse
659 3373 772 3424 constat.
808 3369 887 3434 Eum,
907 3369 1023 3438 college
1040 3367 1089 3424 bo·
1142 3369 1311 3436 siraninus,
1336 3385 1467 3426 nonesse
1489 3385 1598 3424 necesse
1621 3373 1770 3438 praetorem
1794 3369 1881 3436 adire,
1905 3369 1948 3424 sed

279 3437 320 3492 nis
338 3437 519 3502 interdicitur,
545 3437 711 3492 ⁹institutum
728 3451 807 3508 posse
824 3437 899 3490 adire
916 3439 1089 3492 hereditatem
1141 3437 1242 3492 sufficit
1259 3453 1287 3492 se
1304 3453 1359 3492 non
1376 3437 1514 3492 miscuisse
1530 3439 1680 3492 hereditati.
1706 3443 1733 3492 et
1751 3442 1791 3492 est
1808 3437 1835 3490 in
1850 3451 1947 3506 semen·

237 3545 238 3548 ¹
280 3511 393 3560 constat.
644 3539 645 3542 =
1141 3505 1241 3560 stribus
1265 3505 1350 3560 Vibiis
1374 3505 1461 3562 Soteri
1486 3511 1512 3560 et
1534 3505 1672 3562 Victorino
1695 3505 1869 3574 rescriptum,
1898 3521 1947 3560 nou

314 3571 513 3630 essartare
530 3577 609 3628 sexto
628 3571 805 3628 cddrbinum
831 3571 882 3640 Qui
899 3573 927 3626 iu
945 3571 1032 3626 aliena
1050 3577 1091 3628 est
1142 3589 1200 3628 esce
1223 3589 1332 3628 necesse
1355 3575 1462 3644 pupillis
1484 3575 1513 3628 in
1535 3575 1666 3642 integrum
1691 3573 1797 3628 restitui
1822 3589 1855 3628 ex
1882 3575 1947 3628 auto

278 3645 420 3718 potestate,
438 3657 492 3694 uon
509 3645 600 3710 potest
615 3641 726 3694 inritum
743 3639 882 3694 hereditati
898 3639 1016 3708 obligare
1030 3653 1089 3694 curn
1142 3647 1291 3708 contractu,
1310 3659 1422 3712 quorum
1439 3647 1518 3712 pater
1532 3643 1774 3698 constitueratnon
1789 3641 1947 3710 adgnoscere

278 3723 306 3760 rn
324 3709 399 3762 ouius
418 3713 459 3762 est
494 3713 623 3774 otestate,
647 3723 681 3762 ue
704 3709 759 3762 aeri
782 3707 869 3762 alieno
892 3713 970 3778 pater
987 3709 1088 3774 obliga·
1133 3709 1315 3764 ,hereditatem
1332 3727 1417 3780 neque
1432 3711 1573 3778 quicquam
1587 3715 1723 3764 amorerat
1736 3709 1777 3764 rel
1791 3725 1840 3778 pro
1856 3709 1962 3764 herede

252 3781 293 3828 ι
329 3781 402 3830 retur
412 3779 441 3830 ¹⁰.
482 3775 516 3830 ed
527 3777 555 3830 in
567 3775 698 3830 bonorum
709 3775 877 3844 possessione
888 3775 990 3844 placuit
1002 3781 1089 3828 ratam
1139 3783 1266 3844 gesserat.
1758 3805 1759 3808 ι
1890 3787 1891 3790 ’

278 3842 372 3900 haberi
389 3859 468 3912 posse
486 3859 558 3908 eam,
584 3859 664 3912 quam
689 3844 756 3898 citra
778 3843 941 3904 voluntatem
964 3841 1089 3912 adgnovit
1177 3839 1215 3900 13
1233 3845 1316 3898 Inna
1329 3843 1396 3898 libro
1414 3845 1527 3916 septimo
1544 3845 1583 3898 ccl
1598 3843 1728 3900 Sabinam
1762 3847 1789 3898 Is
1830 3845 1858 3898 ui
1875 3845 1946 3898 heres

211 3919 212 3922 ’
279 3915 294 3964 2
329 3911 352 3966 fs
370 3913 415 3980 qui
452 3913 559 3966 otestati
577 3911 713 3966 subiectus
730 3915 777 3964 est.
813 3911 865 3966 Sed
887 3915 914 3964 et
934 3913 997 3964 sile
1016 3911 1089 3966 'dms
1139 3913 1277 3966 institutus
1295 3917 1336 3968 est
1353 3913 1394 3966 rel
1410 3913 1434 3966 is
1452 3913 1497 3966 cui
1512 3913 1629 3982 legitima
1646 3913 1781 3968 hereditas
1805 3863 1895 3968 dqelata
1911 3917 1946 3966 est

279 3979 411 4060 hereditas
429 3929 483 4034 dno
500 3979 588 4060 delata
604 3979 639 4034 sit
654 3995 688 4034 ex
702 3985 809 4034 senatus
824 3979 948 4060 consulto¹
958 3927 1087 4034 Orffiiano
1139 3979 1323 4060 repudiatione
1340 3979 1515 4034 hereditatem
1531 3981 1637 4060 amittit.
1668 3981 1721 4036 hoc
1738 3979 1777 4036 ita
1793 3997 1886 4060 rerum
1903 3985 1944 4044 est,

280 4051 294 4102 3
329 4053 429 4110 matus,
449 4047 519 4102 idern
537 4053 588 4102 errt
604 4047 779 4116 probandum.
814 4047 867 4102 Sed
884 4051 911 4102 et
929 4063 951 4102 ιι
968 4063 1023 4102 non
1040 4045 1086 4100 ad·
1139 4065 1162 4102 ιι
1184 4065 1213 4102 ιιι
1238 4063 1269 4102 ea
1293 4063 1375 4102 causa
1400 4055 1457 4102 erat
1479 4049 1629 4114 hereditas,
1652 4055 1683 4102 ut
1706 4053 1733 4102 et
1756 4049 1824 4102 adiu
1844 4053 1944 4118 posset:

278 4113 339 4168 ierit
362 4115 450 4180 iilius,
476 4115 522 4170 diu
546 4121 638 4168 tamen
662 4117 780 4186 possedit
804 4123 880 4186 pater
905 4117 1086 4180 hereditatem,
1140 4123 1258 4172 ceterum
1275 4117 1353 4170 heres
1369 4117 1508 4172 institutus
1526 4117 1575 4172 sub
1595 4117 1751 4172 condicione
1768 4117 1791 4172 si
1808 4123 1872 4172 ante
1886 4133 1944 4172 con·

278 4183 426 4238 credendus
450 4189 490 4240 ast
512 4183 651 4240 admisisse
670 4183 858 4250 hereditatem,
881 4189 913 4240 ut
930 4183 1005 4240 dirus
1022 4183 1086 4238 Pius
1139 4185 1270 4240 dicionem
1294 4185 1450 4240 existentem
1473 4185 1636 4254 repudiarit,
1665 4185 1730 4238 nihil
1754 4185 1820 4254 egit,
1850 4185 1943 4254 quabr-

278 4257 295 4306 4
330 4257 356 4306 et
380 4253 526 4324 imperator
549 4257 642 4306 noster
666 4253 867 4324 rmcnpserunt.
914 4251 942 4306 Si
971 4253 1008 4318 is,
1043 4253 1087 4322 qui
1139 4253 1226 4324 qualis
1248 4251 1300 4306 fuit
1325 4253 1459 4320 condicio,
1486 4255 1536 4308 etsi
1561 4253 1589 4308 in
1613 4253 1752 4308 arbitrium
1779 4253 1878 4308 collata
1902 4257 1941 4308 est

278 4321 392 4390 putabat
409 4337 437 4376 se
455 4321 683 4384 filiumfamilias,
706 4321 789 4390 patris
807 4323 882 4378 iussu
899 4321 1008 4388 adierit,
1027 4337 1087 4376 eum
1142 4327 1152 4374 1
1190 4321 1296 4390 Siquis
1314 4321 1424 4388 dubitet,
1442 4321 1514 4376 vivat
1529 4327 1644 4378 testator
1661 4339 1710 4378 nec
1724 4339 1767 4386 ne,
1784 4321 1943 4392 repudiando

278 4403 365 4458 neque
388 4389 438 4444 ribi
460 4405 546 4458 neque
564 4389 588 4444 ei
605 4389 651 4458 qui
668 4387 744 4444 iussit
761 4391 897 4458 quaesisse
913 4389 1087 4444 hereditatem
1139 4393 1154 4444 2
1188 4391 1255 4444 nihil
1278 4391 1341 4458 ugit.
1383 4391 1549 4444 Substitutus
1574 4407 1678 4462 quoque
1700 4389 1821 4446 similiter
1842 4391 1866 4446 si
1888 4395 1944 4444 ante

279 4461 397 4512 constat:
422 4471 583 4528 quamquam
605 4457 642 4522 is,
668 4473 744 4526 quam
765 4463 842 4526 pater
864 4459 941 4512 iussit
963 4459 1038 4512 adire
1061 4463 1088 4512 et
1137 4459 1380 4528 repudiat,quam
1403 4459 1480 4514 heres
1496 4459 1635 4514 institutus
1652 4459 1779 4514 decernat
1796 4459 1829 4514 de
1846 4457 1942 4514 heredi·

278 4523 400 4590 decessit,
419 4525 443 4578 si
457 4525 552 4578 adierit
566 4525 619 4578 iarn
633 4529 738 4578 mortuo
753 4531 837 4594 patre,
856 4525 954 4594 obliget
968 4539 996 4580 se
1009 4525 1086 4582 here·
1139 4531 1154 4580 3
1189 4531 1253 4594 tate,
1271 4525 1338 4580 nihil
1351 4525 1449 4580 valebit
1463 4527 1621 4596 repudiatio.
1646 4525 1821 4594 Neqoefilius
1834 4525 1942 4582 familiar

278 4591 369 4660 ditati,
392 4597 423 4648 ut
440 4591 559 4648 Iulianus
582 4593 650 4648 libro
673 4593 806 4662 trigesimo
823 4595 907 4662 primo
926 4593 1086 4664 digestorum
1138 4593 1304 4664 repudiando
1330 4595 1386 4648 sine
1409 4601 1486 4662 patre
1508 4609 1594 4664 neque
1616 4599 1692 4664 pater
1714 4595 1772 4648 sine
1794 4595 1849 4650 filio
1873 4593 1941 4650 alteri

278 4661 399 4730 scripsit:
417 4675 479 4714 narn
497 4677 565 4726 eum,
584 4663 630 4730 qui
648 4661 759 4726 dubitat,
778 4665 867 4716 utrum
883 4663 953 4716 filius
971 4661 1086 4716 familias
1138 4669 1232 4718 uocet:
1250 4663 1356 4732 utrique
1373 4667 1463 4718 autem
1478 4669 1593 4732 possunt
1608 4663 1759 4732 repudiare.

278 4745 313 4784 ac
330 4729 538 4798 paterfamilias
556 4735 641 4784 morte
657 4729 741 4798 patris
755 4729 843 4784 factus
858 4729 900 4796 sit,
918 4745 998 4798 posse
1012 4729 1087 4784 adire
1175 4727 1213 4788 14
1231 4729 1351 4786 Pronus
1371 4729 1440 4786 libro
1456 4729 1574 4786 recondo
1593 4729 1632 4784 cd
1647 4729 1778 4786 Sabinum
1812 4729 1886 4786 idem
1908 4733 1941 4786 est

278 4803 293 4852 5
328 4797 501 4852 hereditatem
519 4799 602 4868 magis
623 4797 747 4852 admittit.
782 4797 918 4852 Interdum
939 4797 987 4852 lilii
1008 4795 1086 4852 fami·
1139 4799 1218 4852 etiam
1236 4799 1259 4852 si
1276 4797 1392 4868 legitima
1409 4799 1542 4852 hereditas
1559 4797 1620 4852 liliis
1639 4799 1754 4852 obvenit.

277 4865 326 4920 lias
352 4871 378 4920 et
401 4865 459 4920 sine
481 4865 599 4920 aditione
623 4867 763 4934 adquirant
788 4867 960 4920 hereditatem
987 4865 1029 4920 his
1058 4867 1086 4918 in
1174 4865 1211 4924 15
1236 4867 1380 4922 Uarianos
1402 4867 1470 4920 libro
1492 4867 1605 4936 septimo
1629 4867 1667 4920 od
1682 4865 1814 4922 Sabinum
1853 4867 1880 4922 Is
1902 4863 1941 4936 qd

277 4933 1086 5072 tibitibieliteilaitulidiiulrchifletii}
1136 4933 1804 5072 tuttttstrttt’.ltbtltttttttit’
1817 4951 1940 5072 ..trull

409 5053 411 5056 -
758 5043 764 5056 ·
1363 5043 1369 5056 ·
1786 5043 1793 5068 ι

277 5071 335 5124 siue
357 5069 474 5124 aditione
490 5069 573 5124 faciet
590 5071 713 5126 heredem
731 5069 878 5140 etquidem
896 5069 1083 5124 necessarium.
1135 5071 1255 5124 veritate.
1632 5109 1633 5112 ¹

278 5143 293 5194 6
328 5137 381 5194 Sed
403 5137 426 5192 si
449 5139 507 5208 quir
525 5137 603 5194 heres
620 5137 758 5194 institutus
775 5137 918 5206 adoptetur
935 5153 952 5194 a
968 5137 1022 5192 lilio
1040 5153 1085 5192 ex·
1173 5135 1211 5196 16
1229 5137 1309 5194 loun
1323 5139 1391 5194 libro
1409 5139 1531 5194 vicesimo
1550 5145 1647 5208 quarto
1665 5137 1702 5194 ad
1718 5137 1833 5194 edictum
1873 5139 1940 5194 Ete

277 5207 417 5272 heredem,
445 5207 627 5260 necessarium
653 5223 714 5262 eum
738 5223 792 5260 non
817 5207 896 5272 facit,
926 5205 973 5260 sed
999 5205 1086 5260 iuberi
1136 5209 1271 5262 contrario
1290 5207 1335 5276 qui
1352 5221 1380 5262 se
1397 5211 1476 5278 putat
1493 5207 1680 5272 necessarium,
1695 5207 1861 5262 voluntarius
1877 5209 1938 5264 exie·

277 5275 363 5340 debet,
382 5279 413 5328 ut
426 5275 514 5340 adeat,
533 5275 657 5344 quoniam
671 5275 762 5328 mortis
777 5281 897 5344 tempore
909 5275 939 5326 in
951 5277 1086 5344 potestate
1136 5281 1192 5330 tere
1210 5291 1265 5340 non
1282 5281 1378 5344 potest.
1494 5319 1495 5322 ι

277 5359 331 5398 non
351 5341 445 5398 bresit:
470 5359 532 5398 narn
551 5359 603 5422 per
626 5357 687 5398 eum
710 5343 766 5412 quis
790 5343 902 5398 existere
919 5341 1084 5396 necessarius
1172 5339 1210 5399 17
1228 5341 1385 5398 Iornlibro
1397 5345 1509 5414 septimo
1522 5341 1560 5398 aa
1569 5341 1699 5398 Sabinum
1720 5341 1821 5410 Neris,
1836 5341 1939 5412 qmnou

278 5415 291 5462 7
326 5427 381 5466 uon
397 5415 495 5480 potest,
513 5427 560 5480 qur
576 5413 634 5480 ipse
650 5427 705 5466 non
723 5415 793 5464 esset
807 5415 966 5464 exstaturus.
992 5407 1084 5464 Celsus
1102 5481 1103 5484 Ἴ
1135 5412 1223 5468 valere
1240 5417 1428 5466 testamentum
1446 5417 1494 5466 aut
1510 5409 1608 5466 falsum
1625 5425 1684 5466 esse
1700 5417 1787 5480 putat,
1807 5411 1940 5480 repudiare

278 5581 309 5644 ιιι
328 5577 404 5628 militi
414 5581 468 5632 edd.
530 5581 562 5642 ιιι
581 5581 757 5632 licetiamscr.
818 5581 849 5642 ιιι
867 5577 1088 5644 paculioadd.F²
1138 5591 1233 5642 68..·83;
1261 5583 1326 5650 Pop.
1338 5593 1373 5634 48.
1390 5593 1487 5642 er...97;
1505 5581 1572 5648 App.
1585 5593 1620 5634 98.
1637 5593 1674 5632 99.
1691 5599 1726 5620 -’
1739 5583 1803 5634 Bos.
1814 5585 1854 5642 35,
1869 5595 1940 5636 ιι.-

277 5653 308 5712 ιιι
326 5647 555 5716 =D.3i,1s,rpr.
601 5651 634 5714 ιι)
650 5647 940 5716 condicionisD.l.psm.
984 5647 1017 5710 ιιι)
1033 5647 1085 5698 sire
1138 5647 1175 5714 Cfl
1187 5651 1245 5700 Cod.
1256 5653 1281 5712 6,
1290 5661 1326 5704 ιο.
1336 5659 1361 5702 31
1429 5653 1461 5716 (8)
1481 5649 1752 5700 amittendainfflor.
1823 5651 1856 5716 (ει
1874 5651 1939 5702 here·

277 5731 375 5782 praeses
386 5715 443 5780 quis
452 5719 486 5766 sit
495 5717 641 5782 provinciae
650 5717 703 5766 sire
712 5717 809 5780 legatus
819 5715 854 5766 D.
866 5717 880 5766 l.
890 5733 949 5782 pem.
1136 5715 1191 5764 dem
1200 5719 1245 5770 ias.
1256 5717 1294 5768 F²
1368 5721 1412 5778 (ιιι
1430 5717 1557 5782 obligetur
1566 5715 1605 5768 ΡΞ
1679 5719 1719 5780 (ιιι
1738 5723 1806 5768 metu
1815 5719 1939 5770 verberum

312 5787 344 5852 (r)
364 5785 428 5836 'Sat
446 5797 512 5836 r...11.
531 5797 613 5838 rare.
633 5795 664 5836 rr.
684 5795 716 5836 rs.
736 5795 820 5836 aran.
839 5793 927 5836 emar.
945 5793 980 5834 ro.
999 5793 1030 5834 ιι.
1049 5791 1084 5834 ει.
1136 5785 1182 5846 (sic
1192 5783 1222 5836 if.
1232 5785 1381 5852 Stephanus]
1391 5785 1489 5836 vetolio
1499 5785 1644 5848 quotimore
1658 5803 1703 5836 ser.
1782 5787 1826 5846 ιιιι
1844 5785 1945 5846 fallensi
1969 5833 1970 5836 ,

239 5867 360 5908 suaa
376 5861 465 5906 tama
483 5863 525 5908 err
542 5855 634 5904 Earn.
651 5863 732 5904 raro.
750 5861 884 5904 no.as.sc.
902 5861 984 5902 saca
1000 5859 1083 5902 racc.
1134 5851 1281 5906 nolensem.
1350 5855 1393 5914 (ιιι
1412 5855 1469 5916 iste]
1482 5853 1557 5904 idest
1568 5873 1614 5904 ser.
1683 5859 1726 5918 tm)
1745 5849 1942 5902 ismisruerintl?
