4366 6258
272 357 346 420 VIII
369 361 427 422 at

1072 347 1138 418 no
1205 307 1280 454 „¹

1511 369 1686 418 COMMUNIA
1707 373 1924 418 retentorum

956 447 1201 460 a———u——m-——ffl

270 545 280 590 l
317 541 429 592 maxime
446 539 468 592 si
485 543 564 606 paeto
582 539 617 592 sti
635 537 717 592 idatio
735 535 842 592 subdita
859 539 900 592 sit.
935 537 987 590 Per
1009 537 1068 604 plu-

216 617 217 620 ’
266 607 333 658 rium
359 605 467 674 praedia
494 621 591 672 aquam
616 555 693 658 ineis
717 619 822 674 quoquo
845 605 922 658 modo
946 605 1070 670 imposita

267 673 405 726 servitute:
434 673 486 726 nisi
507 679 615 742 paetum
637 673 678 726 vel
701 671 836 740 stipulatio
860 673 939 724 etiam
962 673 995 724 de
1017 673 1069 724 hoe

266 741 410 794 subsecuta
433 745 486 804 cst,
509 755 594 808 neque
611 755 701 792 eorum
720 739 801 794 cuivis
819 755 903 808 neque
921 739 965 792 alii
982 739 1068 794 vicino

267 807 366 874 poteris
383 807 508 860 haustum
527 805 630 860 enrico
650 807 755 860 cedere:
780 815 859 876 pacto
878 807 947 860 enim
963 807 1005 860 vel
1022 807 1068 862 sti-

266 873 1068 1008 {itinerpraestettimidestitistis

266 1005 369 1060 fruetus
387 1009 512 1060 constitui
528 1013 625 1076 potest.

302 1069 341 1130 34
359 1073 541 1128 Pnrrrrnncs
561 1075 629 1128 libro
647 1079 757 1146 septimo
776 1077 959 1144 quaestionum
994 1075 1068 1130 linus

266 1157 299 1194 ex
322 1141 398 1198 sociis
420 1141 496 1194 iundi
520 1143 664 1196 communis
687 1141 861 1212 permittendo
885 1143 1008 1198 insessa
1030 1143 1069 1196 ire

266 1225 342 1276 agere
360 1209 424 1262 nibil
442 1209 507 1278 agit:
527 1213 553 1262 et
569 1209 627 1264 ideo
647 1213 668 1264 si
686 1213 736 1266 duo
755 1209 871 1278 praedia,
890 1225 958 1278 quae
975 1217 1067 1264 mutuo

266 1277 426 1340 serviebant,
449 1277 518 1330 inter
535 1277 639 1330 eosdem
656 1279 755 1332 fuerint
773 1279 978 1342 communicata,
1003 1295 1068 1344 quo-

266 1345 336 1396 niam
354 1345 492 1398 servitutes
509 1359 558 1412 pro
575 1351 651 1412 parte
674 1345 780 1398 retineri
801 1345 902 1410 placet,
926 1345 960 1398 ab
984 1345 1067 1398 altero

266 1411 378 1464 servitus
387 1411 462 1462 alteri
470 1411 567 1464 remitti
582 1429 636 1466 non
650 1417 750 1480 potest:
770 1411 888 1478 quamvis
903 1413 971 1464 enim
986 1429 1068 1466 unus-

266 1479 376 1546 quisque
395 1479 525 1532 sociorum
542 1479 614 1534 solus
632 1483 674 1544 sit,
693 1479 736 1532 cui
753 1479 864 1532 servitus
876 1479 1007 1544 debetur,
1025 1487 1067 1532 ta-

266 1561 325 1600 men
344 1545 466 1613 quoniam
490 1563 542 1600 uon
564 1561 708 1616 personae,
732 1545 779 1598 sed
801 1545 909 1614 praedia
933 1547 1067 1612 deberent,

266 1629 351 1682 neque
368 1613 470 1684 adquiri
486 1615 594 1668 libertas
609 1629 693 1684 neque
707 1613 804 1666 remitti
818 1615 929 1666 servitus
944 1631 992 1682 per
1006 1629 1067 1682 par-

269 1687 278 1734 1
316 1687 369 1734 tem
385 1683 489 1750 poterit.
526 1683 554 1736 Si
575 1681 636 1736 ions
659 1681 804 1744 exaruerit,
830 1697 861 1732 ex
885 1697 936 1748 quo
961 1681 1068 1736 ductum

266 1765 351 1816 aquae
368 1749 453 1804 habeo
470 1751 545 1818 isque
562 1755 624 1818 post
641 1747 813 1804 constitutum
830 1755 934 1816 tempus
953 1749 988 1802 ad
1006 1765 1068 1804 suas

265 1833 345 1872 renas
353 1819 466 1882 redierit,
482 1833 516 1870 an
525 1833 609 1886 aquae
618 1817 714 1870 ductus
723 1817 835 1870 amissus
845 1817 902 1880 erit,
917 1817 1067 1884 quaeritur:

302 1883 340 1942 35
361 1885 479 1940 Pennus
499 1885 565 1940 libro
589 1883 799 1954 quintodecimo
818 1883 1007 1936 edPieutr‘em
1043 1889 1068 1936 et

266 1953 405 2008 Atilicinus
423 1953 461 2006 ait
479 1951 617 2006 Caesarem
632 1951 734 2004 Statilio
750 1951 840 2004 Tauro
857 1951 1023 2020 rescripsisse
1040 1951 1085 2004 in'

265 2023 330 2074 haec
348 2021 441 2074 verba:
461 2021 511 2086 ιΗ1,
530 2021 575 2088 qui
593 2035 624 2072 ex
641 2019 724 2072 tundo
739 2019 846 2074 Sutrino
862 2035 957 2088 aquam
971 2019 1069 2074 ducere

266 2089 345 2142 ‘soliti
361 2093 430 2152 sunt,
446 2089 567 2142 adierunt
579 2101 621 2140 me
633 2093 882 2156 proposueruntque
896 2103 1000 2156 aquam,
1016 2103 1069 2156 qua

265 2161 321 2224 ‘per
338 2155 438 2224 aliquot
453 2171 536 2210 annos
550 2155 592 2208 usi
606 2161 669 2206 sunt
683 2171 716 2208 ex
729 2155 810 2220 fonte,
830 2155 875 2224 qui
890 2161 930 2208 est
943 2155 971 2208 in
984 2155 1067 2210 iundo

265 2223 388 2288 ‘Sutrium
408 2223 504 2278 ducere
521 2239 574 2276 non
592 2221 710 2290 potuisse
719 2225 735 2288 ¹,
754 2223 824 2290 quod
838 2221 897 2278 fons
913 2223 1068 2286 exaruisset,

266 2297 300 2346 ‘et
317 2299 411 2360 postea
433 2307 464 2344 ex
489 2307 519 2344 eo
542 2289 615 2344 fonte
638 2305 734 2358 aquam
757 2291 839 2346 fluere
863 2293 995 2358 coepisse:
1022 2305 1068 2358 pe·

265 2361 422 2428 ‘tieruntque
445 2375 462 2412 a
485 2373 538 2422 me,
563 2363 594 2410 ut
616 2359 687 2426 quod
711 2359 751 2412 ius
770 2375 823 2412 non
841 2359 1004 2426 neglegentia
1022 2363 1070 2410 aut

264 2427 352 2494 ‘culpa
369 2443 419 2480 sua
435 2425 591 2488 amiserant,
609 2425 655 2478 scd
673 2427 735 2494 quia
752 2425 849 2480 ducere
866 2443 919 2480 non
936 2431 1068 2494 poterant,

264 2495 313 2548 ‘his
330 2493 519 2548 restitueretur.
548 2509 658 2562 quorum
676 2493 739 2546 mihi
762 2493 905 2562 postulatio
931 2509 991 2546 cum
1014 2509 1068 2546 non

264 2563 363 2630 ‘iniqua
376 2563 432 2614 visa
446 2563 488 2628 sit,
503 2563 710 2614 succurrendum
725 2561 766 2614 his
776 2563 873 2630 putari.
893 2561 983 2628 itaque
998 2561 1069 2628 quod

265 2631 314 2682 ‘ius
331 2631 482 2682 habuerunt
499 2637 571 2694 tune,
591 2647 650 2682 cum
668 2629 780 2698 primum
798 2645 831 2682 ea
848 2645 916 2696 aqua
934 2629 1070 2696 pervenire

265 2697 307 2750 ‘ad
326 2713 370 2752 eos
387 2713 441 2752 non
458 2697 552 2764 potuit,
571 2697 599 2750 id
617 2697 654 2750 eis
671 2699 775 2752 restitui
792 2695 898 2766 placet!

299 2761 338 2820 36
356 2765 435 2818 Innrr
449 2765 518 2818 libro
535 2765 650 2818 recaredo
668 2779 858 2834 responsorem
894 2763 960 2816 Cum
976 2761 1068 2828 fundo,

264 2847 340 2900 quom
359 2847 390 2884 ex
409 2833 511 2884 duobus
535 2833 642 2884 retinuit
665 2833 798 2896 venditor,
825 2845 909 2900 aquae
933 2831 1070 2884 ducendae

264 2899 374 2952 servitus
391 2899 515 2968 imposita
533 2899 573 2962 sit,
593 2915 632 2952 eru
652 2907 679 2952 to
698 2899 806 2968 praedio
822 2899 943 2968 quaesita
958 2899 1068 2952 servitus

264 2965 420 3020 distractum
446 2967 531 3020 denuo
558 2981 621 3034 prae
640 2969 693 3020 ium
719 2967 849 3036 sequitur:
880 2983 928 3020 nec
953 2965 987 3020 ad
1013 2983 1067 3020 rem

263 3037 390 3102 pertinet,
415 3035 484 3104 quod
502 3035 650 3104 stipulatiO,
674 3051 726 3102 qua
743 3051 858 3104 poenam
875 3035 993 3104 promitti
1010 3035 1067 3104 pla-

264 3103 326 3166 cuit,
344 3103 379 3154 ad
395 3117 535 3172 personam
554 3103 690 3172 emptoris,
716 3103 738 3156 si
762 3103 786 3156 ei
808 3103 878 3156 iorte
894 3103 948 3156 irui
965 3119 1019 3156 non
1036 3103 1067 3154 li-

263 3169 371 3232 cuisset,
389 3171 472 3224 relata
491 3177 538 3222 est.

298 3235 336 3294 37
356 3237 433 3292 inem
449 3237 514 3292 libro
533 3239 609 3292 tertio
626 3253 816 3310 responsorum
852 3235 969 3292 Λούκιος
983 3243 1068 3292 Τίτιος

263 3307 339 3372 Γαΐῳ
357 3307 430 3372 Σεΐῳ
448 3309 487 3372 τῷ
507 3299 614 3376 ἀδελφῷ
632 3305 741 3358 πλεῖστα
764 3311 873 3370 χαίρειν.
902 3301 997 3358 {idaeos
1020 3309 1068 3358 τοῦ

263 3373 371 3452 (νέοντας
380 3375 415 3426 eie
422 3373 473 3440 τὴν
482 3371 581 3444 κρήνην
589 3373 638 3438 τὴν
653 3379 916 3428 κατασκευασθεῖσαν
930 3379 960 3424 ir
974 3375 1067 3442 ἰσθμῷ

263 3439 313 3490 υπὸ
330 3445 378 3490 τσῦ
395 3443 495 3510 πατρός
512 3459 563 3508 μου
581 3439 679 3508 δίδωμι
694 3445 738 3492 καὶ
752 3443 898 3508 χαρίζομαι(
911 3461 955 3492 coc
970 3439 1067 3492 dolarc-

263 3505 312 3558 λον
329 3507 364 3560 εἰς
380 3505 429 3574 τὴν
453 3509 541 3560 οἰκίαν
565 3529 612 3560 σου
635 3509 684 3574 τὴν
707 3513 735 3560 ἐν
758 3511 798 3574 τῷ
824 3511 930 3578 ἰσθμῷ,
959 3505 974 3574 ἢ
1000 3503 1068 3562 dcccv

264 3569 287 3626 δ’
299 3571 447 3646 ἂαβοὺλῃῖ.
489 3591 577 3640 uaero,
597 3591 630 3628 an
646 3593 678 3630 ex
690 3577 741 3630 hac
758 3577 891 3646 scriptura
905 3593 969 3630 usus
983 3591 1068 3646 aquae

264 3643 342 3696 etiam
360 3641 393 3696 ad
411 3593 520 3698 harcies
539 3643 598 3696 Gaii
612 3643 664 3698 Seii
681 3645 820 3712 pertineat.
848 3645 1065 3712 Paulusrespon·

264 3711 302 3764 dit
324 3727 401 3790 usum
425 3727 509 3780 aquae
532 3713 696 3778 personalem
720 3713 754 3766 ad
777 3713 899 3770 heredem
923 3713 975 3766 Seii
993 3713 1068 3782 quasi

263 3793 363 3832 usuarn
380 3781 522 3832 transmitti
540 3797 593 3832 non
611 3785 741 3848 oportere.

297 3841 336 3904 38
356 3847 433 3900 iarn
455 3847 522 3902 libro
540 3849 630 3916 primo
649 3847 813 3902 mundalium
848 3847 969 3900 Flumine
986 3847 1067 3902 inter-

263 3915 382 3970 veniente
407 3915 450 3970 via
476 3915 600 3970 constitui
624 3921 725 3984 potest,
757 3915 779 3970 si
803 3921 849 3968 aut
871 3917 939 3970 vado
962 3917 1069 3970 transiri

263 3989 351 4050 potest
369 3989 416 4038 aut
432 3989 538 4102 pontem
555 3985 665 4036 habeat:
692 3983 837 4046 diversum,
861 3985 884 4036 si
926 3985 1068 4038 ontonibus

263 4051 408 4104 traiciatur.
455 4067 502 4104 aec
521 4051 566 4116 ita,
584 4051 606 4104 si
619 4069 667 4120 per
681 4053 758 4104 utrius
774 4051 882 4120 praedia
916 4069 993 4106 umen
1009 4069 1068 4106 cur·

263 4127 318 4172 rat:
343 4119 459 4186 alioquin
476 4119 498 4172 si
514 4125 562 4172 tua
578 4119 687 4186 praedia
704 4119 767 4172 mihi
785 4119 870 4172 vicina
888 4121 955 4184 sint,
974 4119 1068 4174 deinde

263 4185 373 4252 flumen,
392 4187 485 4240 deinde
502 4187 564 4240 Titii
581 4187 702 4254 praedia,
728 4185 820 4240 deinde
838 4187 879 4240 via
896 4189 1016 4256 publica,
1040 4189 1067 4240 in

263 4271 341 4322 quarn
368 4255 417 4308 iter
442 4255 505 4308 mihi
529 4255 632 4324 adquiri
655 4255 727 4318 volo,
754 4253 922 4376 dispiciamus
947 4273 980 4310 ne
1003 4255 1068 4308 nihil

263 4329 333 4376 vetet
350 4339 366 4378 a
383 4329 410 4376 te
427 4323 489 4376 mihi
506 4323 573 4376 viam
593 4323 649 4376 dari
666 4339 748 4392 usque
767 4339 783 4376 a
818 4323 924 4388 flumen,
943 4323 1068 4378 deindea

263 4391 333 4446 Titio
357 4407 440 4460 usque
457 4393 492 4444 ad
508 4391 576 4444 mam
594 4391 735 4460 publicam.
763 4389 809 4444 sed
832 4391 980 4456 videamus,
1005 4407 1068 4444 num

264 4465 290 4512 et
307 4459 375 4512 situ
392 4475 481 4514 eorum
498 4459 665 4526 praediorum
683 4459 804 4512 dominus
828 4459 878 4522 sis,
903 4475 970 4526 quae
994 4465 1068 4512 trans

263 4527 360 4582 liumcn
377 4527 447 4582 intra
463 4527 531 4582 viaru
548 4525 681 4594 publicam
698 4527 759 4592 sint,
778 4527 847 4582 idem
863 4527 927 4580 iuris
946 4529 987 4592 sit,
1007 4529 1069 4594 quia

263 4597 305 4650 via
323 4595 499 4650 consummari
515 4597 583 4648 solet
599 4597 640 4648 vel
659 4595 764 4648 civitate
781 4603 858 4648 tenus
875 4595 915 4648 vel
932 4609 1016 4662 usque
1034 4593 1068 4648 ad

263 4665 331 4720 viam
348 4663 480 4732 publicam
497 4663 539 4718 vel
555 4679 639 4732 usque
656 4663 690 4716 ad
707 4663 813 4728 flumen,
831 4663 858 4714 in
875 4677 926 4730 quo
945 4663 1068 4730 pontoni-

263 4735 313 4786 bus
330 4731 475 4792 traiciatur,
498 4731 639 4800 veiosque
658 4731 692 4784 ad
710 4733 846 4798 proprium
863 4729 934 4782 aliud
953 4731 1068 4784 eiusdem

264 4801 362 4854 domini
375 4801 524 4868 praedium:
544 4799 614 4868 quod
629 4797 651 4852 si
666 4805 714 4862 est,
729 4815 783 4852 non
797 4799 901 4852 ridetur
913 4797 1069 4864 interrumpi

264 4867 383 4934 servitus,
399 4867 515 4936 quamvis
529 4865 597 4922 inter
612 4867 727 4920 eiusdem
742 4867 840 4920 domini
854 4867 1068 4936 praediaflumen

264 4937 399 5004 publicum
415 4935 568 4990 intercedat.

621 5073 705 5132 init

299 5171 479 5224 COMMUNIA
497 5173 718 5222 PRAEDIORUM
737 5173 805 5220 TAM
825 5169 1033 5220 URBANORUM

499 5239 594 5298 QUAM
611 5239 835 5290 RUSTICORUM.

303 5339 336 5394 1Δ
359 5337 503 5392 Uermnrrs
522 5341 591 5394 libro
614 5339 731 5394 secundo
753 5341 947 5392 institutionem
987 5337 1066 5390 Aedi-

265 5407 343 5462 ficiat
366 5407 468 5458 urbana
491 5407 594 5474 quidem
617 5407 726 5474 praedia
749 5405 927 5474 appellamus:
952 5411 1066 5458 ceterum

268 5575 297 5636 (1)
316 5575 392 5624 seins.
473 5573 504 5636 (2)
521 5571 739 5638 ,invisibiliorem
747 5575 856 5626 P.-Id
862 5587 911 5626 cst:
923 5575 1019 5624 Lucius
1027 5575 1070 5624 Ti·

266 5641 317 5688 tius
325 5639 387 5688 Gaio
395 5639 452 5688 Seio
458 5639 531 5688 fratri
537 5641 642 5690 salutem
648 5641 788 5704 plurimam.
806 5647 900 5708 Aquae,
908 5641 1035 5706 quuefluit
1041 5643 1068 5690 in

266 5707 348 5754 lacum
360 5721 375 5754 a
380 5711 511 5770 patremeo
518 5705 612 5754 facturn
619 5709 646 5756 in
654 5709 753 5770 isthmo,
763 5709 870 5774 digitum
885 5711 933 5758 tibi
947 5709 978 5758 do
990 5709 1068 5758 dono-

267 5785 315 5830 que
320 5773 347 5818 in
357 5773 456 5820 domum
463 5775 531 5822 tuam
538 5773 565 5820 ln
572 5773 663 5822 isthmo
670 5775 708 5824 vel
716 5791 864 5840 quocunque
870 5777 940 5828 velis.

1119 535 1167 588 etsi
1186 535 1211 586 in
1230 535 1290 588 villa
1308 535 1429 590 aedificia
1451 537 1517 600 sint,
1542 553 1625 604 aeque
1649 537 1787 590 servitutes
1811 537 1926 590 urbano·

1096 647 1097 650 ,
1121 607 1132 656 1
1169 619 1227 656 rum
1250 603 1418 670 praediorum
1442 605 1567 658 constitui
1590 609 1710 672 possunt.
1751 605 1814 658 Ideo
1839 609 1927 656 autem

1118 671 1168 724 bae
1187 671 1324 724 servitutes
1338 669 1510 750 praediorum
1529 673 1710 740 appellantur,
1730 673 1854 740 quoniam
1871 673 1927 724 sine

1118 739 1233 808 praediis
1260 739 1386 794 constitui
1410 755 1464 792 nou
1490 747 1614 808 possunt:
1641 757 1717 794 nemo
1745 739 1813 792 enirn
1840 745 1927 808 potest

1119 807 1287 860 servitutemi
1305 807 1442 874 adquirere
1458 809 1500 862 vel
1517 809 1612 862 urbam
1635 809 1676 862 vel
1700 807 1792 860 rustici
1816 807 1925 874 praedii,

1118 875 1168 926 nisi
1184 873 1231 940 qui
1248 875 1329 928 habet
1346 873 1490 942 praedium.

1153 937 1172 996 2
1190 941 1269 994 iren
1280 943 1349 996 libro
1364 941 1591 1010 septimodecimo
1607 941 1644 994 cd
1657 941 1772 994 edictum
1806 943 1927 1010 Deaqua

1119 1023 1166 1078 per
1183 1015 1268 1062 rotam
1285 1009 1401 1062 tollenda
1420 1023 1452 1060 ex
1469 1009 1577 1062 flumine
1593 1009 1633 1062 vel
1656 1009 1815 1072 haurienda,
1838 1011 1879 1062 vel
1906 1009 1927 1062 si

1120 1075 1178 1144 quis
1196 1077 1347 1130 servitutem
1367 1075 1475 1130 castello
1498 1077 1667 1144 imposuerit,
1691 1075 1796 1144 quidam
1821 1077 1926 1130 dubita-

1119 1149 1226 1208 verunt,
1250 1161 1284 1198 ne
1307 1147 1357 1198 hae
1374 1145 1512 1198 servitutes
1530 1159 1584 1198 non
1601 1149 1702 1198 essent:
1727 1143 1774 1198 sed
1797 1145 1926 1210 rescripto

1118 1213 1284 1280 imperatoris
1311 1211 1439 1264 Antonini
1463 1211 1497 1264 ad
1524 1211 1675 1266 Tullianum
1705 1211 1832 1276 adicitur,
1865 1213 1928 1264 licet

1119 1279 1231 1332 servitus
1249 1279 1306 1332 iure
1323 1297 1377 1332 nou
1394 1279 1483 1342 valuit,
1502 1279 1525 1332 si
1542 1285 1630 1330 tamen
1647 1279 1698 1332 bae
1715 1279 1771 1346 lege
1789 1293 1926 1346 eompara-

1119 1345 1156 1398 vit
1167 1361 1215 1398 seu
1227 1347 1278 1400 alio
1292 1361 1458 1414 quocumque
1472 1347 1585 1414 legitimo
1602 1345 1679 1400 modo
1695 1345 1744 1398 sibi
1757 1347 1809 1398 hoc
1823 1347 1864 1398 ius
1880 1345 1926 1398 ad-

1120 1413 1232 1480 quisivit,
1250 1413 1377 1468 tuendum
1395 1429 1454 1468 esse
1472 1429 1539 1478 eum,
1558 1413 1603 1480 qui
1620 1413 1671 1466 hoc
1688 1415 1729 1466 ius
1748 1413 1872 1480 possedit.

1133 1495 1134 1498 ’
1154 1477 1171 1536 3
1194 1479 1285 1534 crios
1297 1481 1827 1552 librcseptimoudedictumprocc'uciale
1853 1481 1926 1534 Duo-

1119 1563 1178 1600 rum
1195 1549 1363 1616 praediorum
1380 1549 1501 1604 dominus
1520 1549 1542 1604 si
1560 1549 1672 1602 alterum
1691 1563 1722 1602 ea
1741 1549 1798 1616 lege
1816 1549 1864 1600 tibi
1883 1549 1926 1600 de-

1120 1615 1201 1678 derit,
1228 1621 1259 1666 ut
1281 1615 1309 1666 id
1331 1615 1469 1682 praedium
1495 1617 1566 1684 quod
1589 1615 1667 1670 datur
1690 1615 1787 1670 serviat
1811 1615 1834 1668 ei
1857 1615 1928 1684 quod

1118 1683 1176 1802 {pse
1194 1681 1297 1744 retinet,
1316 1683 1358 1736 vel
1376 1689 1482 1748 contra,
1505 1687 1563 1738 iure
1580 1685 1704 1752 imposita
1722 1683 1833 1736 servitus
1850 1683 1926 1736 intel-

1130 1755 1221 1816 egrtur.
1298 1775 1301 1782 ν

1154 1815 1359 1872 diavolinus
1380 1815 1446 1870 libro
1466 1815 1566 1870 cicciano
1585 1833 1621 1870 erc
1641 1817 1731 1870 Cossio
1767 1817 1873 1882 Caveri,
1899 1823 1929 1870 ut

1120 1885 1154 1938 ad
1172 1891 1271 1938 certam
1289 1883 1454 1936 altitudinem
1472 1891 1670 1938 monumentum
1687 1883 1855 1948 aedificetur,
1874 1901 1927 1938 non

1119 1957 1215 2022 potest,
1234 1953 1296 2020 quia
1313 1951 1348 2014 id,
1367 1951 1437 2020 quod
1454 1951 1563 2002 humani
1581 1951 1644 2006 iuris
1664 1967 1720 2006 esse
1738 1951 1828 2018 desiit,
1848 1953 1926 2006 servi·

1119 2025 1203 2074 tutem
1220 2037 1274 2074 non
1291 2019 1397 2088 recipit:
1417 2019 1486 2072 sicut
1503 2035 1536 2072 ne
1554 2017 1604 2080 illa
1616 2019 1721 2088 quidem
1736 2021 1847 2074 servitus
1864 2037 1926 2074 con-

1120 2089 1212 2142 sistere
1229 2093 1331 2156 potest,
1355 2093 1386 2140 ut
1409 2093 1497 2140 certus
1521 2101 1646 2140 numerus
1670 2089 1805 2140 hominum
1822 2089 1856 2140 'in
1874 2105 1926 2140 uno

1119 2157 1178 2210 loco
1196 2157 1328 2208 humetur.

1154 2221 1171 2280 5
1191 2223 1272 2276 luen
1292 2223 1359 2278 libro
1377 2221 1494 2276 secando
1512 2221 1689 2292 epistularum
1723 2221 1861 2290 Proprium
1885 2239 1926 2278 so-

1118 2291 1172 2346 lum
1201 2291 1316 2346 vendo⁷:
1345 2305 1380 2344 an
1410 2291 1562 2344 servitutem
1593 2291 1673 2344 talem
1702 2289 1837 2356 iniungere
1865 2307 1926 2360 pos-

1120 2361 1176 2424 sim,
1195 2365 1225 2412 ut
1243 2359 1306 2412 mihi
1324 2365 1351 2412 et
1368 2359 1452 2412 vicino
1472 2359 1587 2410 serviat?
1614 2359 1732 2410 similiter
1750 2359 1772 2410 si
1790 2373 1927 2410 commune

1119 2427 1204 2480 solum
1221 2427 1319 2490 vendo,
1343 2431 1374 2480 ut
1391 2425 1454 2478 mihi
1472 2431 1499 2476 et
1516 2425 1589 2480 socio
1608 2425 1719 2490 serviat,
1743 2441 1779 2476 an
1802 2427 1928 2494 consequi

1119 2495 1237 2564 possim?
1262 2493 1400 2562 respondi:
1419 2493 1569 2548 servitutem
1586 2493 1704 2560 recipere
1720 2491 1770 2546 nisi
1785 2493 1835 2546 sibi
1850 2509 1925 2548 nemo

1118 2567 1220 2632 potest:
1236 2561 1348 2614 adiectio
1364 2563 1452 2630 itaque
1466 2563 1545 2614 vicini
1557 2579 1605 2630 pro
1621 2575 1784 2630 supervacuo
1801 2561 1924 2614 habenda

1121 2635 1173 2694 est,
1193 2629 1231 2682 ita
1247 2635 1278 2680 ut
1295 2635 1353 2682 tota
1371 2629 1482 2682 servitus
1500 2629 1534 2680 ad
1552 2645 1624 2694 eum,
1643 2629 1688 2698 qui
1705 2629 1849 2696 receperit,
1867 2645 1926 2698 per-

1119 2697 1210 2752 tineat.
1239 2697 1324 2752 solum
1342 2701 1431 2750 autem
1448 2713 1585 2758 commuue
1602 2697 1737 2752 vendendo
1762 2703 1793 2750 ut
1816 2697 1879 2750 mibi
1902 2703 1928 2750 et

1120 2765 1192 2818 socio
1211 2765 1322 2828 serviat,
1349 2765 1453 2818 efficere
1471 2781 1524 2818 non
1546 2781 1668 2832 possum,
1693 2765 1755 2834 quia
1778 2781 1928 2832 perunum

1119 2833 1220 2886 socium
1239 2833 1371 2886 communi
1388 2833 1445 2886 solo
1464 2833 1575 2886 servitus
1593 2833 1695 2902 adquiri
1713 2849 1767 2886 non
1784 2839 1881 2900 potest.

1154 2897 1172 2956 6
1196 2899 1341 2954 [liranus
1369 2899 1436 2956 libro
1460 2901 1600 2956 uicensimo
1624 2905 1716 2956 octavo
1740 2899 1777 2954 cd
1799 2899 1927 2956 Sabinum

1120 2969 1224 3036 Siquis
1243 2967 1308 3022 duas
1326 2969 1405 3022 aedes
1423 2969 1521 3022 babeat
1544 2975 1570 3022 et
1595 2969 1691 3022 alteras
1713 2969 1816 3034 medat,
1841 2975 1929 3036 potest

1118 3037 1202 3106 legem
1218 3037 1354 3090 traditioni
1373 3037 1474 3102 dicere,
1500 3043 1529 3090 ut
1552 3037 1592 3090 vel
1615 3037 1682 3090 istae
1706 3051 1773 3106 quae
1795 3053 1850 3090 non
1872 3043 1927 3088 tra·

1120 3105 1219 3158 duntur
1238 3121 1327 3158 serrae
1345 3105 1398 3158 sint
1415 3105 1455 3158 his
1475 3121 1542 3172 quae
1559 3103 1707 3170 traduntur,
1726 3105 1767 3158 vel
1787 3111 1881 3158 contra
1898 3111 1928 3156 ut

1118 3173 1235 3226 traditae
1258 3173 1366 3226 retentis
1394 3171 1503 3226 aedibus
1531 3173 1659 3226 serviant:
1685 3173 1812 3240 parvique
1839 3171 1927 3238 refert,

1119 3241 1221 3294 vicinae
1244 3241 1296 3294 sint
1319 3241 1412 3294 ambae
1435 3241 1514 3294 aedes
1538 3257 1573 3294 an
1591 3257 1652 3294 non.
1685 3241 1753 3294 idem
1779 3241 1828 3292 erit
1851 3249 1877 3294 et
1901 3241 1927 3292 in

1118 3307 1233 3376 praediis
1250 3309 1370 3364 rusticis:
1389 3325 1451 3362 nem
1469 3309 1535 3364 etsi
1553 3309 1611 3378 quis
1630 3307 1694 3362 duos
1709 3307 1804 3362 fundos
1820 3307 1927 3374 habeat,

1120 3377 1200 3430 alium
1216 3377 1260 3428 alii
1274 3383 1363 3442 potest
1379 3393 1482 3430 serrum
1496 3377 1729 3430 faceretradendo.
1757 3377 1823 3430 duas
1839 3383 1928 3430 autem

1119 3445 1198 3498 aedes
1216 3443 1293 3496 simul
1312 3445 1439 3498 tradendo
1458 3461 1512 3498 non
1525 3451 1613 3512 potest
1628 3445 1733 3498 efficere
1749 3445 1846 3496 alteras
1861 3445 1926 3498 alte-

1118 3511 1155 3566 ris
1173 3527 1271 3576 servas,
1290 3515 1352 3580 quia
1367 3527 1452 3580 neque
1466 3511 1606 3580 adquirere
1620 3513 1711 3566 alienis
1727 3511 1926 3566 aedibusservi-

1121 3585 1131 3632 1
1168 3585 1251 3632 tutem
1269 3595 1353 3648 neque
1371 3581 1506 3648 imponere
1523 3587 1618 3646 potest.
1647 3581 1675 3634 Si
1691 3581 1748 3648 quis
1763 3585 1866 3648 partem
1881 3595 1923 3634 ae·

1119 3649 1190 3700 dium
1207 3647 1295 3700 tradet
1312 3649 1351 3700 vel
1369 3655 1471 3716 partem
1489 3647 1578 3712 fundi,
1598 3663 1650 3700 non
1667 3655 1755 3716 potest
1774 3649 1925 3702 servitutem

1118 3715 1267 3784 imponere,
1292 3717 1355 3784 quia
1377 3733 1425 3784 per
1442 3723 1531 3784 partes
1550 3715 1662 3770 servitus
1679 3717 1714 3768 im
1734 3715 1778 3770 oni
1796 3733 1850 3770 non
1880 3733 1927 3784 po-

1115 3787 1177 3850 test,
1186 3783 1233 3838 sed
1250 3799 1299 3838 nee
1317 3783 1428 3852 adquiri.
1455 3785 1534 3852 plane
1552 3785 1575 3838 si
1599 3783 1686 3838 divisit
1708 3733 1818 3838 iimdum
1842 3787 1925 3852 regio·

1119 3853 1197 3904 uibus
1215 3851 1296 3904 etsie
1314 3859 1417 3920 partem
1434 3853 1543 3906 tradidit
1559 3867 1608 3920 pro
1627 3853 1724 3916 diviso,
1742 3859 1830 3920 potest
1848 3853 1926 3904 alter-

1119 3919 1171 3972 utri
1189 3919 1339 3972 servitutem
1357 3919 1505 3988 imponere,
1548 3919 1592 3972 uia
1615 3937 1669 3972 non
1694 3925 1734 3974 est
1757 3937 1819 3988 pars
1843 3919 1926 3984 fundi,

1119 3987 1165 4040 sed
1182 3985 1287 4040 fundus.
1316 3987 1386 4054 quod
1405 3989 1475 4040 etin
1493 4003 1524 4040 ae
1545 3987 1602 4042 'bus
1620 3993 1709 4054 potest
1727 3987 1785 4052 dici,
1804 3989 1826 4042 si
1844 3987 1925 4042 domi-

1119 4071 1167 4108 uus
1186 4055 1286 4122 pariete
1304 4055 1389 4108 medio
1414 4055 1552 4108 aedificato
1577 4071 1657 4108 unam
1681 4057 1787 4110 domum
1808 4057 1837 4108 in
1859 4057 1926 4110 duas

1119 4123 1242 4186 diviserit,
1261 4129 1290 4174 ut
1307 4123 1425 4190 plerique
1442 4123 1557 4176 iaciunt:
1577 4139 1638 4174 narn
1657 4129 1682 4176 ct
1697 4123 1740 4176 iric
1757 4139 1804 4190 pru
1823 4123 1926 4178 duabus

1120 4195 1134 4242 2
1169 4189 1290 4244 domibus
1306 4191 1391 4258 accipi
1407 4189 1493 4242 debet.
1529 4191 1594 4242 Item
1613 4191 1634 4242 si
1650 4189 1701 4242 duo
1717 4191 1835 4244 homines
1850 4191 1926 4244 binas

1119 4257 1197 4312 aedes
1217 4273 1368 4312 communes
1382 4259 1536 4322 habeamus,
1551 4257 1628 4310 simul
1642 4257 1770 4312 tradendo
1785 4257 1854 4312 idem
1868 4257 1925 4312 effi-

1120 4341 1178 4380 cere
1196 4341 1349 4394 possumus,
1369 4341 1400 4378 ac
1418 4327 1440 4378 si
1458 4339 1506 4394 ego
1525 4325 1597 4378 solus
1614 4327 1736 4394 proprias
1753 4327 1830 4378 binas
1848 4325 1925 4378 aedes

1118 4395 1251 4450 haberem.
1280 4393 1325 4446 sed
1344 4401 1371 4446 et
1384 4393 1406 4446 si
1421 4393 1563 4460 separatim
1577 4393 1769 4458 tradiderimus,
1787 4393 1856 4446 idem
1871 4393 1924 4458 fiet,

1119 4463 1157 4516 sic
1180 4469 1283 4524 tamen,
1307 4467 1338 4512 ut
1355 4459 1497 4514 novissima
1512 4461 1618 4514 traditio
1637 4459 1734 4514 efficiat
1752 4461 1830 4514 etiam
1847 4475 1923 4528 prae·

1120 4533 1134 4582 3
1170 4529 1305 4582 cedentem
1323 4527 1491 4582 traditionem
1509 4527 1653 4582 efficacem.
1681 4527 1708 4580 Si
1723 4535 1812 4582 tamen
1827 4529 1926 4590 almrae

1119 4597 1197 4650 unius
1214 4597 1338 4664 propriae
1355 4597 1407 4648 sint
1425 4597 1512 4660 aedes,
1532 4597 1631 4648 alterae
1649 4611 1806 4658 communes,
1825 4597 1924 4648 neutris

1120 4665 1272 4718 servitutem
1289 4665 1329 4718 vel
1343 4665 1482 4732 adquirere
1495 4663 1536 4716 vel
1550 4663 1683 4732 imponere
1698 4679 1740 4716 me
1754 4677 1833 4732 posse
1845 4663 1924 4718 Pom·

1120 4735 1152 4786 3c
1188 4731 1284 4798 penius
1307 4731 1375 4784 libro
1398 4737 1492 4784 octavo
1517 4747 1550 4784 ex
1574 4729 1671 4784 Sabinu
1696 4731 1808 4798 scripsit.
1845 4731 1872 4784 Si
1898 4731 1925 4782 in

1119 4799 1269 4852 venditione
1286 4799 1343 4866 quis
1362 4799 1456 4852 dixerit
1474 4813 1563 4852 servas
1580 4797 1637 4852 iore
1655 4797 1733 4850 aedes
1750 4813 1817 4864 quas
1835 4799 1923 4850 vendi-

1120 4867 1165 4930 dit,
1182 4881 1290 4920 necessc
1306 4883 1359 4920 non
1374 4867 1455 4918 habet
1469 4867 1565 4918 liberas
1579 4867 1698 4918 tradere:
1718 4879 1799 4932 quare
1814 4865 1855 4918 vel
1870 4867 1924 4918 suis

1119 4935 1228 4990 aedibus
1247 4949 1293 4988 eas
1311 4949 1399 4988 servas
1417 4933 1506 4988 iacere
1523 4939 1611 5002 potest
1625 4933 1665 4986 vel
1679 4933 1764 4986 vicino
1781 4933 1925 4986 concedere

1118 5003 1283 5066 servitutem,
1310 5001 1409 5054 scilicet
1432 5007 1493 5056 ante
1516 5001 1692 5054 traditionem.
1718 5001 1836 5068 planesi
1855 5001 1923 5054 Titio

1118 5083 1209 5122 servas
1227 5069 1285 5122 iore
1304 5067 1376 5132 dixit,
1395 5069 1417 5122 si
1436 5069 1539 5136 quidem
1558 5067 1627 5120 Titio
1646 5067 1797 5120 servitutem
1815 5083 1923 5122 conces-

1118 5135 1190 5200 serit,
1207 5135 1357 5188 absolutum
1373 5141 1425 5188 est:
1444 5135 1536 5188 sivero
1546 5135 1590 5188 alii
1605 5133 1773 5200 concesserit,
1790 5139 1923 5202 exempto

1117 5203 1258 5258 tenebitur.
1283 5217 1300 5256 a
1318 5219 1369 5272 quo
1387 5219 1441 5256 non
1458 5203 1591 5268 abhorret,
1610 5203 1680 5272 quod
1696 5201 1839 5256 Marcellus
1856 5203 1923 5254 libro

1118 5275 1194 5326 sexto
1213 5269 1372 5338 digestorum
1390 5269 1494 5336 scribit,
1518 5271 1541 5324 si
1564 5271 1621 5340 quis
1639 5271 1666 5324 in
1683 5269 1811 5324 tradendo
1830 5269 1925 5324 dixerit

1117 5337 1228 5392 fundum
1247 5337 1317 5392 Titio
1335 5339 1440 5402 servire,
1459 5355 1518 5392 cum
1537 5341 1632 5394 elnon
1649 5339 1771 5404 serviret,
1790 5345 1860 5392 esset
1877 5353 1923 5392 au-

1117 5413 1170 5458 tem
1189 5407 1320 5474 obligatus
1338 5405 1458 5458 venditor
1476 5407 1546 5460 'litio
1565 5407 1600 5462 ad
1617 5407 1767 5462 servitutem
1785 5411 1923 5476 praestan-

1157 5577 1188 5638 (ο)
1207 5575 1329 5636 Edam:
1342 5575 1514 5634 Sab.r.o...1e;
1528 5575 1591 5640 Pap.
1601 5587 1632 5626 rr.
1641 5587 1714 5630 ra—
1728 5577 1859 5640 Baetim

1121 5645 1153 5704 (4)
1175 5643 1391 5710 11εα1αο1.2,3,3
1444 5645 1476 5708 (t)
1495 5643 1681 5708 inoppidisins.
1731 5647 1763 5710 (6)
1782 5647 1929 5698 servitemF

1121 5711 1152 5774 (r)
1171 5711 1347 5760 vendendoF²
