4366 6258
261 379 300 426 ΕΤ
317 373 583 424 muurcourflssrs

1028 447 1029 450 Ὺ
1051 349 1115 424 nse

1727 349 1906 416 XXXllll

929 453 1232 466 ——uu—-ffl--ss--w—-n

294 541 329 598 15
354 541 461 596 thanus
475 541 543 596 libro
559 541 672 612 septimo
686 539 951 610 fideicommissorum
981 543 1057 596 lavo·

260 615 330 670 lenus
347 625 414 674 euru,
431 607 477 676 qui
493 613 603 678 rogatus
618 613 681 676 post
697 607 795 668 ,decem
818 625 901 664 annos
919 611 1071 666 restituere,

260 679 391 754 pecuniam
409 681 471 730 aute
487 675 555 730 dem
572 677 734 742 restituerat,
751 679 895 746 respondit,
914 679 1058 748 siprupter

261 747 381 816 capientis
397 759 552 814 personam,
578 745 651 814 quod
666 757 722 798 rem
744 743 900 800 familiarem
918 745 987 800 tueri
1004 761 1057 800 nun

260 817 351 888 posset,
369 815 397 866 iu
413 811 483 866 diem
499 811 730 876 fideicommissum
746 813 867 868 relictum
885 811 1014 880 probetur
1030 817 1057 866 et

261 879 486 1008 aedituus
504 881 585 1000 tete
599 885 674 1018 ,tet
689 881 961 1016 ,irretietur
976 879 1058 1002 tte

260 1021 422 1092 prorogatum
440 1021 517 1080 esset,
536 1019 567 1068 ut
584 1015 748 1070 commodum
765 1015 844 1070 medii
860 1015 986 1084 temporis
1000 1015 1057 1084 ipse

261 1087 369 1148 sentiret,
393 1083 535 1136 liberatum
552 1099 612 1138 eum
629 1083 757 1152 intellegi:
784 1099 845 1136 nam
869 1089 896 1136 et
918 1081 978 1150 plus
998 1099 1057 1136 eum

260 1153 416 1228 praestitisse
433 1165 512 1220 quam
530 1151 673 1206 debuisset.

292 1217 327 1276 lb
345 1219 544 1284 Praevalidae
562 1221 640 1272 tertio
658 1219 695 1272 ad
711 1217 852 1272 Neratium
887 1217 984 1272 Servus
996 1223 1058 1294 post

260 1291 344 1346 decem
361 1301 444 1338 annos
461 1285 529 1338 liber
546 1299 605 1338 esse
621 1285 710 1340 iussus
728 1291 769 1340 ost
791 1285 959 1354 legatumque
983 1299 1008 1338 er
1025 1299 1057 1336 ex

260 1357 298 1412 die
320 1353 410 1406 mortis
436 1353 536 1406 domiui
558 1353 586 1404 in
611 1367 695 1408 annos
718 1353 834 1420 singulos
863 1351 984 1408 relictum
1008 1357 1056 1404 est.

260 1437 342 1480 eorum
360 1419 463 1488 quidem
481 1435 618 1484 annorum,
638 1419 732 1488 quibus
749 1421 803 1474 iam
819 1421 886 1474 liber
903 1419 960 1484 erit,
985 1419 1056 1486 lega·

260 1501 309 1546 tum
326 1487 476 1542 debebitur:
493 1489 598 1542 interim
615 1493 705 1542 autem
715 1489 792 1542 heres
808 1489 968 1542 eialimenta
980 1501 1056 1556 prae·

260 1565 324 1614 sture
341 1557 515 1626 compellitur.
983 1611 985 1616 .

291 1621 325 1682 17
343 1623 441 1678 Laeuo
457 1625 524 1678 libro
546 1625 663 1680 secando
676 1625 858 1692 posteriorum
876 1625 911 1678 a1
929 1623 1056 1678 Iauoleno

260 1693 453 1766 epitomatorem
482 1693 612 1762 Legatum
629 1693 668 1744 ita
678 1697 729 1746 est:
749 1693 855 1754 ‘Attiaa
868 1693 953 1746 donec
964 1693 1057 1756 nubat,

260 1761 447 1830 ‘quinquaginta
464 1759 574 1814 annea
598 1765 654 1816 esto
678 1759 756 1814 heres
778 1775 853 1814 meus
877 1759 949 1814 dare’
973 1773 1059 1828 neque

260 1829 413 1894 adscuptunn
430 1833 471 1882 est
488 1829 525 1882 ‘in
541 1843 626 1882 annos
644 1827 778 1896 singulos'.
810 1827 901 1882 Labeo
915 1827 1057 1882 Trebatius

259 1909 375 1966 praesens
391 1895 507 1962 legatum
525 1895 615 1950 deberi
632 1897 741 1964 putat2,
765 1895 813 1948 sed
829 1897 927 1950 rectius
952 1895 1056 1948 dicetur

261 1971 269 2014 1
302 1961 329 2014 id
344 1963 458 2030 legatum
476 1963 504 2016 in
527 1979 610 2018 annos
635 1963 752 2032 singrdos
776 1963 875 2018 deberi.
917 1963 987 2016 ‘Vini
1004 1963 1057 2016 Fa-

260 2029 334 2094 lerni,
352 2031 423 2098 quod
440 2031 512 2086 domi
522 2035 684 2094 nasceretur,
703 2031 844 2100 quotannis
860 2031 889 2084 in
906 2047 990 2086 annos
1003 2033 1056 2086 sin-

260 2097 334 2164 ‘gulcs
350 2097 427 2152 binos
452 2099 541 2152 culeos
555 2099 641 2178 'heres'
662 2113 741 2176 ‘meus
758 2099 831 2152 Attio
856 2097 936 2152 dato'.
958 2101 1057 2176 ,etiam

259 2179 348 2352 listi
365 2167 1057 2288 1131111911ιῶἶᾚιῗιῖιὲῖὲἓῖιᾱιέἳῖ

290 2317 342 2352 ssr.

258 2317 324 2424 po18
342 2367 492 2422 Scaurum
506 2367 573 2422 tetro
605 2369 842 2426 emendacionem·
860 2373 975 2422 cetorum
1006 2367 1056 2422 [lu-

258 2435 341 2488 dicdlis
358 2441 516 2488 testamento
535 2453 586 2490 con
620 2437 698 2490 matis
715 2437 828 2488 fundum
839 2385 946 2490 libertis
958 2435 1058 2504 legavit

257 2517 360 2572 eumque
382 2503 492 2556 alienari
515 2503 610 2570 vetuit,
640 2503 688 2556 sed
709 2505 843 2572 pertinere
865 2503 947 2558 voluit
971 2509 999 2558 et
1021 2503 1055 2556 ad

257 2569 317 2624 ilios
333 2569 487 2624 libertorum
504 2570 545 2624 vel
563 2587 596 2626 er
612 2571 654 2624 his
671 2577 763 2626 name:
783 2571 877 2626 dende
893 2573 960 2626 haec
976 2571 1057 2626 umba

257 2637 357 2692 adiecit:
387 2641 414 2692 ‘a
436 2639 532 2706 quibus
557 2641 691 2708 praestari
718 2639 777 2692 volo
800 2639 893 2694 heredi
914 2655 948 2692 ex
970 2639 1056 2692 reditu

258 2705 314 2758 ‘eius
331 2705 406 2758 fundi
424 2707 515 2758 decem
532 2721 580 2774 per
597 2721 681 2760 anuos
695 2707 813 2774 singulos
824 2723 908 2774 usque
926 2707 961 2760 ad
971 2723 1056 2762 annos

258 2773 364 2842 ‘triginta
381 2773 445 2840 quin
464 2787 498 2826 ue
515 2789 532 2826 a
549 2773 591 2826 die
608 2773 700 2828 mortis
716 2775 810 2828 meae&
845 2775 994 2842 quaesitum
1007 2779 1055 2836 est,

258 2857 309 2892 cum
325 2839 402 2894 heres
420 2855 436 2892 a
477 2839 524 2894 itio
542 2839 680 2894 institutus
701 2841 773 2894 iutra
798 2841 962 2908 trigesimum
979 2841 1055 2910 quin-

257 2913 307 2960 tum
329 2923 427 2960 aunum
450 2909 546 2962 aetatis
569 2907 725 2974 decesserit,
753 2923 788 2962 an
809 2909 908 2962 residui
930 2911 1055 2978 temporis

257 2975 477 3028 fideicommissum
494 2989 528 3028 ex
544 2975 631 3030 uerbis
650 2991 732 3044 supra
749 2977 855 3044 scriptis
873 2977 978 3030 heredis
990 2993 1054 3044 quo-

257 3045 300 3160 que
315 3043 559 3162 belrlqdpficgeitreaputrd
595 3043 733 3164 resffidit
749 3043 849 3164 giebani,
868 3045 920 3122 nisi
932 3042 1055 3122 ostenda-

266 3125 325 3162 ura
350 3125 393 3162 re
473 3125 531 3162 esa
560 3125 615 3162 rem
703 3125 748 3164 ere
776 3127 788 3164 s
840 3125 1055 3178 gesumumquru·

259 3181 267 3228 l
299 3181 353 3230 mm
370 3193 470 3230 annum
486 3193 530 3230 res
550 3177 643 3232 exisse.
680 3177 771 3232 Sticho
795 3177 900 3230 alumno
926 3193 973 3230 suo
993 3193 1054 3232 cen·

256 3251 304 3298 tum
321 3249 347 3298 et
363 3249 513 3298 menstruos
527 3193 617 3298 decenn
630 3249 657 3298 et
668 3261 772 3298 annuos
785 3249 891 3298 centum
905 3245 963 3298 dari
973 3247 1056 3298 voluit

257 3317 279 3364 et
293 3311 480 3380 Semproniam,
499 3327 579 3380 quam
595 3313 719 3366 heredem
737 3327 769 3366 ex
787 3313 883 3364 triente
894 3313 1054 3376 instituerat,

256 3379 348 3448 rogauit
364 3381 393 3432 in
409 3381 477 3432 haec
494 3381 589 3432 verba:
609 3379 679 3432 ‘fidei
696 3387 759 3434 tuae
777 3379 920 3442 committo,
931 3379 1054 3448 Sempro-

256 3449 302 3500 ‘nia
317 3463 401 3512 soror,
419 3447 459 3500 uti
476 3447 570 3514 legata,
587 3461 588 3464 ’
608 3463 659 3502 uae
676 3447 789 3502 damnis
807 3447 872 3502 meis
889 3447 1004 3514 reliqui³,
1022 3463 1055 3500 ex

256 3515 340 3568 ‘medio
356 3515 471 3582 recipias
489 3521 517 3568 et
534 3463 607 3584 apud
616 3515 765 3592 tehabeas,
784 3513 873 3584 quoad
887 3529 971 3580 usque
983 3529 1054 3592 com-

256 3583 392 3636 ‘mendatos
409 3583 528 3638 habeas'.
563 3587 714 3650 quaesitum
730 3587 784 3646 est,
812 3597 873 3636 curn
890 3581 1055 3648 Semproma,

256 3649 323 3704 cuius
339 3649 402 3704 fidei
419 3651 587 3704 commissum
605 3649 648 3714 sit,
672 3649 840 3704 abstinuerat
862 3663 891 3702 se
908 3649 1056 3702 hereditate

255 3723 387 3786 mtequam
410 3717 557 3772 secundum
579 3715 742 3770 uoluntatem
765 3715 886 3770 defuncti
907 3715 1057 3784 perciperet

255 3785 384 3852 pecuniam
402 3783 516 3838 alumnis
528 3783 657 3848 relictam,
677 3799 711 3838 au
723 3783 815 3838 Sticho
834 3783 867 3838 de
878 3781 972 3850 legatis
985 3785 1055 3838 actio

256 3853 325 3906 etiam
357 3859 419 3906 aute
450 3851 603 3906 decumum
635 3853 755 3920 quintum
787 3865 887 3904 annuum
913 3855 1055 3918 competet.

255 3937 291 3976 res
308 3919 381 3974 ondit
399 3925 557 3988 competere.

285 3937 318 4046 de
336 3987 416 4042 lurae
429 3989 498 4044 libro
521 3987 633 4058 septimo
657 3987 759 4042 decimo
783 3985 814 4040 aa
832 3991 950 4040 cetorum
984 3985 1056 4040 Titia

254 4055 341 4110 herede
359 4057 419 4110 Seia
435 4057 489 4110 scri
509 4061 537 4108 ta
560 4069 638 4108 usum
661 4055 779 4108 buctum
814 4053 879 4108 uudi
894 4053 984 4108 Maeui
1017 4053 1055 4106 le-

254 4123 316 4190 garit
337 4123 447 4192 eiusque
468 4071 531 4176 fidei
555 4123 687 4174 commisit
707 4121 737 4174 iu
757 4123 826 4176 haec
848 4123 944 4174 rerba:
1019 4125 1055 4186 te,

254 4191 348 4256 ‘blaesi
365 4207 399 4246 ex
410 4191 497 4244 reditu
509 4189 586 4244 tioudi
598 4189 750 4258 Speratiani
759 4189 893 4258 praestari
903 4187 963 4244 uolo
975 4189 1055 4246 Arno

255 4259 390 4328 ‘Pamphilo
409 4263 436 4312 et
452 4259 531 4312 Arrio
550 4257 642 4312 Sticho
660 4257 711 4312 err⁴
734 4255 776 4312 die
799 4259 891 4312 mortis
915 4271 990 4310 meae
1008 4271 1055 4308 an·

254 4329 321 4382 ‘nuos
338 4331 474 4382 sescentos
492 4327 642 4396 quotannis,
662 4325 750 4404 quoad
764 4325 870 4380 nueut'.
905 4325 1056 4394 quaesitum

254 4399 296 4458 est,
320 4411 379 4448 cunr
395 4393 769 4448 manumitterentur
810 4393 969 4458 raestiterit,
1013 4397 1056 4446 ost

255 4467 354 4538 nomem
366 4467 460 4540 'autem
479 4461 538 4540 eius
552 4459 652 4540 tundm
671 4461 706 4516 ad
722 4411 855 4540 heredem¹
865 4461 953 4516 Titiae
975 4411 1054 4540 plepo

254 4543 303 4582 nure
317 4529 432 4594 redrerrt,
452 4545 487 4582 an
505 4529 630 4582 ahmenta
648 4543 681 4582 ex
698 4529 901 4582 fideicommmso
915 4529 1055 4596 Pamphilo

253 4603 276 4648 et
291 4597 376 4652 Sticho
392 4597 547 4656 debeantur.
582 4597 710 4664 respondi
721 4597 786 4650 nihil
801 4597 924 4666 proponi,
943 4613 992 4652 cur
1010 4597 1055 4650 de·

254 4663 325 4718 beant
347 4665 478 4734 praestari
500 4665 535 4718 ab
557 4663 702 4720 heredibus
720 4663 830 4730 litiae,
848 4681 908 4720 cum
932 4667 966 4720 ab
989 4681 1055 4718 usu-

253 4729 390 4786 fructuario
407 4733 532 4788 alimenta
548 4731 644 4786 relicta
666 4737 738 4786 sunt.
772 4731 842 4786 idem
866 4735 993 4800 quaesiit,
1019 4747 1055 4786 an

254 4799 282 4852 ab
297 4799 436 4854 heredibus
454 4801 552 4854 Maeuii
569 4801 690 4868 legatarii
714 4801 877 4880 praestanda
900 4801 962 4854 sint.
998 4815 1054 4854 res-

253 4867 336 4932 poudit
352 4867 435 4922 nihilt
452 4868 486 4923 ab
504 4867 601 4922 herede
614 4867 743 4936 legatarii,
762 4869 814 4922 nisi
824 4873 981 4922 testatorem
998 4883 1055 4922 ura·

252 4933 338 4990 adeste
353 4937 483 5004 probetur
499 4937 614 4991 uoluisse
626 4937 706 4990 etiam
716 4933 792 4990 finito
804 4935 959 4990 usufructu
975 4951 1055 5004 prae-

252 5003 316 5068 stari,
334 5003 451 5058 simodo
469 5005 505 5068 id,
524 5005 596 5074 quod
614 5021 647 5060 ex
663 5021 715 5060 usu
727 5001 817 5058 huctu
827 5009 965 5072 receptum
976 5011 1055 5070 esset,

254 5071 263 5118 1
296 5071 378 5126 eirei
400 5071 537 5140 parandae
566 5071 711 5128 sufficeret.
758 5071 810 5140 Qui
831 5071 925 5128 Marco
954 5071 1056 5128 homini

252 5133 322 5190 docto
341 5145 414 5192 certa
431 5155 522 5194 annua
537 5143 702 5210 praestabat,
719 5144 877 5194 testamento
896 5139 980 5194 cavit:
999 5141 1055 5194 ‘do-

251 5203 323 5256 ‘nina
340 5207 515 5272 sanctissima,
529 5209 585 5262 scio
601 5215 630 5264 te
647 5209 681 5264 de
700 5209 791 5262 amicis
809 5209 873 5260 meis
893 5213 1055 5276 curaturam,

252 5271 364 5350 ‘nequid
380 5275 422 5328 his
440 5275 523 5330 desit:
541 5279 651 5330 reanum⁶
668 5281 759 5332 tamen
775 5281 804 5332 et
819 5275 913 5332 Marco
932 5275 990 5330 dari
1007 5293 1054 5332 oo-

251 5341 391 5408 tungenta’:
415 5345 565 5412 quaesitum
583 5351 636 5410 est,
661 5361 697 5400 au
713 5347 824 5400 Marcus
845 5343 981 5414 praestitis
1004 5347 1056 5404 sibi

251 5419 279 5458 er
300 5423 381 5464 causa
402 5411 483 5480 legati
500 5413 659 5482 octingentis
685 5429 775 5468 annua
798 5429 902 5484 quoque
927 5417 1055 5484 consequi

251 5473 347 5530 debut.
380 5479 519 5548 respondit
534 5479 600 5534 nihil
617 5483 747 5550 proponi,
770 5497 819 5536 cur
835 5497 890 5536 uon
908 5483 1055 5538 secuudum

251 5653 276 5711 tl
293 5653 396 5704 aode
440 5655 473 5718 (n)
491 5655 645 5722 putantednl.
705 5657 736 5718 (e)
755 5627 903 5722 relinquiF
948 5655 981 5720 (4)
999 5659 1062 5710 etr

251 5719 279 5782 (5)
296 5737 396 5774 uecacr.
464 5725 498 5784 tel
517 5725 612 5784 verum]
622 5721 697 5770 velim
707 5741 753 5774 scr.
824 5725 857 5784 (i)
875 5723 1053 5776 testatrixLu-

251 5795 285 5844 eio
293 5793 358 5844 Titio
368 5813 414 5844 scr.
482 5793 527 5856 (7³)
540 5797 569 5850 §1
579 5815 612 5834 =
621 5791 663 5852 35,
674 5799 757 5854 ²22⁵2¹
828 5789 861 5852 (8)
874 5787 1052 5852 quinquagesi-

1108 553 1147 604 ea,
1171 553 1240 608 quae
1261 541 1290 592 in
1312 541 1504 596 consultatione
1521 539 1619 594 collata
1635 537 1736 600 emeat,
1753 533 1908 588 debeantur.

1109 613 1122 658 2
1159 607 1250 660 ‘Lucio
1267 605 1336 660 uiuo
1355 607 1414 660 auri
1428 609 1517 676 pondo
1539 607 1605 674 tria,
1630 601 1773 676 quaeriue
1789 607 1908 672 praesta·

1109 673 1195 728 ‘barn'.
1235 687 1346 742 quaere,
1375 689 1435 728 cum
1457 675 1580 730 testatrix
1608 669 1782 748 quadraginta
1811 667 1908 736 bitini,

1108 739 1196 810 quoad
1218 741 1331 807 viveret,
1358 741 1448 796 seland
1474 743 1579 798 nomme
1604 749 1704 800 certam
1729 755 1857 796 suunmam
1883 745 1909 794 et

1109 809 1221 876 amplius
1238 809 1367 864 festorum
1385 807 1485 862 dierum
1499 811 1607 868 nomine
1621 817 1726 868 certem
1742 807 1847 880 pcudm
1865 823 1907 862 ar-

1107 877 1179 946 genti
1196 883 1243 930 aut
1259 893 1306 944 pro
1325 893 1356 930 eo
1373 877 1487 944 pretium
1507 879 1685 956 praestiterit,
1708 895 1743 934 au
1768 875 1859 934 eadem
1874 891 1909 930 ‘ex

1109 959 1189 1000 causa
1205 943 1285 1012 legati
1301 945 1341 998 vel
1358 943 1552 998 fideicommissi
1565 945 1599 1000 ab
1610 945 1752 1002 heredibus
1770 949 1826 1002 aus
1838 945 1908 1000 Titio

1107 1013 1239 1134 ptrpegtari
1256 1011 1377 1132 debeapt.
1410 1011 1546 1080 respondit
1556 1011 1623 1064 nihil
1634 1015 1754 1082 proponi,
1770 1027 1908 1084 carptae-

1108 1099 1121 1136 s
1150 1099 1169 1134 u
1187 1095 1203 1132 a
1220 1095 1274 1134 non
1290 1095 1361 1134 sun.

1142 1145 1181 1206 20
1199 1147 1280 1202 lanu
1292 1147 1360 1204 libro
1377 1153 1470 1204 octono
1493 1147 1593 1204 moieno
1616 1145 1779 1216 clipeatorum
1811 1153 1910 1206 mua

1107 1217 1148 1272 his
1165 1215 1252 1270 rubis
1274 1215 1383 1284 legeuit:
1408 1215 1440 1270 ‘si
1462 1219 1629 1270 morarentur
1649 1229 1710 1268 cum
1734 1223 1820 1274 matre
1842 1227 1910 1274 mea.

1109 1291 1196 1356 ‘quam
1213 1283 1336 1336 heredem
1353 1299 1386 1336 er
1401 1287 1479 1362 parte
1493 1281 1619 1336 iustitui':
1640 1283 1791 1348 quaesitum
1808 1291 1857 1354 est,
1874 1303 1909 1340 an

1108 1357 1212 1408 momua
1229 1357 1313 1404 matre
1331 1351 1450 1406 conducio
1464 1351 1587 1420 adposita
1603 1347 1731 1402 deiecisse
1746 1351 1868 1408 udatur
1877 1369 1909 1408 ac

1108 1435 1155 1490 per
1172 1421 1224 1474 hoc
1241 1435 1326 1486 neque
1343 1417 1443 1474 cibaria
1459 1435 1545 1486 neque
1562 1417 1684 1472 uesdaria
1700 1417 1741 1472 bis
1754 1417 1907 1474 debeantur.

1107 1487 1478 1612 'restituebat
1491 1487 1910 1624 rueretrueret

1109 1627 1181 1678 ‘mihi
1196 1627 1272 1678 heres
1291 1625 1347 1690 erit,
1365 1623 1427 1678 fidei
1445 1623 1500 1678 eins
1517 1621 1666 1690 *committa
1689 1623 1728 1676 uti
1745 1623 1797 1676 ¹det
1817 1633 1852 1676 ex
1868 1641 1909 1680 re-

1109 1693 1175 1746 ‘ditu
1193 1693 1311 1748 cenaculi
1327 1693 1378 1744 mei
1396 1697 1422 1744 et
1438 1691 1528 1744 horrei
1543 1697 1605 1760 post
1622 1691 1723 1746 obitum
1740 1691 1873 1744 sacerdoti
1884 1699 1911 1746 et

1109 1761 1303 1830 ‘hieropbplaco
1323 1765 1350 1812 et
1363 1759 1473 1824 libertis,
1491 1759 1537 1828 qui
1552 1759 1634 1812 inille
1652 1759 1749 1828 templo
1761 1763 1846 1824 erunt,
1864 1759 1910 1814 de-

1109 1829 1192 1882 ‘naria
1205 1829 1294 1882 decem
1306 1827 1348 1882 die
1359 1827 1545 1894 nundinarum,
1560 1843 1626 1896 quas
1637 1827 1674 1880 ibi
1682 1827 1777 1896 posui'.
1804 1841 1910 1894 quaero,

1109 1901 1198 1948 utrum
1216 1895 1257 1950 his
1275 1897 1421 1960 domarat,
1445 1895 1489 1962 qui
1507 1911 1537 1950 eu
1555 1901 1674 1962 tempore
1697 1909 1749 1962 quo
1773 1893 1911 1962 legabatur
1947 1901 1949 1904 '

1108 1963 1134 2014 in
1152 1963 1233 2018 rebus
1247 1963 1367 2018 hermeus
1379 1969 1406 2016 et
1421 1963 1449 2014 in
1458 1971 1491 2016 'eo
1507 1963 1595 2018 officio
1609 1963 1716 2028 fuerint,
1734 1963 1852 2016 debitum
1867 1963 1911 2028 sit,

1108 2047 1142 2084 an
1158 2031 1238 2086 etiam
1254 2031 1295 2086 bis
1313 2031 1403 2102 quiin
1424 2031 1483 2086 loco
1502 2047 1593 2086 eorum
1612 2035 1811 2086 successerunt.
1851 2047 1910 2086 res·

1097 2099 1200 2176 pondit
1217 2101 1363 2154 secundum
1380 2115 1412 2154 ea
1428 2115 1497 2168 quae
1511 2105 1725 2170 'proponerentur
1739 2099 1911 2154 ministerium

1107 2171 1299 2220 nonunatorum
1330 2167 1508 2236 designatum,
1539 2173 1656 2222 ceterum
1685 2167 1776 2222 datum
1804 2171 1857 2220 tem
1876 2167 1911 2220 lo.

1106 2235 1170 2288 item
1187 2249 1294 2302 quaero,
1312 2239 1401 2288 utrum
1418 2251 1470 2288 uno
1489 2233 1627 2288 dumtaxat
1643 2251 1713 2290 anno
1731 2233 1821 2290 decern
1837 2183 1912 2288 fidei-

1108 2301 1241 2356 commissi
1256 2303 1361 2356 nomine
1378 2303 1524 2358 debeantur
1547 2317 1582 2356 an
1605 2305 1683 2358 etiarn
1700 2305 1728 2358 in
1753 2307 1912 2382 perpetuum

1107 2369 1198 2424 decem
1225 2385 1313 2424 annua
1342 2369 1503 2438 praestanda
1528 2371 1590 2424 sint.
1639 2371 1776 2440 responde
1799 2371 1828 2422 in
1850 2387 1911 2440 per·

1126 2443 1224 2492 etuum.

1106 2453 1125 2506 p
1145 2503 1210 2560 21Ὶᾶ
1230 2505 1305 2560 lucu
1319 2507 1386 2560 libro
1400 2503 1521 2558 uicesimo
1539 2503 1655 2558 secundo
1673 2501 1838 2572 clipeatorum
1867 2501 1912 2554 Li·

1107 2575 1182 2626 berto
1202 2587 1250 2626 suo
1268 2573 1307 2626 ita
1323 2571 1433 2640 legerit:
1453 2573 1592 2640 ‘praestari
1609 2571 1668 2626 solo
1686 2571 1805 2638 Philoni,
1829 2585 1914 2640 usque

1108 2641 1179 2694 ‘dum
1201 2641 1283 2706 rivet,
1325 2641 1408 2708 rrinqu
1443 2639 1567 2694 esimam⁸
1584 2639 1670 2692 omnis
1693 2639 1809 2706 reditus,
1828 2641 1914 2708 quae⁰

1108 2707 1231 2776 ‘praediis
1250 2725 1266 2760 a
1283 2657 1383 2762 eddonis
1400 2719 1431 2760 re
1462 2707 1624 2776 emptoribus
1641 2707 1745 2762 tructus
1757 2723 1791 2762 ex
1801 2719 1913 2762 conrue-

1110 2775 1208 2828 ‘tudine
1232 2773 1324 2828 domus
1348 2789 1422 2828 meae
1444 2777 1633 2842 praestantur'.
1673 2773 1783 2830 heredes
1806 2773 1912 2842 praedia

1107 2843 1287 2908 vendiderunt,
1306 2857 1339 2896 ex
1356 2857 1468 2910 quorum
1484 2843 1572 2896 reditu
1589 2843 1807 2910 quinquagesima
1821 2843 1913 2896 relicta

1108 2915 1161 2964 est:
1181 2909 1329 2978 quaesitum
1343 2915 1395 2974 est,
1413 2925 1448 2962 an
1459 2911 1537 2978 pretii
1547 2925 1653 2974 usurae,
1672 2917 1785 2988 quaeue
1803 2923 1913 2964 censue-

1106 2977 1198 3030 tudine
1214 2977 1243 3028 in
1259 2977 1396 3044 prouincia
1412 2981 1620 3046 praestarentur,
1639 2977 1857 3046 quinquagesima
1868 2977 1912 3030 de-

1106 3045 1209 3098 beatur.
1244 3043 1382 3112 respondit
1398 3043 1497 3098 reditus
1525 3043 1662 3098 dumtaxat
1685 3045 1785 3112 quinqu
1820 3043 1915 3098 ssimae

1109 3117 1117 3164 l
1156 3111 1271 3178 legatas,
1298 3111 1360 3166 licet
1376 3109 1486 3178 praedia
1503 3111 1611 3166 vendita
1633 3115 1697 3164 sunt
1706 3113 1733 3164 ¹⁰.
1768 3113 1794 3162 A
1811 3111 1918 3174 lberto,

1103 3179 1150 3236 cui
1168 3177 1279 3232 fiendum
1295 3177 1429 3244 legaverat
1445 3175 1574 3232 serentem
1591 3193 1680 3232 annua
1697 3179 1844 3244 sexaginta,
1868 3193 1917 3246 per

1106 3245 1336 3300 fideicommissum
1348 3245 1458 3298 dederat
1464 3245 1619 3312 Pamphilae
1630 3259 1720 3298 annua
1733 3243 1815 3298 denar
1834 3259 1914 3324 quae-

1106 3313 1187 3368 situm
1205 3319 1253 3380 est,
1271 3313 1294 3366 si
1310 3311 1354 3364 lex
1365 3311 1485 3366 Falcidia
1497 3313 1593 3366 liberto
1605 3313 1722 3380 legatum
1733 3313 1915 3378 minuent-an

1106 3379 1260 3448 Pamphilae
1278 3395 1383 3448 quoquc
1400 3395 1517 3434 annuum
1535 3379 1765 3432 fideicommissum
1788 3381 1917 3434 minutum

1106 3447 1240 3514 adeatur,
1268 3461 1329 3500 cum
1355 3463 1388 3500 ex
1411 3447 1498 3502 reditu
1521 3447 1608 3514 legata
1632 3447 1698 3514 sint,
1742 3447 1771 3501 ui
1796 3447 1916 3516 largitur,

1106 3515 1210 3568 etamsi
1232 3513 1353 3568 Falcidia
1375 3519 1478 3582 partem
1507 3513 1641 3568 dimidiam
1669 3513 1743 3568 iun'
1768 3515 1915 3582 abstulerit,

1107 3597 1223 3636 annuam
1239 3583 1395 3650 Pamphilae
1415 3583 1628 3648 praestationem.
1663 3583 1801 3650 respondit
1820 3597 1919 3636 secun-¹

1107 3649 1170 3704 dum
1187 3665 1220 3702 ea
1236 3663 1305 3718 quae
1322 3655 1536 3718 proponerentur
1547 3665 1601 3702 non
1612 3649 1697 3702 videri
1708 3649 1845 3716 minutum,
1864 3649 1914 3704 nisi

1108 3721 1123 3770 2
1160 3717 1183 3770 si
1201 3715 1254 3770 alia
1270 3729 1343 3770 meus
1355 3717 1490 3770 testatoris
1507 3715 1677 3784 probaretur.
1706 3715 1803 3770 Filium
1818 3731 1851 3770 ex
1868 3715 1915 3772 do·

1108 3785 1210 3848 haute,
1227 3797 1338 3838 uxorem
1355 3799 1387 3838 ex
1406 3783 1553 3852 quadrante
1568 3783 1686 3838 instituit
1701 3783 1812 3838 heredes
1829 3789 1856 3838 et
1869 3783 1917 3838 tilii

1107 3851 1169 3906 fidei
1190 3851 1332 3916 commisit,
1356 3855 1387 3904 ut
1409 3865 1537 3904 nouercae
1558 3851 1713 3906 restitueret
1728 3851 1916 3906 hereditatem:

1108 3919 1142 3974 ab
1160 3935 1192 3974 ea
1209 3925 1298 3974 autern
1314 3919 1389 3988 petit,
1408 3925 1438 3972 ut
1449 3917 1628 3972 infirmitatem
1646 3919 1694 3972 iiiii
1706 3919 1916 3974 commendatam

1107 3987 1217 4042 haberet
1240 3987 1317 4054 eique
1346 3991 1494 4042 menstruos
1525 4001 1618 4042 aurcos
1647 3987 1728 4042 denos
1757 3991 1916 4056 praestaret,

1109 4055 1191 4108 donec
1210 4055 1244 4108 ad
1265 4053 1418 4108 vicesimum
1441 4055 1560 4120 quntum
1583 4069 1682 4108 aunum
1704 4055 1800 4108 aetatis
1824 4069 1915 4124 perue-

1107 4123 1182 4188 nerit,
1202 4139 1263 4174 eum
1280 4129 1370 4174 antem
1385 4121 1521 4188 implesset
1538 4135 1597 4174 eam
1614 4127 1737 4186 aetatem,
1755 4127 1859 4190 partem
1877 4121 1916 4174 di-

1108 4189 1213 4242 midiam
1230 4189 1386 4244 hereditatis
1404 4189 1428 4244 ei
1445 4189 1605 4244 restitueret.
1640 4189 1712 4242 tilius
1736 4189 1851 4244 deducta
1868 4189 1916 4244 do·

1108 4257 1207 4312 mantis
1225 4261 1302 4324 parte
1317 4261 1421 4326 quarta,
1439 4271 1472 4310 er
1484 4273 1537 4326 qua
1553 4257 1692 4312 institutus
1705 4263 1769 4324 mut,
1787 4269 1917 4312 uormcae

1108 4325 1280 4380 hereditatem
1301 4325 1419 4378 restituit
1447 4329 1474 4378 et
1496 4331 1591 4394 postea
1618 4327 1737 4394 impleuit
1763 4325 1916 4380 vicesimum

1109 4393 1228 4460 quintum
1245 4409 1344 4446 annum
1361 4393 1465 4448 aetatis.
1496 4393 1645 4462 quaesitum
1663 4399 1712 4458 est,
1730 4409 1790 4448 curn
1801 4403 1917 4446 noverca

1107 4459 1245 4516 universae
1267 4459 1421 4516 hereditatis
1442 4461 1557 4516 haberet
1577 4461 1734 4516 dodrantem
1756 4459 1917 4516 semunciam

1108 4533 1134 4582 et
1152 4527 1293 4594 sicilicum,
1318 4543 1355 4582 an
1372 4529 1428 4582 eius
1451 4533 1555 4598 partem
1573 4529 1707 4582 dimidiam
1729 4527 1849 4596 priuigno
1867 4541 1916 4580 suo

1107 4597 1265 4650 restitueret.
1301 4595 1437 4666 respondit
1448 4597 1594 4652 secuudum
1605 4613 1638 4662 ea
1656 4611 1724 4666 quae
1734 4609 1917 4664 proponeren-

1107 4669 1267 4744 tur-tautum
1278 4663 1479 4744 resumendum,
1497 4671 1626 4746 quantum
1640 4679 1752 4746 cum'eo,
1770 4659 1843 4730 quod
1853 4661 1916 4714 Ful-

1106 4727 1917 4882 testemtesttdettususteatet

1106 4867 1231 4936 voluerut,
1245 4867 1360 4932 ¹iunctus
1378 4885 1484 4940 quoque
1505 4869 1586 4924 medii
1610 4873 1737 4934 tempores
1760 4873 1876 4922 noverca
1894 4867 1918 4922 ei

1106 4937 1246 4990 resdtuere
1263 4937 1380 4992 deberet.
1415 4937 1553 5008 respondit
1565 4933 1711 4990 secundum
1723 4945 1756 4988 ea
1773 4949 1842 5002 quae
1853 4953 1916 5004 pro·

1108 5011 1122 5060 3
1157 5011 1318 5074 ponerentur
1337 5005 1441 5062 debere.
1476 5005 1577 5058 Lucius
1592 5001 1679 5058 Titius
1696 5007 1856 5060 testamento
1868 5021 1914 5076 pa·

1106 5073 1173 5128 triae
1190 5089 1256 5130 suae
1274 5075 1376 5130 civitati
1393 5077 1600 5130 Sebastenorum
1619 5075 1725 5124 centum
1742 5073 1853 5140 legavit,
1874 5075 1917 5130 uti

1107 5143 1217 5200 alteruis
1233 5143 1310 5198 aunis
1328 5161 1362 5198 ex
1378 5143 1467 5198 usuris
1490 5139 1608 5194 eiusdem
1631 5141 1776 5194 tutamina
1799 5143 1851 5198 sub
1868 5159 1917 5198 no-

1106 5211 1176 5266 mine
1200 5211 1285 5280 ipsius
1312 5211 1524 5272 celebrarentur,
1550 5211 1578 5260 et
1603 5205 1701 5264 adiecit
1724 5209 1793 5266 haec
1818 5211 1916 5266 ruba:

1107 5275 1918 5416 tte,eledteettenttttt'tttttubttt

1106 5415 1194 5470 ‘modo
1211 5413 1322 5470 heredes
1334 5427 1407 5466 meos
1424 5411 1556 5482 obligatos
1568 5413 1662 5470 siesse
1674 5417 1743 5482 uolo,
1761 5387 1919 5470 sed’habere

1106 5483 1167 5538 ‘sibi
1190 5481 1348 5550 pecuniam'.
1389 5485 1484 5548 postea
1506 5497 1615 5552 praeses
1637 5483 1791 5554 prouinciae
1813 5499 1847 5538 ex
1868 5497 1917 5538 no·

1106 5671 1159 5708 mas
1167 5671 1214 5708 scr.
1306 5655 1339 5722 (9)
1352 5655 1381 5708 de
1391 5659 1436 5710 ins.
1527 5659 1572 5724 (to)
1583 5675 1616 5710 au
1625 5659 1701 5724 pretii
1710 5659 1918 5726 quinquagesima

1107 5723 1227 5774 debeatur
1238 5737 1385 5788 usuraeque,
1403 5741 1508 5790 quae...
1526 5731 1719 5794 praestarentur,
1737 5727 1798 5780 licet
1816 5729 1917 5794 praedia

1106 5791 1208 5840 vendita
1219 5795 1287 5842 sunt.
1303 5793 1432 5856 respondit
1441 5795 1539 5846 reditus
1547 5833 1552 5844 .
1561 5833 1566 5844 .
1574 5833 1581 5844 .
1589 5795 1683 5858 legatas
1692 5815 1739 5846 scr.

1665 5877 1714 5922 58*
