4366 6258
258 359 260 362 ’
282 355 409 424 XXXII
1076 345 1140 420 tlt
1738 367 1782 416 ns
1803 367 1942 418 tnenrrs

281 541 405 594 maritum
422 539 482 604 eius,
496 553 634 592 remanere
647 537 785 592 concedat.
815 537 963 606 quaesitum
974 541 1089 604 estposf
1139 541 1167 592 et
1183 535 1251 590 haee
1265 535 1474 594 'rerba‘adiecitz
1498 537 1618 608 ‘quodsi
1640 537 1767 590 adversus
1784 535 1941 590 uoluntatem

282 613 327 662 tea
343 607 372 660 in
388 605 556 660 matrimonio
574 605 684 660 muliere
703 605 840 674 dehmcta,
864 619 898 658 an
915 607 1039 670 maritus,
1064 605 1089 658 si
1140 607 1234 658 ‘meam
1254 603 1344 662 facere
1365 603 1489 672 voluerit,
1511 605 1623 676 fundum
1642 605 1776 658 Titianum
1797 603 1833 658 ad
1852 601 1941 658 fiscum

281 675 315 730 de
332 681 389 730 tota
407 673 468 730 dote
486 673 659 730 conveniatur
676 689 693 728 e
709 673 771 744 filio,
791 675 845 730 doli
860 673 924 726 mali
934 673 1089 742 exceptione
1140 673 1293 742 ‘pertineres¹
1312 675 1353 728 ita
1370 673 1445 728 'enim
1460 673 1519 742 fiet,
1545 679 1577 728 ut
1592 673 1692 728 fundus
1710 673 1831 728 Titianus
1849 672 1881 726 de
1898 691 1942 728 no-

281 759 311 798 se
331 743 401 798 tueri
423 745 509 812 possit
530 751 557 796 et
578 757 614 796 an
634 743 705 798 ultro
731 759 764 798 ex
788 759 870 798 causa
892 739 1089 798 fideicommissi
1134 741 1218 796 lmine
1233 745 1321 814 restro
1343 757 1487 814 numquam
1507 743 1602 798 exeat'.
1641 743 1791 812 quaesitum
1812 747 1863 808 est,
1886 757 1942 796 oum

282 813 351 866 ectio
370 811 394 866 si
413 811 546 880 competit,
564 817 595 864 ut
612 811 645 864 de
662 817 738 880 parte
757 811 923 880 obligationis
936 817 1047 880 accepto
1064 811 1089 864 ei
1139 811 1212 864 virus
1229 809 1302 864 filius
1319 825 1380 864 enm
1396 811 1508 864 fundum
1526 811 1671 880 secundum
1688 811 1851 866 voluntatem
1862 811 1943 876 patris

281 879 391 934 seretur.
432 877 570 946 respondit
597 885 624 932 et
650 881 832 950 exceptionem
858 879 951 934 utilem
977 877 1035 934 fore
1062 883 1089 932 et
1139 877 1290 944 retinuerit,
1313 881 1347 932 an
1369 877 1494 952 defuncto
1516 887 1555 950 eo
1569 895 1623 934 non
1645 879 1681 934 ad
1699 879 1809 934 heredes
1832 879 1942 950 scriptos

282 949 353 1000 ultro
371 963 405 1000 ex
420 947 625 1000 fideicommisso
642 949 698 1016 peti
714 963 802 1018 posse.
837 947 907 1000 idem
941 949 1035 1014 uaerit,
1053 961 1089 1000 au
1139 945 1244 1012 atilio,
1266 945 1366 1000 sedad
1387 961 1444 1012 eos,
1468 947 1567 1016 quide
1589 947 1784 1014 familiasnnt,
1806 947 1941 1016 pertineat.

282 1015 315 1068 de
332 1015 435 1082 reliqua
453 1015 561 1068 dimidia
579 1021 656 1082 parte
673 1015 792 1070 mandati
809 1015 879 1070 actio
898 1021 937 1068 utr
950 1015 971 1070 's
990 1015 1025 1070 sit
1041 1015 1088 1068 he·
1139 1013 1277 1084 respondit
1292 1015 1344 1084 hoc
1354 1031 1387 1070 ex
1404 1015 1539 1068 voluntate
1549 1015 1668 1070 defuncti
1676 1015 1764 1084 colligi
1775 1031 1856 1084 posse
1864 1013 1944 1070 filiurn

284 1083 390 1138 cedibus
407 1083 524 1138 mulieris
542 1081 669 1138 adversus
687 1083 771 1138 filium
793 1083 858 1138 cius.
892 1083 1030 1150 respondit
1046 1099 1088 1138 se·
1140 1081 1228 1150 quoad
1244 1081 1370 1138 riverct¹¹
1388 1083 1506 1138 alienare
1514 1083 1556 1150 vel
1568 1083 1708 1152 pignerare
1716 1099 1770 1138 non
1787 1099 1874 1152 posse,
1893 1089 1943 1138 tes·

282 1151 398 1204 cundum
416 1165 448 1204 ea
465 1165 534 1216 quae
550 1159 772 1218 proponerentur,
788 1151 901 1204 maxime
911 1157 974 1220 post
985 1153 1088 1206 litteras
1139 1151 1249 1204 tamenti
1266 1157 1355 1204 autern
1372 1149 1515 1204 factionem
1532 1151 1603 1204 etin
1619 1149 1743 1204 eofundo
1761 1153 1789 1204 in
1807 1155 1944 1206 extraneos

281 1219 317 1272 ad
333 1219 418 1270 filium
435 1219 549 1288 scriptas
567 1235 621 1272 non
638 1219 807 1276 forentilem.
847 1219 1003 1286 Cerberos:
1023 1235 1088 1300 quo·
1139 1225 1165 1282 4Ἰ
1190 1219 1270 1272 etiam
1286 1219 1397 1274 heredes
1418 1219 1580 1292 habiturum.
1615 1219 1699 1274 lulius
1716 1219 1836 1288 Agri'pa
1856 1219 1939 1286 primi·

281 1287 352 1340 niam
369 1287 397 1338 in
414 1285 456 1340 his
475 1287 612 1354 expressit,
630 1295 660 1342 ut
678 1293 819 1342 contentus
837 1287 1002 1356 essetpartis
1013 1287 1088 1342 drmi-
1139 1287 1232 1354 piloris
1249 1291 1407 1342 testamento
1426 1303 1475 1356 suo
1494 1285 1575 1354 cavit,
1597 1303 1631 1342 ne
1652 1289 1707 1342 ullo
1724 1303 1767 1342 mo
1788 1303 1803 1342 ο
1821 1287 1944 1354 reliquias

281 1355 341 1408 diae
359 1353 437 1408 dotis
474 1355 570 1422 quibus
588 1357 675 1410 verbis
698 1357 763 1408 satis
784 1353 1017 1410 fideicommissum
1032 1355 1088 1410 lilio
1139 1355 1197 1410 eius
1214 1361 1241 1410 et
1262 1355 1399 1426 praedium
1421 1355 1605 1408 suburbanum
1626 1359 1674 1410 aut
1695 1355 1800 1408 domurn
1820 1355 1944 1408 maiorem

281 1427 296 1476 b
331 1423 445 1492 relinqui
462 1423 572 1492 placuit.
608 1423 743 1480 Codicillis
752 1423 792 1476 tte
804 1423 925 1492 scripsit:
941 1417 1089 1474 ‘Bodloaar
1139 1423 1216 1478 heres
1235 1423 1293 1478 eius
1310 1423 1461 1492 pigneraret
1483 1429 1530 1476 aut
1550 1423 1605 1476 ullo
1626 1427 1709 1494 modo
1727 1423 1867 1476 alienaret:
1892 1421 1944 1478 filia

280 1487 380 1542 ’πάντα
401 1489 435 1542 τὰ
457 1491 657 1564 ὑποτεταγμένα
683 1487 762 1564 κύρια
788 1489 864 1544 εἶναι.
907 1489 1025 1558 Μαξίμῳ
1046 1493 1088 1558 τῷ
1139 1491 1196 1546 eins
1214 1491 1292 1546 heres
1311 1493 1411 1558 scripta
1427 1489 1552 1546 heredem
1568 1489 1676 1559 reliquit
1691 1489 1774 1544 filiam
1788 1505 1864 1546 suam
1883 1505 1944 1558 nep-

280 1555 372 1628 (κυρίῳ
389 1577 441 1626 μου
459 1545 574 1630 δηνάρια
590 1557 672 1628 μύρια
693 1555 903 1622 πεντακισχίλια,
924 1553 1008 1610 ’ἅτινα
1025 1555 1087 1610 ἔλα·
1138 1563 1193 1612 iem
1217 1559 1402 1626 primipilaris,
1429 1573 1497 1626 quae
1518 1557 1624 1612 easdem
1650 1573 1693 1612 res
1715 1557 1761 1610 diu
1781 1559 1901 1626 possedit
1921 1567 1944 1612 et

280 1621 342 1692 ‘pov
362 1625 600 1696 παρακαταθήκην
620 1623 695 1696 παρὰ
716 1625 864 1678 vuidrico
887 1619 968 1676 αὐτοῦ
984 1619 1089 1678 Ἰουλίου
1140 1625 1271 1678 decedens
1287 1631 1429 1680 extraneos
1445 1625 1562 1680 instituit
1578 1625 1699 1696 heredes.
1735 1625 1884 1690 quaesitum
1898 1631 1942 1692 est,

281 1689 420 1762 ’Μαξίμοα
440 1693 484 1744 ἵνα
502 1687 576 1760 αὖτῷ
596 1687 767 1758 ἀνδρωθέντι
776 1685 920 1754 ἀποδώσω,
941 1689 959 1744 d
966 1697 1089 1764 γίνονται
1139 1709 1174 1746 an
1193 1709 1224 1746 ett
1264 1693 1356 1762 taedia
1377 1699 1520 1748 extraneus
1541 1693 1618 1748 heres
1640 1693 1751 1748 haberet
1773 1709 1808 1746 an
1829 1709 1892 1748 vero
1913 1695 1944 1748 {td

280 1755 417 1828 ‘odardum
425 1767 480 1832 τρὶς
488 1759 575 1844 μύρια,
588 1755 765 1824 ἀποδοθῆναι
776 1753 848 1828 αὐτῷ
858 1759 1002 1828 βούλομαι·
1017 1753 1087 1814 οὕτω
1138 1759 1233 1814 Iuliam
1278 1777 1394 1828 omnam,
1418 1777 1486 1832 quae
1506 1761 1602 1814 habuit
1617 1767 1743 1828 patruum
1759 1761 1886 1814 maiorem
1903 1763 1943 1814 Iu·

278 1823 339 1900 ‘dp
356 1833 398 1896 τῷ
416 1831 486 1896 θείῳ
506 1831 588 1882 αυτοῦ
605 1823 732 1896 ὥμαααἸ.
768 1829 918 1896 quaesitum
935 1835 983 1896 est,
1001 1843 1037 1882 an
1054 1829 1089 1884 ad
1138 1829 1203 1882 lium
1211 1827 1364 1902 Agrippam,
1381 1829 1582 1896 pertinerent¹².
1610 1829 1743 1896 respondi,
1756 1845 1816 1882 cum
1829 1829 1880 1882 hoc
1898 1845 1943 1882 nu-

281 1849 428 1966 ‹iepositam
445 1897 586 1966 pecuniam
602 1895 744 1966 petendam
761 1897 897 1950 suli-iciant
911 1897 994 1952 verba
1016 1897 1088 1952 codi-
1139 1897 1203 1950 dum
1219 1903 1391 1966 praeceptum
1409 1903 1458 1964 est,
1475 1897 1665 1966 nihilproponi
1682 1903 1773 1952 contra
1785 1897 1943 1952 voluntatem

282 1965 412 2032 ciliorum,
430 1981 491 2020 cum
507 1965 579 2018 hanc·
594 1963 680 2020 solam
696 1979 746 2020 nec
764 1965 843 2018 aliam
865 1965 948 2020 ullam
968 1965 1088 2034 probati·
1140 1963 1260 2018 defuncti
1276 1963 1389 2030 iactum,
1412 1981 1464 2032 qno
1481 1965 1569 2018 minus
1587 1963 1622 2018 ad
1643 1965 1753 2018 heredes
1775 1965 1942 2032 pertinerent.

282 2051 358 2088 onem
374 2035 481 2088 habeat.
515 2031 654 2100 respondi:
674 2047 707 2086 ex
723 2031 765 2088 his
784 2049 852 2100 quae
869 2037 1087 2104 proponerentur,
1139 2039 1154 2086 5
1190 2031 1344 2100 Quindecim
1361 2031 1471 2104 libertis,
1490 2047 1556 2098 quos
1574 2033 1761 2098 nominaverat,
1783 2033 1943 2100 praediolum

281 2103 383 2156 scilicet
399 2119 459 2158 cum
476 2101 663 2156 iusiurandum
686 2101 789 2156 dedisse
805 2117 887 2170 super
907 2103 960 2156 hoc
976 2107 1089 2156 testator
1139 2117 1200 2156 cum
1215 2101 1328 2154 taberna
1345 2099 1480 2168 legaverat
1492 2105 1519 2154 et
1535 2099 1746 2154 adiecerathaee
1763 2101 1856 2154 verbor
1875 2101 1943 2154 ‘sibi-

282 2177 297 2224 6
331 2169 486 2236 adfirmavit,
506 2167 638 2224 credenda
656 2175 697 2224 est
721 2169 861 2238 scriptura.
897 2169 969 2224 Titia
990 2171 1089 2224 hones·
1140 2173 1199 2236 ‘qne
1216 2173 1263 2224 eos
1280 2169 1379 2222 habere
1394 2167 1532 2238 possidere
1548 2167 1608 2224 volo
1625 2185 1658 2236 ee
1674 2169 1731 2236 lege
1748 2173 1776 2222 et
1784 2167 1944 2236 condicione,

280 2239 382 2292 tissima
399 2239 497 2292 femina
519 2239 597 2290 cum2
618 2237 732 2306 negotiis
755 2239 811 2292 suis
834 2253 915 2308 opera
933 2237 1089 2292 Callimachi
1140 2237 1257 2304 ‘nequis
1277 2251 1369 2290 eorum
1376 2241 1482 2304 partem
1499 2251 1574 2306 snam
1583 2237 1695 2290 vendero
1706 2235 1835 2290 donarere
1844 2235 1944 2296 aliudve

281 2323 384 2374 semper
401 2313 535 2372 uteretur,
559 2305 604 2426 qui
621 2321 655 2360 ex
677 2311 835 2362 testamento
854 2321 950 2374 capere
970 2323 1024 2362 non
1040 2323 1088 2374 po·
1140 2305 1212 2374 ‘quid
1227 2305 1317 2358 iacere
1334 2305 1381 2358 alii
1397 2305 1472 2358 velit:
1490 2305 1560 2372 qnod
1579 2305 1602 2358 si
1618 2305 1745 2358 adversus
1763 2319 1794 2358 ea
1812 2305 1875 2380 quid
1892 2305 1943 2358 fae-

280 2381 363 2440 terat,
384 2377 543 2428 testamento
578 2377 639 2428 acto
662 2389 744 2428 manu
767 2389 816 2428 sua
837 2375 876 2428 ita
899 2375 979 2428 cavit:
1003 2371 1089 2426 ῑΤιτία
1140 2373 1280 2444 demerit,
1297 2377 1363 2430 tunc
1380 2389 1427 2428 eas
1443 2373 1578 2440 portiones
1587 2371 1756 2440 praediumre
1766 2389 1827 2426 cum
1835 2373 1944 2426 taberna

291 2441 420 2510 διεθέμην
441 2447 486 2494 καὶ
509 2439 643 2508 βούλομαι
666 2437 786 2506 δοθῆναι
802 2439 963 2510 Καλλιμάχῳ
986 2443 1090 2510 μισθοῦ
1140 2443 1184 2496 ‘ad
1199 2457 1256 2514 rem
1273 2441 1408 2514 publicam
1418 2441 1631 2510 Tusculanorum
1640 2441 1772 2508 pertinere
1781 2440 1858 2514 volo’,
1891 2441 1944 2508 qui-

290 2509 367 2582 χάριν
384 2507 498 2578 δηνάρια
516 2499 633 2580 popter:
670 2525 778 2578 quaero,
796 2511 907 2564 anhaec
924 2509 1040 2578 pecunia
1057 2525 1089 2564 ex
1140 2509 1201 2564 dam
1217 2523 1251 2578 ex
1264 2509 1314 2564 his
1331 2509 1434 2564 libertis
1451 2507 1625 2582 vendiderunt
1643 2515 1734 2578 partes
1760 2523 1822 2562 suas
1844 2509 1944 2564 dnobus

282 2593 364 2630 causa
380 2577 508 2632 mercedis
526 2575 560 2630 ab
568 2575 711 2634 heredibus
722 2577 809 2632 Titiae
827 2577 895 2644 exigi
901 2577 998 2656 possit.
1032 2593 1090 2632 res·
1140 2575 1295 2632 conlibertis
1316 2577 1371 2632 suis
1389 2585 1424 2632 ex
1445 2575 1540 2632 eodem
1560 2593 1685 2644 corpore,
1706 2581 1837 2644 emptores
1859 2581 1944 2630 autern

281 2643 363 2712 pondi
379 2659 433 2698 non
449 2643 550 2704 idcirco
569 2643 641 2710 quod
658 2643 787 2712 scriptum
809 2649 850 2698 est
866 2643 936 2710 exigi
957 2659 1038 2712 posse
1061 2645 1090 2704 in
1140 2643 1260 2698 defuncti
1280 2643 1379 2696 Gaium,
1397 2645 1489 2698 Seium
1510 2649 1665 2698 extraneum
1690 2643 1814 2698 heredem
1834 2643 1944 2710 relique-

281 2719 294 2764 t
330 2711 451 2766 fraudem
467 2711 534 2780 legis
550 2711 681 2766 relictum.
716 2713 759 2766 Ex
770 2713 812 2766 his
822 2713 908 2766 verbis
922 2713 1088 2768 testamenti:
1139 2717 1215 2765 runt:
1234 2711 1383 2780 quaesitum
1401 2717 1449 2778 est,
1467 2717 1558 2782 partes
1577 2727 1645 2780 quae
1662 2713 1799 2764 venierunt
1816 2713 1944 2764 utrumad

281 2781 419 2846 ‘omnibus
442 2787 508 2848 quos
527 2795 626 2848 quasve
638 2779 780 2836 mautunisi
791 2779 1017 2836 manumiserorei
1035 2781 1089 2836 sive
1141 2779 1238 2834 Gaium
1255 2779 1343 2834 Seium
1360 2797 1395 2834 an
1413 2779 1448 2834 ad
1466 2779 1621 2848 superstites
1640 2781 1791 2836 collibertos
1809 2795 1881 2846 suos,
1904 2781 1945 2846 qni

281 2851 330 2902 ‘his
347 2849 446 2904 tabulis
464 2849 519 2904 sive
529 2851 739 2918 quibuscumque
749 2849 814 2916 aliis,
833 2849 903 2904 filios
915 2847 1089 2904 filiasresuos
1139 2855 1230 2918 partes
1249 2863 1312 2904 snas
1330 2865 1384 2902 non
1400 2849 1584 2920 vendiderunt,
1602 2849 1773 2918 pertinerent.
1811 2849 1945 2916 respondit

281 2923 379 2972 ‘omnes
399 2917 510 2972 concedi
527 2917 595 2974 volo'
614 2917 764 2985 quaesitum
781 2923 830 2984 est,
848 2933 883 2970 an
900 2917 949 2984 bis,
968 2933 1034 2986 quos
1051 2917 1089 2972 ri-
1140 2917 1287 2972 seoundum
1308 2933 1340 2970 ea
1367 2935 1435 2986 quae
1456 2923 1670 2992 proponerentur
1691 2917 1839 2972 additium
1859 2917 1945 2970 Seium

281 3001 327 3040 vus
357 2985 564 3052 manumisisset,
597 2987 744 3040 debeantur
772 2985 829 3040 filii.
881 2985 1018 3052 respondit
1047 2987 1089 3040 his
1140 2985 1281 3054 pertinere.
1316 2985 1387 3040 idem
1406 2987 1527 3054 quaesiit,
1545 3001 1581 3040 an
1599 2991 1689 3054 partes
1705 2987 1827 3040 venditae
1845 2983 1880 3040 ad
1893 3001 1945 3038 rem

281 3069 399 3120 quoque,
422 3065 488 3122 quos
506 3057 605 3122 quasve
628 3061 690 3110 ante
711 3059 899 3110 testamentum
914 3053 1017 3108 iactum
1033 3069 1089 3106 ma·
1139 3055 1276 3122 publicam
1298 3053 1511 3108 Tusculanorum
1535 3055 1707 3136 pertinerent.
1745 3053 1871 3124 respondi
1895 3069 1945 3106 nou

280 3121 439 3202 numisisset
457 3121 528 3176 filios
543 3121 645 3178 filiasve
663 3139 697 3178 ex
713 3139 795 3178 causa
803 3121 999 3178 fideicommissi
1012 3137 1089 3190 prae·
1140 3121 1283 3202 pertinere.
1321 3121 1476 3178 Conantes:
1498 3139 1560 3190 quta
1577 3139 1631 3204 non
1648 3121 1809 3192 possidentis
1825 3137 1944 3190 persona,

281 3195 554 3316 eteritis..
580 3275 656 3314 αα
680 3259 781 3316 atara
806 3259 971 3328 ααααα
1010 3259 1091 3314 pen
1141 3205 1276 3328 terr
1290 3195 1437 3314 XXXX
1453 3191 1945 3314 tttntttrrtitrtniistitit

280 3325 364 3380 tilium
380 3326 505 3382 heredem
544 3327 636 3382 taedia
658 3327 776 3382 alienare
797 3343 845 3382 ren
866 3325 971 3396 pignori
991 3343 1090 3397 ponere
1141 3331 1227 3394 erunt,
1246 3325 1515 3408 quibuspermiserat
1524 3327 1648 3382 testatrix
1659 3327 1813 3394 venundari,
1827 3343 1876 3382 nec
1886 3343 1945 3406 con3

280 3397 464 3466 prohibuerat,
486 3343 543 3450 sedp
551 3397 704 3452 conservari
725 3395 815 3452 liberis
837 3411 870 3450 ex
889 3395 968 3450 iustis
990 3395 1090 3466 nuptiis
1141 3401 1156 3450 o
1191 3395 1260 3452 dicio
1279 3395 1380 3450 exstitrt
1398 3397 1456 3450 dati
1466 3395 1662 3452 fideicommissi
1670 3395 1838 3452 Tusculanis.
1874 3395 1946 3450 Fiden

281 3469 308 3518 et
333 3465 428 3520 ceteris
455 3465 575 3532 cognatis
600 3463 843 3520 fideicommiserat:
872 3463 945 3518 'tilius
971 3465 1089 3532 praedia,
1140 3465 1272 3520 commisit
1289 3463 1359 3532 eius,
1382 3463 1426 3520 cui
1442 3463 1584 3520 duomilia
1601 3465 1705 3532 legavit,
1722 3465 1750 3520 in
1771 3467 1839 3518 haec
1855 3465 1945 3520 verbat

281 3547 349 3600 quae
369 3539 447 3600 pater
472 3533 590 3600 obligata
613 3533 769 3602 reliquerat,
796 3533 902 3586 dimisso
928 3531 1089 3588 hereditario
1141 3535 1165 3586 ‘a
1181 3531 1216 3600 t'e,
1226 3533 1344 3600 Petroni,
1361 3537 1431 3602 peto,
1451 3533 1537 3592 utiea
1546 3533 1599 3600 duo
1616 3533 1718 3586 milia¹³
1735 3535 1881 3588 solidorum
1890 3533 1946 3586 red-

282 3601 411 3654 creditore
428 3601 541 3654 nummis
560 3601 622 3656 novi
639 3601 786 3668 creditoris,
804 3601 918 3670 apriore
934 3601 964 3654 in
976 3615 1089 3670 sequen·
1141 3601 1198 3656 ‘das
1216 3601 1327 3670 collegio
1346 3599 1485 3656 cuiusdam
1501 3601 1611 3670 templi’.
1647 3601 1796 3670 quaesitum
1814 3607 1866 3670 est,
1891 3617 1946 3656 cum

283 3675 333 3724 tero
351 3669 509 3724 creditorem
525 3669 644 3738 pignoris
661 3669 858 3740 hypothecaeve
879 3669 984 3724 nominc
1001 3675 1089 3724 trans·
1139 3669 1168 3724 id
1186 3669 1325 3740 collegium
1341 3675 1436 3738 postea
1454 3669 1612 3726 dissolutum
1629 3669 1672 3736 sit,
1690 3675 1778 3724 utrum
1789 3671 1906 3740 legatum
1916 3669 1946 3724 ad

282 3739 354 3792 tulit:
373 3737 521 3804 quaesitum
530 3745 578 3806 est,
597 3753 632 3790 an
640 3739 736 3808 pignus
749 3743 822 3792 recte
831 3743 997 3792 contractum
1010 3743 1088 3792 esset.
1139 3737 1296 3810 Petronium
1311 3739 1445 3808 pertineat
1463 3753 1497 3792 au
1513 3755 1576 3810 vero
1593 3737 1665 3808 apud
1681 3739 1805 3794 heredem
1813 3745 1946 3794 remanere

281 3805 418 3874 respondit
434 3805 580 3860 secundum
598 3823 630 3862 ea
640 3823 707 3874 quae
724 3811 936 3874 proponerentur
944 3811 1017 3860 recte
1026 3823 1089 3860 con·
1140 3805 1245 3862 debeat.
1279 3805 1418 3874 respondit
1433 3805 1590 3860 Petronium
1610 3809 1668 3878 iure
1690 3813 1792 3874 petere,
1815 3807 1910 3876 utique
1926 3807 1947 3860 si

282 3879 403 3928 tractum.
437 3875 507 3928 idem
531 3875 657 3942 quaesiit,
681 3889 741 3928 cum
761 3873 831 3928 filius
853 3873 963 3942 praedia
984 3873 1089 3928 heredi-
1140 3879 1154 3928 t
1188 3889 1239 3946 per
1256 3889 1317 3928 eum
1333 3889 1389 3928 nou
1406 3875 1582 3944 stetitparere
1591 3873 1710 3928 defuncti
1718 3877 1856 3928 voluntati.
1891 3877 1944 3930 bia·

281 3943 357 4012 teria,
375 3949 406 3996 ut
423 3943 567 3998 dimitteret
583 3943 759 3998 hereditarios
778 3943 930 4010 creditores,
950 3943 1089 3998 distraxis-

282 4017 329 4078 set,
348 4015 540 4080 eremmanos,
559 4009 860 4080 quiiideicommissumi
876 4011 1088 4080 ignoramrnne,

281 4081 348 4134 bene
366 4081 486 4134 emerint.
520 4081 648 4150 respondi
665 4081 810 4136 secundum
828 4093 860 4132 ea
878 4095 1088 4148 quaepropone·

280 4153 373 4204 rentur
389 4153 462 4204 recte
480 4153 658 4216 contractum,
681 4147 704 4202 si
725 4163 780 4204 non
797 4153 855 4202 eret
872 4147 946 4202 aliud
966 4147 995 4202 in
1011 4149 1089 4204 here·

284 4223 294 4270 1
331 4217 422 4282 ditate,
441 4215 512 4270 unde
530 4217 647 4272 debitum
666 4215 828 4270 exsolvisset.
863 4215 976 4272 Duobus
985 4217 1089 4274 libertis

281 4285 372 4340 Sticho
390 4291 417 4338 et
434 4285 517 4340 Erote
539 4285 684 4338 heredibus
705 4285 833 4340 institutis
852 4285 892 4338 ita
914 4285 995 4338 cavit:
1019 4283 1088 4338 ‘iun-

284 4353 352 4408 ‘dum
374 4351 561 4408 Cornelianum
584 4351 616 4406 de
637 4353 743 4408 nomine
767 4369 886 4408 meorum
911 4351 984 4408 exire
1004 4355 1088 4408 reto':

281 4437 350 4476 unus
368 4429 401 4474 ex
422 4421 564 4474 heredibus
583 4421 690 4474 Stichus
712 4421 835 4474 ancillam
851 4421 1014 4474 Arescusam
1034 4425 1088 4482 tes-

281 4493 398 4544 tamento
415 4489 526 4544 liberam
543 4503 602 4542 esse
618 4489 698 4542 iussit
715 4489 790 4558 eique
806 4485 909 4570 partem
926 4505 1004 4564 suam
1012 4489 1089 4542 fundi

281 4557 387 4626 legavit:
411 4563 522 4626 quaero,
545 4573 580 4610 an
600 4555 671 4610 Eros
694 4561 721 4610 et
741 4563 823 4612 oeten
843 4557 983 4612 conliberti
1004 4557 1089 4612 Stichi

281 4633 314 4680 ex
331 4641 413 4680 causa
430 4625 625 4684 fideicommissi
647 4623 704 4678 eius
721 4623 798 4678 fundi
818 4631 921 4694 partem
938 4627 972 4678 ab
990 4625 1089 4680 herede

281 4693 366 4748 Stichi
394 4699 485 4760 petere
515 4693 627 4762 possint.
674 4693 812 4762 respondit
845 4709 899 4748 non
932 4693 1088 4748 continerii.

283 4767 296 4816 i
332 4761 429 4816 Filiam
450 4777 526 4816 suam
551 4759 675 4816 heredem
696 4759 846 4828 scripserat.
861 4767 888 4816 et
908 4761 948 4816 ita
969 4767 1086 4816 caverat:

283 4835 349 4884 ‘veto
367 4835 456 4884 autem
474 4827 623 4882 aedificium
641 4829 674 4882 de
691 4829 796 4882 nomine
812 4845 871 4882 meo
890 4829 969 4894 exire,
989 4829 1037 4884 sed
1054 4831 1089 4882 ad

282 4901 383 4952 ‘vernas
401 4913 486 4964 meos,
511 4913 577 4964 quos
594 4897 646 4950 hoc
667 4901 825 4952 testamento
847 4895 988 4962 nominavi,
1011 4897 1088 4964 ⁹per-

281 4965 373 5018 ‘tinere
390 4965 472 5020 rolo’:
490 4963 640 5032 quaesitum
657 4969 705 5028 est,
724 4963 849 5018 defuncta
866 4963 963 5018 herede
972 4969 1000 5018 et
1016 4965 1088 5032 lega-

280 5033 355 5086 tariis
372 5033 489 5086 rernts1⁰
506 5047 543 5086 an
551 5031 586 5086 ad
602 5033 686 5084 nuum
698 5031 824 5086 libertum
840 5031 885 5098 qui
902 5031 1031 5086 remansit
1046 5037 1088 5086 to-

281 5105 337 5154 tum
357 5099 590 5154 fideicommissum
610 5099 763 5166 pertineret.
805 5097 942 5168 respondit
963 5099 999 5152 ad
1019 5113 1088 5166 eum,

282 5167 327 5236 qui
344 5183 377 5220 err
393 5167 480 5222 vernis
498 5171 661 5248 superesset,
684 5167 830 5220 secundum
851 5181 968 5236 eaquae
984 5183 1089 5288 (qrropo-

282 5239 297 5286 3
336 5241 462 5290 merentur
486 5235 589 5288 virilem
608 5239 713 5302 partem
737 5235 878 5302 pertinere.
921 5233 983 5288 Fun
1001 5251 1089 5288 urna

281 5299 344 5368 filio,
362 5303 450 5370 quoad
467 5301 569 5368 vixerit,
587 5301 670 5356 vetuit
686 5301 833 5358 venundari
849 5301 943 5356 donari
955 5301 1089 5370 pignerari

283 5473 312 5532 (1)
330 5471 358 5520 id
366 5481 416 5520 est:
430 5471 606 5536 Quaecumque
615 5471 682 5520 infra
703 5471 798 5536 scripta
812 5475 871 5520 sunt
885 5475 940 5520 rete
955 5487 1007 5520 esse
1022 5471 1087 5522 solo.

281 5537 392 5586 Maximo
407 5537 507 5588 domino
520 5555 575 5588 meo
590 5539 748 5590 denariorum
763 5539 906 5602 quindecim
920 5539 1004 5600 milia,
1024 5555 1088 5602 quae

281 5607 394 5668 apstruo
408 5605 461 5654 eius
470 5605 535 5656 Iulio
545 5605 655 5656 Maximo
669 5607 783 5672 deposito
795 5611 855 5656 sunt
869 5605 937 5670 apud
950 5623 1002 5668 me,
1017 5611 1047 5656 ut
1064 5607 1087 5656 ei

281 5671 436 5734 restituerem
446 5673 535 5734 puberi
544 5673 620 5736 iacto,
628 5689 691 5738 quae
701 5673 765 5722 liunt
773 5689 830 5722 cum
836 5675 920 5724 usuris
929 5673 1089 5724 denariorum

282 5741 387 5806 triginta
402 5739 480 5800 milia,
489 5741 591 5790 restitui
600 5743 670 5792 volo:
686 5757 743 5792 nem
754 5741 783 5790 de
792 5755 821 5790 ea
830 5757 855 5792 re
869 5747 959 5806 patruo
972 5743 1026 5794 eius
1035 5743 1088 5794 ius·

282 5807 480 5858 insontumdedi
542 5809 574 5872 (2)
593 5809 621 5858 iu
632 5811 742 5862 taedeo.
813 5813 844 5876 (3)
863 5811 1089 5878 idernngoritia

1139 3947 1181 3996 ter
1194 3941 1267 3998 lilios
1284 3943 1395 3998 heredes
1414 3943 1559 4014 scripserat
1575 3943 1719 3998 etadieoit:
1739 3943 1863 4012 ‘praedia
1883 3957 1946 4012 quae

1140 4009 1184 4066 ‘ad
1201 4027 1248 4066 eos
1265 4027 1300 4086 ex
1316 4011 1393 4066 bonis
1410 4009 1476 4084 meis
1485 4017 1646 4082 perventura
1655 4017 1724 4078 sunt,
1742 4013 1946 4066 nulleexcausa

1140 4079 1309 4148 ‘abalienent
1327 4079 1375 4136 sed
1392 4085 1550 4136 conservent
1562 4081 1724 4136 successioni
1741 4097 1807 4134 suae
1825 4081 1946 4150 dequeea

1140 4151 1177 4204 ‘re
1193 4147 1523 4220 invicemsibicaverent’:
1543 4163 1576 4202 ex
1589 4147 1630 4204 his
1644 4149 1731 4204 verbis
1741 4147 1890 4216 quaesitum
1901 4153 1946 4210 est,

1139 4231 1176 4270 au
1190 4217 1302 4286 praedia
1313 4231 1362 4284 per
1371 4215 1603 4270 fideicommissum
1613 4217 1707 4270 relicta
1718 4217 1865 4270 videantur.
1894 4233 1945 4286 res·

1139 4289 1155 4338 8
1189 4283 1285 4366 pendit
1298 4283 1366 4338 nihii
1383 4285 1416 4338 de
1433 4285 1635 4338 fideicommissa
1653 4285 1776 4354 proponi.
1811 4285 1854 4336 Ex
1872 4289 1945 4352 parte

1139 4351 1248 4406 dim1dia
1266 4351 1362 4426 ¹heredi
1381 4351 1504 4408 instituto
1530 4369 1580 4420 per
1599 4353 1814 4420 praeceptionem
1838 4351 1945 4406 fundum

1139 4421 1164 4476 le
1197 4421 1236 4474 rit
1253 4425 1280 4474 et
1296 4421 1330 4474 ab
1349 4435 1380 4474 eo
1397 4421 1437 4474 ita
1454 4421 1533 4490 petit:
1556 4423 1635 4490 peto,
1653 4421 1695 4474 uti
1710 4421 1774 4474 velis
1793 4419 1945 4474 coheredem

1140 4489 1167 4518 “
1184 4489 1197 4541 'i
1214 4489 1334 4570 recipere
1349 4487 1472 4542 infundo
1484 4489 1665 4554 Iulianomeo,
1682 4503 1760 4556 quem
1774 4489 1826 4542 hoc
1837 4489 1945 4556 amplius

1139 4561 1175 4612 ‘te
1190 4563 1346 4624 praecrpere
1361 4555 1437 4628 iussi,
1457 4555 1579 4612 Clodium
1595 4555 1697 4610 Verum
1713 4561 1836 4624 nepotem
1853 4571 1944 4618 meum,

1139 4629 1292 4694 ‘cognatum
1311 4625 1409 4678 tuum':
1431 4623 1581 4692 quaesitum
1607 4629 1659 4690 cst,
1682 4639 1717 4678 an
1734 4639 1797 4692 pars
1820 4623 1897 4678 fundi
1916 4637 1945 4678 er

1139 4707 1222 4746 censa
1234 4691 1432 4748 fideicommissi
1443 4693 1536 4762 nepoti
1544 4691 1681 4746 debeatur.
1700 4691 1836 4760 respondit
1850 4689 1944 4746 deberi.

1157 4757 1314 4824 ,391nnn
1340 4759 1409 4816 libro
1439 4761 1563 4816 vicesimo
1595 4759 1758 4830 digestorum
1802 4759 1945 4828 ‘Pamphilo

1139 4827 1244 4882 *liberto
1261 4829 1314 4882 hoc
1331 4827 1453 4896 amplius,
1472 4837 1551 4896 quam
1560 4825 1691 4882 codicillis
1703 4827 1805 4896 reliqui,
1824 4826 1945 4882 darinolo

1140 4899 1264 4948 ‘eentum
1300 4897 1356 4952 seio
1373 4897 1473 4970 omnia,
1497 4911 1566 4962 qnae
1578 4895 1635 4960 tibi,
1653 4893 1799 5014 Parqphile,
1821 4897 1944 4964 relinquo,

1139 4963 1184 5016 ‘ad
1205 4963 1275 5018 filios
1300 4979 1373 5018 meos
1397 4969 1571 5032 perventura,
1599 4979 1660 5014 cum
1685 4963 1851 5016 acutionem
1875 4969 1945 5016 tuam

1140 5029 1221 5084 ‘circa
1238 5047 1284 5086 eor
1302 5031 1657 5098 beneperspectamhabco'.
1694 5045 1800 5096 quaero,
1819 5029 1945 5084 arvernis

1139 5113 1221 5166 supra
1239 5099 1347 5168 scriptis
1364 5099 1497 5166 Pamphili
1513 5097 1576 5154 fidei
1598 5095 1734 5164 commisit,
1754 5103 1785 5150 ut
1801 5101 1863 5164 post
1879 5113 1944 5150 mor·

1139 5171 1194 5220 tem
1213 5165 1276 5220 filiis
1300 5165 1420 5220 defuncti
1445 5171 1551 5220 centum
1572 5165 1705 5218 restituat.
1749 5165 1888 5234 respondit
1907 5179 1945 5218 sc·

1140 5233 1258 5290 cundum
1279 5235 1312 5288 ee
1334 5249 1403 5302 quae
1424 5237 1636 5302 proponerentur
1657 5247 1711 5286 non
1731 5233 1815 5286 videri
1838 5233 1944 5302 quidem,

1140 5305 1269 5370 quantum
1286 5301 1322 5354 ad
1329 5301 1411 5356 verba
1419 5301 1554 5356 testatoris
1568 5299 1692 5368 pertinet,
1709 5299 1944 5356 fideicommissum

1138 5475 1314 5520 testamentum
1324 5473 1373 5522 ieci
1382 5471 1474 5522 etvolo
1489 5473 1545 5522 dari
1559 5471 1713 5522 callimacho
1727 5489 1773 5536 pro
1787 5473 1899 5524 mercede
1907 5473 1944 5520 dc·

1138 5539 1267 5590 uariorum
1275 5539 1347 5590 milia
1358 5539 1442 5590 decem
1515 5539 1546 5604 (4)
1556 5539 1748 5590 manumiseram
1757 5541 1783 5590 F
1861 5543 1893 5606 (t)
1905 5547 1917 5602 i
1927 5551 1946 5590 t.

1139 5617 1196 5660 επ
1205 5607 1221 5658 ἶ.
1231 5617 1259 5660 93
1265 5625 1307 5672 pr.
1319 5613 1331 5668 ξ
1342 5609 1388 5660 sb.
1398 5611 1417 5658 t.
1485 5609 1518 5672 (t)
1527 5623 1578 5658 non
1589 5611 1635 5660 ins.
1648 5609 1763 5660 Ceionius
1826 5609 1858 5674 (7)
1877 5609 1944 5674 igno·

1138 5673 1303 5726 reverantF²
1376 5677 1410 5740 (8)
1427 5675 1563 5740 contineri]
1573 5675 1703 5742 prohiberi
1711 5695 1758 5728 scr.
1841 5681 1874 5740 te)
1892 5679 1945 5744 post

1139 5745 1218 5794 teias.
1320 5745 1365 5810 (to)
1382 5743 1488 5810 reliquis
1498 5745 1542 5796 ins.
1661 5749 1701 5812 (tt)
1720 5749 1786 5812 quod
1802 5745 1912 5798 adiberet
1928 5743 1946 5796 F

1139 5813 1184 5876 (ta)
1202 5813 1341 5878 pertineret
1356 5815 1381 5864 F
1444 5815 1488 5878 (ta)
1506 5813 1578 5864 milia
1589 5817 1634 5866 del.
1645 5815 1685 5868 F²
