4366 6258
275 349 446 422 XXXXVI
468 357 533 420 at
1072 349 1135 426 tlt
1290 333 1291 336 ¹
1444 375 1445 378 ¹
1630 373 1676 424 ιι
1697 369 1937 422 ιοιιιιιιιιιι

277 547 289 598 l
326 541 406 608 abor,
431 541 476 624 qui
492 539 628 598 voluntate
643 545 737 598 nostra
754 541 926 614 stipulantur.
962 545 1082 614 Pupillus
1131 557 1206 598 mora
1229 541 1324 610 lucris,
1349 557 1401 610 quo
1424 539 1511 596 minus
1535 541 1627 606 dares,
1650 543 1732 598 etiam
1759 541 1884 598 defuncto
1907 557 1938 598 ιι

275 613 333 668 ιιιι
358 617 454 666 tutoris
481 609 639 666 auctoritate
668 627 723 670 non
753 619 843 694 potest
867 627 978 668 nouare:
1010 619 1083 670 tutor
1132 611 1241 664 teneris:
1266 611 1345 676 etsi,
1371 609 1527 678 priusquam
1544 609 1697 676 decederet,
1721 625 1782 666 eum
1797 611 1851 664 iam
1867 625 1938 664 mora

275 683 378 748 potest,
407 679 431 734 si
458 681 510 734 hoc
537 679 639 748 pupillo
666 679 802 750 expedrat:
833 679 898 734 item
924 687 1083 750 procurator
1131 679 1206 732 facta
1230 677 1278 744 sit,
1306 679 1419 732 eundem
1445 693 1462 730 a
1487 683 1514 732 te
1539 679 1589 732 sub
1616 679 1772 734 condicione
1798 679 1939 748 stipulatus

276 745 392 800 omnium
409 747 564 818 honorum.¹
1131 747 1208 800 luero
1231 751 1257 798 et
1280 759 1371 800 servus
1397 751 1493 814 postea
1517 745 1672 810 decesserit,
1701 745 1797 800 deinde
1820 745 1939 800 condicio

310 811 347 870 21
369 813 538 868 Pourouros
559 815 626 868 libro
641 817 738 894 primo
759 831 797 870 ιιι
818 815 927 868 Plautio
963 817 992 870 si
1009 815 1082 870 debi·
1133 813 1275 878 exstiterit,
1300 829 1360 868 cum
1382 813 1436 866 iam
1460 829 1494 866 ex
1516 813 1645 882 stipulatu
1670 813 1802 880 obligatus
1823 829 1851 868 es
1868 813 1939 878 mihi,

276 885 362 936 torem
378 895 466 934 meum
479 883 581 936 iussero
599 883 648 938 tim
662 883 770 948 solvere,
788 897 843 936 non
857 883 947 936 statim
960 883 1083 936 tuetiam
1136 889 1146 934 t
1182 881 1289 934 novatio
1313 895 1418 948 quoque
1442 881 1495 934 fiet.
1531 879 1560 934 Si
1577 881 1629 936 duo
1652 881 1692 934 rei
1715 879 1859 950 stipulandi
1881 881 1938 946 sint,

277 949 429 1030 stipulando
443 949 471 1004 id
485 965 582 1004 novare
597 953 692 1020 possis,
711 949 830 1018 quamvis
843 949 946 1006 debitor
958 951 1083 1006 solvendo
1133 965 1169 1002 an
1186 949 1252 1002 alter
1268 949 1312 1000 ius
1329 949 1445 1002 novandi
1462 949 1573 1012 habeat,
1595 949 1733 1068 quaeritur
1750 953 1778 1002 et
1799 947 1861 1016 quid
1877 949 1939 1004 iuris

276 1015 326 1070 tibr
342 1017 508 1070 liberaretur.
1133 1015 1314 1084 unusquisque
1332 1015 1383 1068 sibi
1400 1015 1563 1084 adquisierit.
1607 1031 1651 1070 ere
1668 1021 1758 1070 autem
1776 1015 1899 1070 convenit
1915 1021 1940 1070 et

311 1079 576 1138 anniuersario
612 1093 690 1138 riardo
710 1085 811 1138 decimo
830 1081 867 1136 od
882 1081 1020 1138 Plautium
1055 1085 1084 1138 Si
1133 1083 1179 1136 uni
1201 1087 1274 1138 recte
1302 1081 1368 1136 solvi
1395 1087 1423 1136 ιι
1443 1099 1526 1136 unum
1552 1081 1678 1136 iudicium
1704 1087 1837 1150 petentem
1859 1087 1941 1138 totam

278 1149 336 1218 quis
359 1151 470 1204 absente
492 1165 533 1204 me
556 1165 573 1204 a
594 1101 714 1206 iebitore
734 1165 792 1204 meo
817 1149 961 1216 stipulatus
978 1153 1020 1206 est
1035 1167 1083 1206 no·
1133 1165 1188 1204 rem
1211 1149 1239 1204 in
1264 1149 1339 1204 litem
1369 1147 1514 1214 deducere,
1541 1147 1605 1204 item
1630 1149 1710 1204 unius
1740 1149 1941 1218 acceptilatione

277 1217 355 1272 sandi
377 1219 477 1282 animo,
500 1233 548 1288 ego
565 1225 660 1288 postea
676 1223 764 1274 ratum
781 1217 913 1282 habuero,
930 1233 999 1274 noro
1016 1219 1083 1274 obli·
1133 1219 1233 1288 peremi
1253 1217 1376 1284 utrisque
1400 1219 1452 1270 ob'
1471 1219 1598 1270 ationemz
1629 1231 1663 1270 ιι
1689 1217 1785 1286 quibus
1813 1217 1941 1286 colligitur

277 1285 417 1354 gationem.
1133 1301 1345 1352 unumquemque
1373 1285 1449 1354 perin
1469 1301 1483 1338 ι
1506 1285 1558 1340 sibi
1580 1283 1740 1354 adquisisse,
1769 1299 1801 1338 ac
1825 1285 1848 1338 si
1871 1285 1941 1342 solus

314 1347 352 1408 23
377 1353 547 1408 Possumus
574 1353 640 1408 libro
675 1353 753 1406 tertio
784 1367 822 1406 ccc
851 1351 960 1406 Plautio
1000 1351 1083 1406 Filius
1134 1351 1277 1420 stipulatus
1301 1357 1383 1416 esset,
1408 1357 1520 1420 excepto
1542 1367 1574 1406 eo
1598 1351 1766 1420 quodetiam
1787 1351 1941 1420 factoeius,

278 1419 363 1488 patris
380 1419 510 1474 actionem
527 1421 665 1488 ignorante
683 1435 714 1472 eo
732 1433 830 1472 novare
847 1435 902 1472 non
917 1423 1016 1486 polest.
1135 1435 1195 1474 cum
1217 1435 1268 1487 quo
1292 1435 1431 1474 commune
1448 1421 1490 1474 ius
1512 1419 1664 1488 stipulantis
1682 1423 1735 1484 est,
1760 1419 1881 1474 amittere
1899 1419 1941 1472 de-

314 1483 353 1540 24
372 1489 450 1540 Inuus
471 1489 538 1540 libro
565 1489 658 1556 quinto
685 1501 723 1540 ccc
748 1485 857 1540 Plautio
891 1487 1005 1540 Neratio
1031 1501 1084 1540 non
1135 1487 1247 1542 bitorern
1271 1491 1369 1554 potest.
1406 1487 1553 1540 secundum
1576 1501 1643 1554 quae
1665 1489 1689 1540 si
1712 1503 1782 1540 unus
1804 1487 1941 1554 abaliquo

278 1559 367 1622 potest
385 1555 534 1620 contingere
553 1553 784 1622 adstipulatione,
807 1567 876 1622 quae
893 1567 948 1606 non
965 1553 1084 1606 commit-
1136 1553 1290 1620 stipuletur,
1314 1555 1455 1608 novatione
1473 1567 1578 1622 quoqne
1601 1555 1713 1608 liberare
1732 1569 1793 1608 eum
1809 1555 1843 1606 ab
1861 1555 1942 1610 altero

278 1621 351 1674 titur.
377 1637 427 1674 neo
443 1621 506 1674 huic
524 1621 685 1674 contrarium
702 1625 751 1684 est,
770 1621 849 1688 quod,
868 1621 892 1674 si
909 1621 1086 1690 stipulatusa
1135 1623 1246 1690 poterit,
1274 1639 1335 1674 curn
1352 1621 1379 1674 id
1397 1621 1548 1690 specialiter
1565 1621 1631 1690 agit,
1655 1637 1687 1676 eo
1704 1621 1787 1690 magis
1805 1637 1866 1676 cnm
1884 1637 1941 1676 eam

279 1687 349 1742 Titio
368 1687 443 1742 luero
458 1687 572 1742 uorandi
587 1687 673 1742 animo
689 1687 740 1740 sub
755 1687 918 1754 condicione,
953 1687 1085 1742 uodmihi
1135 1689 1334 1756 stipulationem
1367 1689 1478 1744 similem
1505 1705 1563 1744 esse
1598 1689 1731 1744 solutioni
1755 1689 1939 1744 existimemus.

279 1755 449 1824 Sempronius
465 1755 552 1820 debet,
570 1759 597 1810 ιι
613 1757 745 1822 pendente
763 1755 918 1810 condicione
935 1705 1021 1810 iilius
1038 1755 1083 1808 de·
1135 1757 1254 1824 alioquin
1272 1757 1335 1826 quid
1354 1757 1485 1822 dicemus,
1510 1757 1533 1810 si
1551 1771 1620 1810 unus
1643 1757 1803 1826 delegaverit
1820 1759 1943 1814 creditori

281 1823 401 1888 cesserit,
426 1823 544 1892 quamvis
566 1829 627 1876 ante
650 1821 750 1876 aditam
767 1823 941 1876 hereditatem
964 1821 1084 1876 condicio
1135 1837 1184 1878 suo
1213 1839 1378 1878 communem
1406 1823 1552 1878 debitorem
1578 1825 1654 1892 isque
1682 1825 1716 1878 ab
1746 1839 1778 1880 eo
1802 1825 1942 1894 stipulatus

279 1889 415 1954 exstiterit,
434 1891 540 1944 novatio
557 1891 644 1944 fieret:
668 1891 712 1942 hic
730 1889 799 1942 enim
816 1897 901 1944 morte
914 1891 1084 2010 ἕιοιιιιιοιιι
1134 1891 1235 1944 luserit?
1269 1897 1317 1946 aut
1333 1891 1428 1946 mulier
1445 1891 1576 1946 fundnm²
1592 1891 1698 1946 iusserit
1717 1891 1773 1946 doti
1789 1891 1941 1962 promittere

278 1973 332 2012 non
353 1957 514 2026 extinguitur
536 1957 684 2026 stipulatio,
708 1957 756 2012 sed
777 1959 912 2012 transita
953 1957 1083 2026 heredem,
1134 1959 1204 2022 viro,
1232 1961 1272 2014 vel
1295 1965 1413 2028 nuptura
1435 1959 1486 2028 ipsi
1510 1959 1566 2014 doti
1584 1975 1644 2014 eum
1660 1959 1849 2030 promiserit³t
1882 1975 1942 2014 nam

279 2027 354 2080 cuius
371 2041 512 2094 personam
529 2025 633 2080 interim
650 2025 785 2080 hereditas
802 2027 924 2080 sustinet.
1134 2027 1239 2082 debitor
1256 2029 1290 2082 ab
1308 2035 1422 2096 utroque
1439 2029 1606 2082 liberabitur.

314 2089 352 2150 25
374 2093 481 2148 Onasus
496 2095 564 2146 libro
576 2095 669 2164 primo
686 2095 851 2164 clipeatorum
880 2095 943 2148 Non
959 2093 1019 2146 ideo
1036 2109 1083 2148 ιο-
1169 2091 1209 2152 32
1227 2095 1346 2150 Paulus
1367 2095 1436 2150 libro
1451 2099 1545 2166 primo
1568 2097 1606 2150 orl
1628 2095 1769 2150 Neratium
1804 2095 1843 2150 Τι
1859 2095 1941 2150 horni-

278 2175 340 2216 vare
368 2167 482 2216 veterem
509 2161 694 2230 obligationem
724 2161 863 2232 quisquam
887 2167 960 2218 recte
986 2167 1083 2230 potest,
1135 2179 1196 2218 nem
1213 2167 1240 2216 et
1257 2163 1345 2218 Seium
1364 2163 1455 2218 decem
1472 2163 1537 2218 mibi
1556 2163 1620 2218 darc
1636 2167 1754 2234 oportet:
1779 2163 1894 2232 stipulor
1910 2165 1943 2218 ab

278 2229 350 2298 quod
367 2229 498 2284 interdum
515 2237 587 2284 recte
605 2229 628 2284 ei
646 2229 769 2284 solvitur:
794 2245 855 2284 nam
873 2229 971 2294 ethis,
995 2229 1084 2298 quiin
1133 2233 1219 2286 altero
1242 2231 1358 2286 novandi
1383 2245 1466 2284 causa
1488 2233 1539 2284 ita:
1565 2231 1643 2300 ‘quod
1665 2237 1692 2286 te
1710 2237 1757 2284 aut
1774 2231 1863 2286 Seium
1881 2231 1943 2286 dare

278 2303 370 2352 nostra
384 2301 516 2366 potestate
530 2303 600 2362 sunt,
619 2299 690 2366 quod
704 2299 739 2352 ab
757 2299 798 2352 his
815 2299 942 2352 creditum
958 2303 999 2352 est
1012 2303 1084 2352 recte
1136 2299 1271 2368 ιιιιιιιιί
1295 2305 1437 2368 utrumque
1454 2305 1575 2354 noratur.
1610 2299 1739 2354 Paulus:
1763 2299 1863 2366 merito,
1883 2301 1943 2368 quia

277 2365 409 2420 interdum
431 2365 553 2430 solvitur,
577 2381 636 2418 ιιιι
660 2381 737 2420 nemo
761 2381 852 2422 eorum
875 2381 1085 2434 perseuerare
1134 2375 1276 2434 utrumque
1292 2369 1321 2422 in
1337 2367 1512 2436 posteriorem
1530 2367 1671 2422 deducitur
1687 2365 1894 2434 stipulationem.

278 2433 395 2502 priorem
412 2433 598 2500 obligationem
614 2435 672 2488 iure
688 2433 784 2502 possit.
1169 2431 1208 2494 33
1229 2437 1436 2490 Τιιιιιοιιιιι
1456 2435 1524 2490 libro
1541 2451 1570 2488 sc
1591 2437 1653 2488 timo
1671 2437 1881 2506 disputationum
1916 2435 1944 2490 st

313 2497 531 2578 tetrasemo
550 2503 627 2578 lertio
645 2501 808 2572 clipeatorum
839 2501 867 2554 Si
884 2501 915 2578 is,
933 2501 977 2578 cui
994 2499 1085 2554 decem
1135 2503 1221 2558 Titius
1244 2503 1344 2558 donare
1366 2503 1432 2578 mihi
1454 2503 1545 2558 volens
1565 2451 1703 2572 {elegatus
1721 2519 1737 2556 a
1754 2519 1797 2558 me
1820 2503 1943 2568 creditori

280 2569 373 2632 Titius,
392 2569 541 2634 quindecim
557 2567 632 2620 Serus
651 2567 778 2634 debebat,
797 2569 831 2622 ab
849 2569 923 2622 Attio
941 2569 1084 2636 stipulatus
1134 2587 1193 2626 meo
1211 2571 1349 2640 stipulanti
1367 2571 1523 2638 spopondit,
1542 2587 1595 2626 non
1613 2571 1722 2626 habebit
1739 2571 1866 2626 adversus
1884 2587 1943 2626 eum

278 2641 320 2690 est
336 2635 407 2704 quod
424 2635 468 2690 ille
481 2641 528 2688 aut
545 2635 615 2704 quod
629 2635 674 2690 ille
688 2635 791 2702 debeat,
810 2635 868 2690 dari
882 2635 940 2700 sibi,
959 2641 1083 2690 novatum
1134 2639 1207 2692 illam
1230 2639 1427 2708 exceptionem,
1451 2643 1482 2692 ut
1504 2643 1635 2708 quatenus
1658 2639 1748 2692 facere
1769 2645 1858 2706 potest
1881 2653 1943 2692 con·

278 2709 418 2772 utrumque
440 2717 495 2758 non
518 2709 569 2768 est,
593 2703 640 2758 sed
663 2705 691 2758 in
713 2709 846 2772 potestate
868 2703 935 2758 Attii
957 2707 1011 2770 est,
1034 2719 1084 2772 pro
1136 2707 1287 2762 damnetur:
1315 2721 1377 2760 narn
1400 2707 1528 2762 adversus
1551 2707 1658 2760 metali
1681 2707 1835 2762 defensione
1852 2707 1943 2760 merito

278 2787 330 2842 quo
352 2773 415 2826 uelit
439 2773 539 2828 solvere
561 2777 588 2824 et
610 2787 669 2826 eurn
691 2771 814 2826 liberare.
848 2769 978 2840 fingamus
996 2777 1084 2826 autem
1135 2777 1274 2840 utebatur,
1300 2773 1362 2842 qnia
1393 2775 1523 2830 donatum
1545 2775 1580 2830 ab
1611 2791 1641 2830 eo
1664 2775 1800 2844 petebam,
1829 2773 1944 2830 creditor

278 2841 315 2894 ita
332 2845 429 2904 actum,
448 2847 479 2894 ut
494 2841 651 2894 alterutrum
665 2839 753 2896 daret:
771 2855 834 2896 nam
851 2839 969 2908 alioquin
982 2845 1083 2896 utrum·
1135 2849 1225 2898 autem
1243 2843 1360 2898 debitum
1376 2845 1554 2912 persequitur.

279 2923 330 2978 que
347 2911 489 2980 stipulatus
510 2909 614 2962 videtur
632 2913 658 2962 et
675 2915 817 2978 utrumque
834 2914 972 2974 novatum,
995 2911 1019 2964 si
1036 2925 1083 2962 no·
1169 2909 1210 2970 34
1231 2911 1323 2968 Gaius
1343 2911 1410 2966 libro
1434 2913 1512 2968 terlio
1530 2911 1563 2966 dc
1580 2911 1720 2968 amborum
1738 2911 1944 2982 cblr'palr'om'bus

281 2977 356 3032 sandi
373 2977 459 3032 auimo
477 2975 528 3032 hoc
545 2977 600 3030 fiat.
1135 2979 1260 3034 Dubitari
1283 2995 1338 3034 non
1359 2979 1451 3044 debet,
1475 2979 1539 3048 quin
1556 2979 1626 3034 filius
1644 2995 1782 3046 sensusve,
1800 2979 1845 3034 cui
1861 2979 1943 3034 admi-

312 3043 351 3102 27
371 3045 633 3100 Pirisaboram
652 3045 729 3100 terlio
747 3059 936 3114 responsorum
972 3043 1086 3112 Emptos
1134 3049 1257 3102 nistratio
1281 3047 1381 3116 peculii
1403 3049 1534 3118 permissa
1557 3051 1611 3112 est,
1635 3047 1752 3102 novandi
1775 3063 1880 3116 quoque
1898 3063 1943 3116 pe-

280 3129 339 3168 rum
367 3113 504 3182 delegante
534 3113 669 3168 venditore
719 3115 842 3168 scuriam
870 3111 910 3166 ita
940 3113 1084 3182 promittit:
1136 3115 1247 3172 collaria
1264 3115 1354 3172 debita
1370 3115 1412 3170 ius
1431 3117 1537 3180 habeat,
1556 3115 1647 3184 utique
1665 3117 1688 3170 si
1705 3115 1758 3184 ipsi
1775 3115 1943 3186 stipulentur,

279 3181 415 3252 ‘quidquid
432 3199 465 3236 ex
486 3181 591 3238 vendito
609 3181 672 3236 dare
701 3195 779 3236 acere
797 3181 927 3250 oportet',
944 3181 1085 3236 novatione
1134 3185 1248 3238 maxime
1279 3185 1303 3240 si
1333 3185 1413 3238 etiarn
1438 3185 1573 3238 meliorem
1604 3199 1680 3238 suam
1706 3183 1888 3238 condicionem
1914 3199 1943 3238 eo

278 3257 370 3308 secuta
386 3267 481 3306 usuras
500 3251 585 3304 neutri
602 3257 665 3322 post
681 3251 797 3304 insecuti
813 3249 939 3320 temporis
958 3249 1044 3304 debet.
1134 3253 1213 3308 modo
1232 3253 1342 3308 faciunt.
1369 3269 1431 3306 nam
1448 3253 1472 3308 si
1490 3253 1570 3308 alium
1586 3252 1697 3309 iubeant
1715 3253 1845 3322 stipulari,
1862 3253 1944 3308 inter·

312 3315 351 3376 28
378 3319 458 3374 Indu
486 3321 553 3376 libro
584 3319 701 3376 secundo
735 3319 919 3388 definitionum
962 3319 1085 3374 Fundum
1135 3327 1185 3388 est,
1202 3327 1292 3376 utrum
1311 3321 1428 3376 donandi
1441 3321 1529 3376 animo
1547 3321 1627 3376 alium
1643 3321 1753 3376 iubeant
1770 3321 1893 3390 stipulari
1910 3337 1944 3376 an

279 3387 465 3442 Cornelianum
482 3389 623 3456 stipulatus
641 3387 736 3458 quanti
753 3387 852 3442 fundus
869 3393 910 3442 est
926 3393 1020 3456 postea
1037 3387 1084 3442 sti·
1135 3397 1165 3444 ut
1190 3391 1243 3460 ipsi
1272 3389 1327 3444 lilio
1353 3403 1461 3446 servove
1486 3391 1620 3458 negotium
1641 3393 1728 3458 gerat:
1761 3405 1814 3460 quo
1841 3391 1945 3444 nominc

278 3457 367 3524 pulor:
387 3457 411 3510 si
427 3473 481 3512 non
497 3457 611 3512 novandi
623 3457 711 3510 animo
727 3457 846 3510 secunda
864 3455 997 3524 stipulatio
1012 3455 1086 3508 facta
1139 3465 1148 3512 l
1186 3457 1266 3512 etiarn
1284 3457 1405 3512 mandati
1429 3457 1500 3512 actio
1523 3459 1628 3526 peculio
1646 3457 1802 3526 adquiritur.
1837 3457 1943 3526 Adgna-

279 3529 327 3588 est,
345 3529 432 3578 cessat
449 3525 567 3580 novatio:
587 3523 704 3580 secunda
719 3541 783 3580 vero
801 3525 938 3594 stipulatio
954 3529 1033 3592 tenet,
1052 3539 1085 3578 ex
1134 3533 1191 3580 turn
1214 3525 1311 3580 furiosi
1332 3531 1381 3580 aut
1397 3525 1506 3608 prodigi
1527 3531 1678 3580 curatorem
1700 3525 1815 3580 novandi
1837 3525 1878 3580 ins
1895 3527 1943 3580 ha·

279 3607 331 3660 qua
357 3607 412 3646 non
434 3591 546 3658 fundus,
577 3593 623 3646 sed
648 3593 764 3662 pecunia
788 3593 907 3646 debetur.
947 3591 1086 3662 itaquesi
1136 3597 1200 3650 bere
1217 3595 1324 3650 minime
1341 3595 1517 3650 dubitandum
1535 3599 1582 3662 est,
1601 3593 1624 3648 si
1640 3595 1692 3648 hoc
1710 3593 1811 3648 fumoso
1824 3595 1865 3648 vel
1882 3611 1942 3664 pro-

279 3675 340 3714 reus
362 3661 532 3730 promittendi
554 3661 666 3714 fundum
689 3661 787 3724 solvat,
815 3661 932 3716 secunda
950 3661 1085 3730 stipulatio
1136 3669 1151 3716 2
1188 3665 1247 3732 digo
1267 3663 1399 3732 expediat.
1425 3663 1457 3716 Iu
1475 3679 1578 3718 summa
1595 3661 1754 3718 admonendi
1772 3679 1861 3716 sumus
1880 3661 1944 3716 nihil

278 3727 336 3782 iure
353 3745 407 3784 non
429 3729 544 3794 tollitur,
567 3745 616 3784 neo
633 3729 657 3784 si
677 3729 750 3782 litem
768 3733 843 3782 actor
860 3745 894 3784 ex
917 3729 1004 3796 prima
1022 3745 1084 3782 oon·
1135 3735 1224 3786 vetare
1247 3745 1302 3784 una
1325 3731 1497 3800 stipulatione
1525 3731 1615 3800 plures
1642 3731 1816 3798 obligationes
1844 3729 1944 3796 novari,

278 3801 399 3850 testetur.
434 3797 547 3866 denique
570 3799 678 3852 meliore
705 3797 748 3850 rel
776 3795 906 3850 deteriore
932 3795 1005 3852 facto
1029 3797 1086 3850 sine
1136 3799 1217 3852 veluti
1233 3799 1257 3854 si
1272 3799 1314 3852 ita
1330 3799 1364 3852 sti
1384 3801 1500 3854 ulernur:
1520 3799 1600 3868 ‘qnod
1614 3797 1715 3852 Titium
1732 3805 1758 3852 et
1776 3799 1865 3852 Seium
1882 3799 1946 3852 milri

279 3865 358 3934 culpa
388 3865 515 3922 debitoris
545 3871 638 3934 postea
668 3865 751 3920 fundo
782 3881 909 3934 praesens
936 3865 1085 3930 aestimatio
1136 3867 1208 3922 ‘darc
1226 3869 1340 3934 oportet,
1358 3815 1386 3920 ιι
1403 3865 1462 3922 dari
1479 3865 1620 3936 spondesl'
1643 3867 1707 3922 licet
1724 3867 1794 3922 eninr
1809 3881 1843 3922 ex
1859 3865 1943 3922 diver·

278 3932 361 3988 fundo
385 3933 467 4002 petito
489 3939 561 3990 recte
584 3935 793 4000 consideretur1,
817 3933 845 3988 in
866 3933 951 3988 altera
974 3949 1036 3988 vero
1053 3949 1086 3988 ea
1136 3935 1172 3990 ιιι
1199 3935 1287 3990 causis
1313 3933 1410 4002 singuli
1442 3935 1548 3988 buerant
1574 3935 1695 4004 obligati,
1725 3935 1830 4004 utrique
1855 3939 1943 3988 tamen

279 4003 426 4056 aestimatio
455 4003 540 4070 venit,
568 4017 636 4072 quae
659 4003 793 4058 secundae
818 4001 997 4072 stipulationis
1019 4009 1085 4056 tem·
1134 4003 1284 4058 novationis
1307 4003 1365 4056 inre
1385 4003 1547 4070 liberantur,
1571 4019 1633 4058 eum
1654 4003 1740 4058 utrius
1759 4019 1793 4058 ue
1816 4003 1941 4070 obligatio

278 4085 344 4140 pore
361 4069 419 4124 luit.
1133 4071 1163 4126 in
1184 4071 1263 4126 huius
1289 4085 1445 4142 personam,
1473 4087 1565 4140 aquo
1587 4087 1660 4126 nunc
1682 4071 1735 4140 stip
1766 4087 1851 4138 emur,
1881 4087 1942 4124 con-

314 4135 354 4194 29
378 4137 496 4192 Parrus
524 4139 592 4192 libro
618 4139 741 4192 uicesimo
789 4141 870 4192 ucrto
900 4139 1086 4208 quaestionum
1134 4139 1210 4194 fluat.

278 4205 366 4260 Aliam
383 4221 491 4260 causam
508 4221 567 4268 esse
584 4205 731 4260 ιοιιιιοιιι
748 4153 925 4272 ιιιιιιιιιιι,
948 4205 1028 4260 abans
1044 4205 1085 4258 iu-

280 4273 342 4326 dicii
359 4275 462 4342 accepti
483 4273 567 4326 multa
590 4273 711 4344 exempla
728 4273 879 4330 ostendunt.
914 4275 984 4344 perit
1005 4273 1085 4342 priri·
1661 4331 1662 4334 ,

279 4339 375 4462 leglium
393 4341 518 4462 dotisdetd
524 4341 630 4408 tutelae,
649 4343 676 4464 sil
687 4347 750 4412 post
767 4341 975 4464 dirogtinnroedos
991 4341 1027 4462 int
1037 4343 1085 4464 sl}
1505 4343 1576 4406 111⁴.

299 4411 441 4462 nationem
485 4415 614 4462 eucatur
633 4425 666 4466 ,re
703 4415 767 4478 post
808 4425 828 4462 ι
847 4415 905 4464 erta
932 4425 959 4462 m
985 4415 1042 4464 tue
1071 4425 1085 4464 e

279 4427 349 4532 ictio
367 4483 485 4542 novetur,
503 4477 527 4530 si
543 4477 571 4530 id
583 4477 734 4546 specialiter
746 4425 836 4534 actim
851 4483 904 4532 est:
923 4477 994 4546 quod
1007 4493 1085 4534 nemo
1200 4445 1247 4496 DE
1264 4443 1509 4496 SOLUTIONIBUS
1526 4445 1572 4496 ΕΤ
1589 4443 1884 4496 LIBERATIOMBUS'

281 4545 347 4600 dixit
362 4545 408 4600 lite
427 4549 589 4600 contestata:
614 4561 699 4614 neque
716 4545 786 4600 enim
803 4545 960 4600 deteriorem
977 4559 1085 4600 eausam
1172 4543 1186 4600 1
1212 4543 1358 4600 Uarrrrcs
1377 4543 1445 4600 libro
1463 4543 1690 4618 quadropmstmo
1714 4545 1791 4600 tertio
1813 4543 1850 4598 cd
1865 4543 1941 4600 Satt-

279 4619 398 4668 nostram
414 4613 528 4666 tacimus
547 4613 677 4668 actionem
694 4619 859 4680 exercentes,
878 4613 924 4670 sed
941 4615 1083 4678 meliorem,
1135 4627 1198 4666 aum
1224 4611 1352 4678 Quotiens
1370 4611 1431 4682 quis
1448 4611 1552 4666 debitor
1568 4611 1741 4682 expluribus
1757 4611 1843 4666 causis
1859 4627 1942 4666 uuum

280 4687 311 4736 ut
333 4683 400 4736 solet
422 4681 474 4734 dici
495 4681 524 4734 in
546 4681 588 4734 his
612 4681 774 4748 actionibus,
804 4697 872 4750 quas
899 4687 1017 4750 tempore
1043 4681 1084 4736 rel
1135 4679 1254 4734 debitum
1271 4679 1358 4746 solvit,
1377 4683 1419 4736 ιιι
1435 4681 1463 4732 ιι
1481 4679 1590 4734 arbitrio
1610 4681 1734 4736 solventis
1753 4677 1851 4748 dicere,
1871 4679 1942 4748 quod

280 4755 364 4804 morte
381 4749 451 4802 finiri
468 4753 589 4816 possunt.
1133 4747 1224 4816 potius
1244 4747 1361 4802 debiturn
1378 4747 1491 4802 voluerit
1509 4747 1637 4812 solutum,
1656 4753 1683 4800 et
1702 4747 1773 4866 quod
1790 4745 1896 4810 dixerit,
1914 4747 1942 4800 id

314 4813 354 4874 30
377 4817 456 4870 lusu
476 4817 544 4870 lttro
566 4817 658 4884 quinto
680 4831 871 4886 responsorum
905 4815 1005 4870 Paulus
1028 4831 1084 4870 res·
1134 4813 1185 4868 erit
1202 4813 1329 4870 solutum:
1346 4829 1490 4882 possumus
1504 4815 1574 4868 enirn
1592 4819 1692 4870 certam
1719 4829 1793 4882 egem
1813 4813 1900 4868 dicere
1919 4813 1942 4870 ei

281 4883 383 4952 pendit,
401 4885 424 4936 si
440 4885 555 4936 creditor
569 4897 586 4936 a
601 4883 755 4952 Sempronio
770 4883 885 4936 novandi
899 4885 985 4936 animo
1001 4883 1084 4950 stipu·
1134 4881 1206 4948 quod
1222 4881 1356 4936 solvimus.
1384 4881 1505 4948 quotiens
1519 4897 1581 4936 vero
1599 4897 1653 4936 non
1670 4881 1791 4948 dicimus,
1808 4881 1853 4934 ιι5
1871 4881 1941 4948 quod

279 4953 349 5006 latus
367 4957 438 5006 esset
451 4953 503 5018 ita,
527 4955 558 5004 ιιι
574 4963 591 5002 ι
608 4951 693 5018 prima
711 4951 872 5020 obligatione
888 4951 917 5004 in
934 4951 1084 5004 umversum
1135 4947 1251 5004 solutum
1274 4951 1322 5014 sit,
1347 4949 1376 5002 in
1400 4949 1509 5004 arbitrio
1532 4955 1573 5002 est
1591 4949 1758 5018 accipientis,
1787 4947 1831 5002 oui
1852 4949 1941 5016 potins

281 5017 471 5084 discederetur,
494 5033 601 5074 rursum
623 5017 729 5072 easdem
746 5033 789 5072 res
808 5033 825 5072 a
847 5017 994 5086 posteriore
1012 5017 1084 5072 debi·
1135 5016 1224 5070 debito
1249 5021 1389 5086 acceptum
1413 5015 1496 5084 ierat,
1526 5015 1668 5070 dummodo
1695 5015 1775 5070 inid
1797 5015 1941 5070 constituat

280 5093 338 5140 tora
356 5085 412 5140 sina
429 5101 558 5140 consensu
581 5085 677 5152 prioris
695 5085 808 5154 obligari
824 5099 879 5140 non
894 5101 981 5154 posse.
1134 5085 1264 5152 solutum,
1290 5083 1320 5138 in
1335 5083 1407 5152 quod
1424 5083 1494 5152 ipse,
1520 5083 1543 5138 si
1567 5085 1686 5152 deberet,
1713 5089 1784 5164 esset
1805 5083 1940 5140 soluturus

315 5151 352 5212 31
380 5155 546 5210 Verconnius
566 5155 633 5206 libro
651 5155 729 5206 tertio
746 5155 783 5206 ιιι·
800 5153 949 5206 ιιῐαιιοιιιιιι
984 5153 1012 5206 Si
1028 5167 1084 5206 rem
1134 5167 1239 5222 quoque
1256 5151 1345 5206 debito
1364 5167 1394 5206 ιι
1411 5157 1604 5206 exoneraturas
1622 5159 1705 5216 esset,
1723 5167 1746 5206 ιι
1763 5151 1896 5218 deberem,
1913 5151 1941 5206 id

281 5221 395 5290 aliquam
418 5221 475 5276 dari
503 5223 540 5276 ιιι
558 5221 646 5274 nialus
675 5235 746 5286 sum,
775 5171 870 5276 ieiune
899 5219 1010 5274 eandem
1033 5221 1083 5276 sub
1134 5221 1226 5274 estin
1250 5219 1277 5272 id
1303 5220 1436 5284 debitum,
1461 5219 1532 5288 quod
1555 5235 1610 5274 non
1627 5221 1685 5272 ιιι7
1708 5217 1735 5270 in
1754 5217 1940 5286 controversia,

281 5289 435 5344 condicione
452 5305 539 5342 noran
559 5287 667 5342 'animo
685 5289 720 5342 ab
734 5287 827 5344 eodem
841 5287 959 5356 stipuler,
976 5303 1083 5344 manera
1134 5291 1182 5340 aut
1202 5287 1230 5340 in
1252 5287 1329 5350 illud,
1358 5287 1430 5354 quod
1457 5301 1506 5356 pro
1529 5287 1582 5342 alio
1606 5287 1664 5354 quis
1690 5283 1868 5352 fideiusserat,
1895 5293 1941 5340 ant

281 5361 386 5424 oportet
407 5371 463 5410 rem
483 5355 510 5408 in
533 5357 612 5410 rebus
635 5355 772 5422 humanis,
794 5359 827 5410 nt
852 5355 986 5410 ιιιιιιοιι
1007 5355 1083 5410 locus
1135 5353 1209 5408 cuius
1228 5353 1284 5410 dies
1301 5355 1419 5408 nondum
1431 5359 1554 5408 venerat:
1572 5353 1759 5420 aequissimum
1774 5355 1842 5408 enim
1856 5353 1940 5408 visum

280 5423 324 5486 sit,
341 5423 392 5476 nisi
404 5423 428 5476 si
440 5439 488 5492 per
502 5425 688 5490 promissorem
701 5423 811 5488 steterit,
830 5437 882 5494 quo
897 5421 984 5476 minus
999 5421 1082 5478 daret.
1135 5425 1176 5476 est
1193 5421 1349 5476 creditorem
1366 5421 1406 5476 ita
1423 5437 1502 5488 agere
1518 5437 1575 5476 rem
1592 5418 1727 5488 debitoris,
1745 5425 1776 5474 ιι
1789 5437 1865 5476 suam
1879 5437 1940 5488 age·

279 5487 392 5558 ideoque
414 5489 438 5544 si
462 5491 593 5546 hommem
620 5489 684 5544 mihi
713 5491 777 5546 dare
801 5495 830 5548 te
860 5495 981 5560 oporteat
1009 5493 1036 5544 et
1055 5489 1083 5544 in
1133 5493 1182 5542 ιιι.
1217 5489 1381 5560 permittitur
1401 5503 1464 5558 ergo
1488 5489 1604 5544 creditor
1626 5487 1801 5554 constituere,
1824 5491 1853 5542 in
1871 5489 1941 5558 quod

281 5663 311 5724 (ll
329 5659 480 5712 desideratur
494 5679 541 5714 sor.
616 5665 648 5724 (ι)
666 5661 691 5712 ιι
705 5659 753 5710 sibi
767 5659 879 5712 etalteri
893 5657 1021 5712 debentem
1036 5659 1081 5710 ins.
1133 5659 1197 5726 Pap.
1211 5671 1314 5724 st...108.
1329 5687 1364 5696 -
1378 5659 1494 5722 Bacis,
1508 5671 1575 5710 t.···
1592 5659 1629 5728 Cf
1643 5659 1735 5726 Cocli,
1749 5657 1788 5712 ts
1860 5661 1896 5726 (tl
1913 5661 1939 5710 in

281 5731 314 5792 (3)
331 5731 510 5782 remiseritscr.
1133 5727 1342 5794 Setultiup,idl’
1387 5729 1421 5792 ιι)
1439 5727 1686 5792 quoqne...deberei
1695 5729 1741 5780 del.
1751 5729 1812 5782 Hal.
1833 5765 1834 5768 =
1862 5731 1896 5794 (l)
1913 5731 1938 5782 ld

314 5799 345 5856 (ι)
364 5797 496 5852 eat.1...a.
512 5809 532 5848 s.
549 5809 627 5860 ι...ιο;
650 5797 698 5850 Ed.
715 5809 735 5848 ι.
751 5807 771 5848 ι.
788 5807 879 5858 ιι...ιιι
903 5797 968 5866 App.
984 5805 1080 5856 satas:
1132 5793 1540 5860 estncniniddebitumquodest
1554 5797 1666 5852 ιἰιιιιιι
