4400 6276
284 333 391 398 XXVI
413 337 472 398 2ι3
1085 323 1165 396 336-
1302 349 1746 396 nuooussuusunornroan
1757 339 1950 402 vencnum.
2005 317 2006 320 Ἴ

317 513 647 584 suessonensium
671 519 770 582 quoru
797 529 987 586 responsorum
1029 513 1091 566 Iure
1142 519 1224 582 atquc
1249 519 1351 568 ceteros
1376 519 1496 578 mures,
1541 513 1570 566 ui
1595 513 1688 570 eodem
1711 519 1871 570 testamento
1896 517 1952 574 dati

284 587 375 638 nostro
392 579 477 634 tutela
495 579 675 634 communium
692 579 836 640 liberorum
844 581 923 636 matri
931 585 1089 634 testamento
1142 583 1157 634 2
1191 585 1263 634 sunt.
1304 579 1407 634 Lucius
1429 579 1515 636 Titius
1559 581 1647 636 eredes
1670 581 1786 636 institnit
1802 581 1871 636 filios
1888 585 1967 640 suos'
1995 645 1997 648 ,

282 647 366 730 patris
380 647 484 702 frustra
508 647 663 710 mandatur,
687 663 752 714 uec,
776 651 799 702 si
815 649 966 720 provinciae
983 661 1090 718 praeses
1141 647 1278 716 pupillaris
1305 647 1402 702 aetatis
1434 649 1523 716 eisque
1552 651 1654 702 tutores
1685 649 1728 702 his
1752 651 1839 704 verbis
1865 649 1950 708 dedit:

281 713 413 784 imperitia
430 715 522 784 lapsus
539 715 624 784 patris
641 713 804 772 voluntatem
821 715 981 786 sequendam
998 715 1089 768 decro-
1142 715 1210 768 ‘filiis
1227 715 1292 770 meis
1310 721 1413 768 tutores
1436 721 1515 770 sunto
1539 715 1623 770 Gaius
1639 717 1760 772 Maevius
1784 723 1811 770 et
1831 717 1952 772 Lucius⁸

282 783 356 846 verit,
374 797 513 836 successor
530 783 587 836 eius
605 783 772 850 renuntiem,
797 801 876 854 quam
892 783 963 852 leges
981 787 1090 836 nostrae
1142 783 1238 848 ‘Eros',
1256 783 1300 836 cui
1322 783 1401 836 Eroti
1423 783 1572 838 libertatem
1594 799 1649 838 non
1672 783 1758 838 dedit:
1787 783 1839 838 fuit
1861 789 1951 840 autem

285 857 297 904 i
331 865 386 904 non
409 849 566 914 admittunt,
590 855 664 902 recte
690 857 823 920 sequetur.
866 849 981 906 Honoris
1007 859 1090 906 causa
1141 849 1300 904 Erasistra
1316 849 1541 930 vigintiquinque
1558 865 1643 906 annos
1661 851 1774 906 aetatis:
1799 867 1897 920 quaero
1916 867 1951 906 an

281 921 354 972 tutor
371 915 450 972 datus
467 933 521 972 non
538 915 648 978 ridetur,
667 933 745 984 quem
767 927 844 990 pater
866 933 882 972 a
906 915 1000 972 ceteris
1017 921 1089 972 tuto·
1140 917 1226 986 possit
1247 917 1398 972 libertatem
1421 919 1473 972 sibi
1493 917 1636 972 uindicare.
1679 913 1779 972 Pardus
1805 921 1950 988 respondit,

281 987 363 1050 ribus,
383 987 477 1054 quibus
495 985 601 1052 negotia
617 987 732 1052 gerenda
748 987 891 1050 mandevit,
908 983 1026 1052 ratiorms
1037 999 1089 1038 ac·
1142 985 1267 1064 qnoniam
1289 987 1380 1056 placet
1405 999 1473 1050 enm,
1491 985 1537 1054 qui
1554 999 1572 1038 a
1589 987 1695 1040 domino
1713 991 1787 1042 tutor
1804 987 1883 1040 datus
1901 993 1950 1054 est,
2000 1033 2001 1036 ,

281 1057 296 1106 2
332 1053 419 1122 cipere
435 1053 526 1106 voluit.
560 1053 675 1120 Propter
690 1055 765 1110 litem
780 1053 923 1110 motfioiosi
938 1053 1089 1106 testamenti
1139 1053 1289 1106 hbertatem
1305 1065 1419 1122 ‘quoque
1442 1053 1570 1106 mermsse
1591 1053 1691 1118 siden,
1718 1067 1777 1106 eum
1795 1071 1899 1122 quoque
1917 1054 1950 1110 de

281 1119 455 1176 ordinandam
472 1119 633 1174 exheredato
650 1119 714 1188 lilio,
725 1123 768 1176 cni
785 1127 898 1176 tutorem
914 1125 993 1188 pater
1007 1119 1088 1184 dedit,
1140 1137 1193 1190 quo
1211 1121 1348 1190 quaeritur
1364 1119 1392 1174 in
1410 1119 1503 1176 eadem
1520 1135 1602 1176 eausa
1618 1121 1770 1176 habendum
1788 1129 1815 1176 et
1837 1123 1950 1176 liberum

281 1187 394 1242 eundem
411 1205 427 1242 a
443 1191 568 1256 praetore
586 1185 738 1244 confirmari
755 1193 873 1260 oportet:
907 1189 1031 1242 ²eoeutus
1047 1187 1088 1242 iu·
1140 1189 1246 1258 quidem
1263 1189 1298 1242 ab
1315 1187 1389 1242 adita
1404 1187 1553 1242 hereditate
1577 1203 1647 1254 esse,
1670 1189 1755 1244 tutela
1777 1195 1866 1244 antem
1888 1197 1950 1260 post

281 1257 386 1310 dicatae
408 1257 445 1310 rei
471 1253 633 1320 declarabit,
657 1261 749 1314 utrum
770 1275 804 1312 ex
828 1259 988 1310 testamento
1004 1255 1088 1326 patris
1139 1257 1283 1324 legitimam
1300 1259 1415 1310 aetatem
1432 1257 1543 1310 onerosi.

280 1339 315 1376 an
333 1337 366 1376 ex
384 1323 490 1378 decreto
508 1323 639 1392 praetoris
656 1325 844 1382 auctoritatem
861 1321 1002 1392 acceperit.
1174 1321 1213 1380 33
1231 1323 1402 1380 Ieroenuus
1416 1323 1484 1378 libro
1511 1327 1604 1378 octono
1622 1339 1659 1378 σα
1676 1323 1880 1392 posterioribus
1895 1323 1949 1386 Lo-

314 1387 353 1446 27
365 1389 647 1452 Turrnomuostihro
657 1399 755 1464 quarto
764 1391 866 1446 decium
875 1389 1087 1462 desputotiouum
1139 1391 1230 1446 boonis
1263 1391 1410 1446 Tutoribns
1427 1389 1466 1444 ita
1484 1389 1566 1444 datis:
1586 1389 1708 1444 ‘Lucium
1716 1389 1817 1444 Titium
1832 1395 1949 1446 tutorem

279 1457 352 1512 Idem
377 1457 437 1524 fiet,
464 1457 488 1512 si
511 1457 667 1514 intestatum
695 1459 842 1518 detorsisse
866 1463 970 1526 patrem
994 1457 1088 1528 pupilli
1139 1459 1191 1514 ‘do
1226 1459 1296 1514 siis
1319 1473 1374 1514 non
1396 1459 1473 1524 vivit,
1496 1463 1554 1512 tum
1571 1457 1668 1512 (inum
1684 1457 1818 1512 Plautium
1835 1463 1950 1522 tutorem

280 1525 384 1578 nemim
416 1525 573 1580 defendatur
604 1527 738 1584 falsomse
768 1529 957 1580 testamentum
977 1525 1087 1580 ,nomine
1139 1527 1192 1582 ‘do'
1210 1525 1417 1582 Titius'vixerat
1434 1533 1461 1582 et
1476 1527 1587 1580 tutelam
1608 1529 1741 1594 gesserat,
1766 1525 1862 1580 tunde
1878 1543 1948 1582 mor·

298 1593 372 1662 npilli
395 1593 500 1648 dicatam
523 1601 549 1648 ot
572 1595 594 1650 si
616 1601 729 1664 patrnos
753 1599 840 1648 exstet
861 1593 993 1662 legitimus
1014 1599 1088 1648 tutor
1139 1599 1201 1648 tuus
1224 1597 1291 1648 erat.
1335 1593 1478 1648 Trebatius
1501 1609 1534 1648 ne
1552 1599 1581 1646 at
1603 1593 1639 1648 ad
1660 1593 1796 1648 Plautium
1817 1593 1950 1662 pertinere

278 1611 385 1716 iuturus
403 1661 437 1716 ab
455 1661 589 1728 intestato,
608 1665 670 1734 quia
686 1669 804 1718 tutorem
812 1659 922 1716 habenti
938 1665 1013 1716 tutor
1030 1659 1087 1714 dari
1138 1661 1262 1726 tutelam,
1284 1661 1376 1716 Labeo
1401 1667 1509 1726 torua,
1526 1609 1657 1716 irrentus
1676 1661 1748 1730 quod
1764 1661 1863 1716 Labeo.
1898 1677 1948 1732 ego

277 1745 333 1782 non
349 1733 444 1796 potest.
468 1743 530 1784 nam
548 1731 711 1786 commodius
728 1731 795 1798 ipse,
812 1729 858 1796 qui
875 1729 1007 1796 scriptura
1023 1743 1086 1782 con·
1139 1731 1257 1784 Trebatii
1274 1729 1434 1784 sententian:
1450 1729 1545 1800 probo,
1563 1729 1626 1798 qnia
1642 1729 1689 1782 iila
1704 1731 1786 1784 rerba
1803 1729 1838 1782 ad
1855 1731 1947 1786 mamis

278 1797 384 1860 sinetur,
409 1813 426 1850 a
451 1803 573 1866 praetore
596 1797 714 1862 debitam,
739 1801 770 1850 nt
792 1795 849 1848 siue
866 1795 921 1850 ullo
938 1795 992 1860 litis
1008 1811 1086 1866 prae-
1138 1803 1191 1852 tem
1210 1813 1242 1852 us
1259 1797 1419 1852 referuntur.
1597 1835 1599 1840 -
1995 1811 1996 1814 ¹

278 1863 375 1918 iudicio
392 1863 477 1920 iustus
495 1871 569 1922 tutor
586 1863 792 1934 auotorpnpitlo
810 1863 846 1918 ad
863 1877 922 1918 mm
938 1863 1011 1918 litem
1029 1863 1085 1918 fiet.
1172 1813 1212 1922 3l
1230 1863 1383 1920 deserens
1401 1863 1469 1920 tetro
1487 1863 1589 1920 docimo
1607 1863 1772 1944 dipcstorum
1813 1863 1879 1916 Cum
1901 1871 1949 1918 σοι
1976 1867 1977 1870 ’

281 1937 291 1986 1
330 1931 396 1986 Gom
412 1939 501 1988 antem
516 1935 574 2014 ipse
590 1943 711 2004 patruus,
727 1947 804 2000 quem
811 1937 927 1986 tutorem
943 1931 1086 1998 legionum
1138 1933 1230 1988 diciihs
1247 1931 1308 1988 ideo
1325 1933 1392 1986 alios
1415 1935 1518 1986 tutores
1541 1929 1606 1986 dare
1623 1929 1805 2000 significasset,
1823 1931 1948 2000 quonium

277 2001 328 2056 sibi
344 1999 450 2056 ffioebat
465 2003 582 2070 pupillus
600 2015 666 2064 esse,
685 2001 834 2056 subiectum
856 1997 939 2052 filium
962 2001 1085 2054 crimina-
1137 2005 1296 2058 testamento
1315 2001 1392 2054 datos
1402 1999 1532 2068 quosdam
1541 1999 1682 2054 defunctos
1691 2005 1740 2052 aut
1748 1999 1947 2054 monsauonem

277 2073 350 2122 retur
368 2075 394 2124 et
410 2069 446 2124 ad
463 2085 492 2124 se
508 2069 650 2138 legitimam
674 2067 848 2122 hereditatem
869 2069 1004 2136 pertinere
1022 2085 1084 2124 con·
1136 2069 1235 2124 habere
1251 2083 1332 2136 posse
1350 2069 1529 2136 comperisset,
1547 2067 1672 2122 annihila
1690 2067 1777 2122 minus
1794 2067 1840 2136 qui
1856 2081 1947 2132 eorum

276 2137 403 2202 tenderet,
421 2137 501 2190 eiiam
517 2141 633 2192 tutorem
646 2135 790 2204 petendum
804 2135 923 2190 Iulianus
940 2135 1083 2208 respondit.
1136 2139 1253 2192 struent
1275 2151 1325 2192 nec
1349 2137 1470 2190 excusati
1493 2139 1595 2202 essent,
1617 2139 1720 2190 tutores
1742 2135 1947 2204 permanerent?

311 2199 351 2262 28
369 2205 553 2260 Perrrrnrns
580 2205 648 2258 libro
673 2205 771 2274 quarto
799 2219 990 2276 responsorum
1034 2203 1085 2272 oui
1136 2203 1274 2276 respondit
1290 2205 1357 2258 nihii
1373 2203 1495 2274 proponi,
1515 2217 1563 2256 cur
1579 2217 1634 2258 non
1650 2207 1843 2272 permanerent.

276 2271 385 2326 mtebm
402 2277 560 2328 testamento
578 2271 732 2326 mandatam
749 2271 927 2326 excusationis
949 2271 1008 2328 iure
1025 2287 1083 2326 sus·

277 2337 364 2406 cipere
381 2341 473 2404 noluit,
500 2339 534 2392 ab
560 2339 601 2394 his
629 2355 735 2408 quoque
760 2339 854 2408 legatis
880 2339 1083 2394 summovendos

276 2409 334 2472 erit,
347 2423 420 2526 Quae
437 2407 498 2460 fihis
515 2405 572 2460 eius
588 2407 687 2526 relictpl
701 2411 772 2526 suni
790 2405 869 2460 modo
887 2405 911 2460 si
926 2405 1014 2474 legata
1037 2407 1084 2460 iiiii
1502 2407 1572 2468 111⁹.

276 2491 330 2528 non
384 2475 486 2528 eotiono
503 2473 620 2540 propria,
638 2487 668 2526 se
703 2475 732 2528 in
768 2489 877 2528 onorem
913 2475 978 2528 atris
996 2489 1083 2530 meru·

278 2547 288 2594 1
325 2547 409 2594 erunt.
437 2541 531 2594 Verbis
548 2539 744 2594 fideicommissi
760 2489 938 2594 manumisius
955 2557 1009 2596 non
1025 2543 1083 2596 iure
1160 2511 1206 2560 DE
1225 2507 1473 2560 CONFIRMANDO
1490 2507 1624 2558 TUTORE
1642 2507 1712 2560 VEL
1732 2505 1918 2558 CURATORE'
1991 2567 1992 2570 ¹

274 2613 347 2662 tutor
363 2613 521 2664 testamento
541 2607 633 2662 datur:
656 2613 719 2676 post
740 2609 891 2664 libertatem
914 2609 1005 2678 itaque
1021 2609 1082 2664 red·
1171 2607 1186 2666 1
1205 2607 1398 2664 Monnsnnns
1408 2607 1486 2664 ‚labro
1502 2611 1587 2662 scuto
1611 2609 1816 2664 remotionum
1828 2607 1850 2640 ¹⁰
1883 2601 1944 2660 Ἵνα

275 2675 357 2730 ditum
383 2691 417 2730 ox
440 2677 576 2730 voluntate
601 2677 739 2730 testatoris
765 2675 801 2730 uti
825 2677 937 2730 tutelam
962 2681 1081 2734 Vocatur.
1133 2673 1202 2746 μηδὲ
1225 2679 1287 2744 περὶ
1312 2679 1370 2728 τῶν
1393 2675 1588 2742 deputarique:
1614 2673 1770 2742 ὃνναμεναιν
1787 2671 1945 2756 ἐπιτρόπων
1984 2743 1985 2746 ¹

275 2747 294 2796 2*
325 2745 459 2810 Impubori
479 2745 574 2798 liborio
597 2749 727 2812 patronus
749 2743 850 2798 frustra
867 2749 983 2798 tutorem
1000 2745 1082 2810 dubit,
1133 2741 1352 2814 παραλοίψωμον,
1370 2747 1472 2814 βραχέα
1481 2745 1527 2794 καὶ
1543 2745 1606 2814 περὶ
1622 2739 1942 2812 τούτωνΗοιιιψωιιοθα.

274 2811 321 2866 sod
338 2811 500 2866 voluntatem
524 2811 595 2876 eius,
620 2811 642 2866 si
665 2809 732 2866 fidos
748 2811 926 2880 inquisitionis
944 2817 1080 2882 comunt,
1136 2817 1148 2868 1
1183 2811 1247 2864 utor
1262 2829 1332 2864 τινες
1355 2809 1384 2892 op‘
1406 2805 1544 2892 διδόμενορ
1567 2803 1661 2892 ,iffi
1685 2809 1755 2862 κατὰ
1778 2805 1945 2874 ὃιαθὴααέη

274 2883 381 2950 praetor
398 2883 530 2948 sequetur.
1133 2883 1283 2950 ἐπίτροποι,
1302 2879 1368 2930 τοῦτ
1393 2883 1452 2930 ἔστι
1468 2883 1514 2930 καὶ
1529 2897 1566 2948 οφ
1593 2897 1634 2930 αιν
1650 2879 1729 2948 ἐχρῆν
1745 2881 1791 2928 καὶ
1809 2875 1849 2932 clo
1865 2881 1944 2950 ἐχρῆν

212 2987 213 2990 ¹
307 2943 347 3004 29
364 2945 445 3000 IDEM
464 2947 532 3000 libro
555 2947 649 3018 quietio
673 2947 775 3002 doottuo
804 2961 995 3020 responsorum
1037 2947 1082 3002 Ex
1133 2951 1178 3000 καὶ
1204 2943 1236 3000 ὃν
1261 2943 1365 3016 τρόπον
1392 2949 1470 3014 ἐχρῆν
1495 2949 1540 2996 καὶ
1567 2937 1635 3000 ὅπου
1659 2947 1746 3026 ἐχρῆιρ.
1778 2943 1868 3012 πατὴρ
1890 2945 1943 3018 γὰρ

274 3015 405 3068 sententia
426 3019 534 3068 senatus
558 3013 673 3070 consulti
695 3013 838 3070 Liboniani
860 3021 934 3070 tutor
950 3029 1005 3068 non
1023 3015 1080 3080 erit,
1131 3015 1198 3070 οἱοῒσ
1214 3011 1231 3080 ἢ
1248 3009 1365 3084 ἐκγόνοις
1375 3015 1402 3076 ¹³,
1423 3011 1467 3068 oti:
1483 3015 1536 3078 ὲχσι
1553 3009 1581 3064 ἐν
1596 3011 1710 3078 ἐξουσίᾳ,
1722 3013 1815 3080 ooooi:
1829 3009 1944 3068 δίδωσιν

209 3109 210 3112 ¹
273 3081 318 3152 qui
342 3095 372 3136 se
396 3087 554 3138 testamento
586 3081 687 3150 pupillo
716 3087 833 3138 tutorem
867 3081 987 3152 scripsit:
1019 3099 1081 3138 cum
1132 3087 1282 3152 ἐπίτροπον
1308 3075 1362 3132 ἀλλ’
1374 3083 1395 3114 1*
1421 3083 1450 3134 ἐν
1475 3079 1603 3152 διαθήκῃ.
1631 3081 1680 3132 ἐὰν
1697 3081 1734 3132 ds*
1759 3071 1944 3150 ᾗπρόσοιπον

273 3155 360 3204 autem
377 3151 462 3218 patris
479 3150 601 3204 voluutas
619 3153 671 3204 hoc
687 3149 776 3220 ipsum
785 3165 924 3204 mannsna
941 3149 1079 3206 declaran-
1130 3153 1257 3204 τοιοῦτον
1274 3145 1289 3202 t
1305 3149 1343 3218 μὴ
1361 3147 1473 3204 δύναται
1492 3147 1593 3212 δοῦναι,
1603 3147 1675 3218 ,οἷον
1690 3145 1778 3218 μήτηρ
1796 3147 1812 3214 ἢ
1829 3145 1943 3220 πάτραν

274 3219 305 3272 tis
323 3217 446 3288 ambigna
470 3233 525 3272 non
551 3225 634 3282 esset,
661 3233 736 3284 eum,
763 3219 882 3288 quamvis
908 3219 953 3272 aiii
977 3223 1079 3274 tutores
1131 3213 1302 3288 ἢάλλότριόο
1318 3237 1365 3280 τις,
1385 3213 1401 3282 ἢ
1418 3213 1569 3288 πρόσωπον
1592 3215 1614 3282 qi
1640 3215 1679 3284 μὴ
1702 3211 1815 3268 δύναται
1838 3213 1941 3278 δοῦναι,

272 3291 373 3350 essent,
398 3291 547 3340 curatorem
570 3285 686 3340 dandum
708 3285 849 3354 respondi,
872 3303 923 3342 nec
939 3285 1079 3342 admitten-
1132 3285 1193 3338 otoo
1208 3285 1299 3356 πατὴρ
1322 3285 1374 3352 oio}
1397 3289 1440 3352 τῷ
1462 3283 1499 3356 μὴ
1526 3281 1584 3336 ὄντι
1607 3289 1638 3336 ἐν
1658 3281 1764 3350 ἐξουσίᾳ
1781 3279 1798 3348 ἢ
1815 3285 1940 3356 θυγατρί,

272 3355 333 3408 darn
350 3351 556 3420 excusationem,
592 3369 654 3408 uam
671 3355 729 3408 inre
743 3355 852 3424 publico
869 3353 995 3420 habebat,
1013 3369 1078 3426 quo·
1130 3351 1213 3420 ἢέὰν
1230 3353 1290 3420 οἴνα
1307 3349 1467 3422 ‘pronuntio
1484 3349 1660 3420 ἐντιμέλοοθαι
1676 3353 1734 3404 τῶν
1756 3345 1940 3424 πραγμάτων,

270 3423 342 3476 niam
366 3421 520 3492 promisisse
543 3371 699 3488 viicbattn,
726 3437 777 3476 nec
802 3429 834 3476 ut
859 3427 1011 3492 suspectum
1036 3437 1077 3478 re-
1130 3419 1148 3488 ἢ
1172 3425 1202 3474 ἐν
1226 3405 1393 3476 uniruitioc:
1418 3421 1455 3490 μὴ
1478 3421 1660 3490 βσβαισιθοῖσι
1687 3417 1728 3486 δοῖ
1754 3423 1903 3490 ἐπίτροπον
1924 3417 1941 3484 ἢ

270 3489 374 3544 moveri.
847 3531 848 3534 ι
1130 3489 1282 3562 αονράτορα
1291 3491 1318 3552 ¹⁵,
1328 3487 1392 3540 roes
1407 3487 1440 3544 τὸ
1457 3485 1549 3540 ἐνδέον
1564 3481 1789 3558 ἀναπληροῦσθαι
1802 3489 1941 3552 iussisset

306 3553 366 3614 30²
383 3557 502 3612 Pennus
516 3555 584 3612 libro
602 3561 681 3612 scuto
699 3557 905 3628 quaestiouuuu³
938 3557 998 3612 Duo
1017 3563 1079 3612 sunt
1127 3553 1261 3610 ,ὑπατικοῦ
1278 3555 1400 3618 ἐξουσίας
1417 3555 1448 3610 ui
1464 3553 1596 3614 διατάξεις
1606 3555 1794 3628 συνεχώρησαν
1808 3557 1855 3606 καὶ
1871 3559 1940 3606 κατὰ
1996 3567 1997 3570 ’

272 3623 342 3688 Titii,
359 3631 437 3692 pater
455 3629 482 3678 et
497 3621 581 3678 filius:
603 3623 685 3684 ¹datus
704 3631 745 3678 est
761 3629 835 3678 tutor
853 3625 939 3678 Titius
962 3641 1013 3680 nec
1031 3641 1078 3704 ap·
1130 3629 1146 3678 2
1179 3623 1230 3690 τὴν
1253 3623 1364 3696 γνώμην
1388 3621 1572 3692 βεβαιοῦσθαι
1595 3625 1656 3678 τοὺς
1680 3617 1848 3694 ἐπιτρόπους.
1888 3627 1956 3692 Καὶ

269 3695 354 3762 paret,
373 3691 475 3760 dequo
494 3691 720 3746 seusittesiator:
761 3705 844 3746 uuoro
868 3691 931 3762 quid
953 3693 988 3746 sit
1003 3693 1076 3748 iuris¹
1130 3691 1178 3744 ἐὰν
1201 3693 1253 3760 μὲν
1277 3691 1366 3762 πατὴρ
1392 3685 1409 3762 ᾗ
1436 3689 1451 3744 ὁ
1478 3687 1608 3754 decimauit,
1635 3695 1786 3762 περαιτέρω
1811 3683 1889 3744 οὐδὲν
1907 3685 1941 3744 uls
1999 3713 2001 3716 ·

270 3757 418 3828 respondit:
441 3757 561 3812 udatus
579 3763 628 3824 est,
647 3775 726 3828 quem
743 3709 807 3814 iare
830 3775 860 3814 se
881 3765 994 3814 testator
1017 3775 1076 3816 sen·
1129 3763 1173 3812 suu
1197 3757 1229 3810 τὸ
1255 3757 1383 3812 πλεῖστον
1407 3759 1628 3828 πολυπραγμονεῖ
1652 3753 1668 3810 ὁ
1694 3753 1845 3828 ἡγούμενοι,
1874 3753 1948 3828 o'iii

270 3827 317 3880 sit:
341 3825 408 3880 siid
425 3841 478 3880 nou
496 3831 616 3898 apparet,
634 3829 748 3882 nonius
766 3825 865 3894 deficit,
882 3827 930 3882 sod
945 3829 1077 3896 probatu,
1130 3823 1221 3882 ἁπλῶς
1239 3819 1323 3880 atriu
1338 3831 1455 3896 βεβαιοῖ·
1474 3825 1522 3878 ἐὰν
1531 3823 1561 3878 δὲ
1570 3821 1646 3882 ἄλλος
1653 3845 1701 3888 τοι,
1712 3825 1775 3878 τότε
1783 3823 1939 3912 πολυπραγ-

270 3893 366 3964 igitur⁴
383 3899 477 3948 neuter
494 3897 535 3948 est
551 3895 649 3948 tutori
1130 3901 1145 3948 3
1178 3899 1263 3964 ponet,
1283 3891 1321 3948 ,τὸ
1346 3891 1498 3966 πρόσωπον
1523 3895 1546 3946 ei
1571 3897 1645 3948 ἐστιν
1670 3891 1831 3960 ἐπιτήδειον.
1888 3897 1941 3948 uc:

303 3959 340 4020 31
360 3957 512 4016 Sonuuonn
530 3963 597 4016 iibro
616 3967 714 4030 quarto
732 3963 918 4044 quaestionum
953 3961 982 4016 si
1002 3969 1079 4032 pater
1130 3961 1229 4014 εἰδέναι
1253 3959 1296 4014 δεῖ
1319 3955 1362 4014 ὅτι
1385 3961 1525 4034 κουράτοορ
1553 3961 1623 4014 κατὰ
1646 3957 1783 4026 διαθήκας
1805 3957 1866 4014 ouis
1886 3979 1939 4014 οπο
1970 4021 1971 4024 ¹

269 4029 444 4110 exheredatus
459 4029 531 4084 filiae
544 4035 646 4084 tutores
656 4029 757 4084 dedant
774 4035 801 4084 et
817 4035 1004 4112 testamentum
1022 4031 1077 4086 eius
1128 4029 1245 4114 puppis„
1255 4025 1347 4112 ὀρθῶς
1357 4029 1473 4134 ἐέὃογῦαι,
1486 4023 1551 4084 ute
1562 4027 1654 4084 doust:
1664 4029 1749 4082 :tuoe
1756 4029 1950 4098 ,sesaminum
1997 4039 1998 4044 ’

268 4103 375 4220 {iiiiii
392 4099 498 4220 iiiiii}
518 4097 1078 4236 iiiitpiffliitisilualiioladcopeniieiiilasriiiiffisteaii
1127 4119 1182 4224 wi
1196 4117 1437 4222 §popflqyppupqsulpprpo
1456 4167 1534 4222 tortio
1550 4167 1707 4238 requietum
1736 4165 1832 4220 Mulier
1848 4165 1938 4218 liberis

268 4233 447 4290 hereditatem.
1128 4251 1183 4290 non
1205 4239 1279 4290 recte
1301 4241 1461 4290 testamento
1484 4239 1599 4290 tutorem
1624 4235 1683 4288 dat:
1714 4233 1761 4290 sed
1783 4235 1806 4290 si
1828 4233 1938 4298 dederu,

302 4299 342 4358 32
359 4301 478 4356 Pronus
498 4301 567 4356 libro
590 4317 663 4356 uouo
685 4317 875 4372 responsorum
911 4301 1023 4370 Quaero,
1040 4317 1077 4356 an
1128 4303 1234 4358 decreto
1251 4303 1384 4372 praetoris
1401 4305 1442 4356 rei
1458 4303 1625 4374 proconsulis
1638 4317 1671 4356 ex
1686 4301 1857 4372 inquisitione
1874 4317 1937 4356 con·

268 4387 321 4424 non
338 4369 456 4426 eiusdem
478 4369 687 4432 civitatisoives
710 4373 869 4424 testamento
893 4371 951 4440 quis
974 4375 1076 4424 tutores
1127 4371 1277 4424 firmabitur
1299 4385 1349 4426 nec
1371 4371 1512 4426 satisdabit
1537 4371 1638 4440 pupillo
1665 4385 1721 4424 rem
1744 4371 1844 4424 suram
1868 4367 1936 4424 iore.

270 4443 281 4490 l
317 4437 399 4492 darefl
431 4437 535 4506 possiti
567 4437 668 4492 Paulus
698 4437 838 4506 respondit
863 4453 951 4506 posse.
1002 4437 1077 4492 Idem
1130 4443 1142 4494 1
1178 4437 1231 4494 Sed
1254 4443 1281 4492 et
1304 4437 1327 4494 si
1350 4443 1459 4494 curator
1484 4455 1500 4494 a
1522 4443 1607 4494 matre
1630 4443 1789 4492 testamento
1807 4437 1886 4492 datus
1904 4437 1938 4492 sit

266 4505 366 4560 Paulos
391 4505 529 4574 respondit
555 4521 615 4560 eum
641 4521 761 4574 qnoque,
789 4505 833 4572 qui
857 4511 968 4574 propter
989 4521 1077 4560 rerum
1127 4505 1187 4560 filiis
1205 4507 1271 4572 eins,
1289 4507 1395 4562 decreto
1415 4507 1587 4562 confirmatur
1604 4523 1637 4560 ex
1652 4505 1829 4576 inquisitione.

265 4573 387 4628 notitiam
402 4579 476 4628 tutor
493 4571 572 4628 datus
594 4577 648 4638 est,
666 4573 777 4640 perinde
799 4573 828 4626 in
845 4575 967 4628 omnibus
986 4581 1012 4628 et
1030 4575 1075 4626 ad·
1162 4571 1180 4632 3
1199 4575 1344 4630 insinues
1358 4575 1427 4630 libro
1443 4575 1567 4632 circumc
1579 4575 1672 4646 primo
1690 4573 1854 4644 dipestorum
1886 4571 1937 4640 oui

207 4709 208 4712 ρ
266 4641 464 4696 ministrationis
491 4645 517 4694 et
542 4641 721 4696 accessionis⁷
752 4641 810 4694 iure
838 4641 973 4696 conveniri
997 4657 1076 4710 posse
1127 4649 1237 4710 epatre
1253 4647 1327 4698 tutor
1345 4641 1461 4710 scriptus
1480 4649 1520 4698 est
1544 4651 1590 4696 aot
1613 4659 1668 4698 non
1689 4641 1760 4710 iusto
1776 4645 1935 4696 testamento

266 4817 293 4874 (1)
313 4813 391 4864 etius.
486 4813 518 4874 (i)
536 4839 571 4858 ω..-
584 4813 641 4862 Vat.
659 4819 672 4872 o
688 4821 729 4866 ott
824 4813 856 4876 (3)
875 4809 921 4860 snb
930 4813 1032 4864 rubrica
1040 4815 1070 4862 de
1122 4819 1147 4864 et
1165 4813 1257 4878 quibus
1274 4817 1375 4880 oportet
1392 4815 1417 4864 et
1436 4829 1484 4878 qno
1500 4813 1573 4864 modo
1598 4817 1698 4878 oportet
1721 4819 1748 4866 et
1763 4813 1809 4864 ubi
1826 4817 1934 4878 oportet.

265 4879 386 4944 legitimis
395 4879 491 4932 tutelis.
501 4881 657 4944 Apollinaris
666 4879 745 4930 Paulo
756 4881 802 4930 ius.
817 4879 873 4930 Vct.
962 4883 993 4944 (4)
1012 4899 1071 4944 ergo
1123 4887 1195 4948 pater
1217 4883 1284 4932 enim
1304 4883 1365 4934 filiis
1388 4881 1567 4948 nepotibusve,
1585 4899 1647 4948 quoa
1665 4883 1692 4932 in
1710 4885 1834 4946 potestate
1851 4881 1935 4942 babet,

269 4949 324 4998 Vct.
410 4949 443 5012 (5)
459 4947 508 4998 hoo
517 4949 669 5014 rescriptum
684 4953 723 4998 est
737 4949 765 4996 in
776 4947 864 4996 Sticho
878 4953 1038 5012 manumisso,
1049 4951 1071 4998 si
1121 4955 1188 5000 reete
1204 4951 1314 5000 tutorem
1329 4951 1372 5000 dat
1387 4955 1545 5000 testamento.
1572 4951 1615 5002 sed
1632 4951 1654 5000 si
1670 4953 1714 4998 ont
1729 4965 1758 5000 ea
1773 4953 1933 5014 porsonaest,

264 5017 313 5066 dno
322 5015 375 5066 sint
384 5017 467 5066 Stichi
476 5019 502 5064 et
510 5017 635 5066 incertum
645 5017 676 5066 de
686 5031 735 5082 quo
744 5019 849 5064 testator
858 5017 979 5080 senserit,
994 5019 1035 5070 uel
1049 5019 1070 5068 si
1123 5035 1186 5084 quae
1196 5019 1254 5070 dare
1263 5037 1314 5070 non
1324 5023 1416 5082 potest,
1427 5023 1543 5070 etmater
1559 5017 1598 5068 vel
1612 5023 1734 5082 patronus
1748 5017 1788 5070 vel
1802 5021 1934 5068 extraneus

263 5085 366 5134 Erotem
374 5083 498 5150 legaverit
506 5085 552 5148 qui
561 5085 645 5152 plures
661 5085 747 5134 eodem
763 5083 865 5132 nomine
878 5083 1069 5136 habuiteerros.
1123 5089 1194 5152 quis:
1211 5087 1600 5152 autpersonaest,cnidarinon
1614 5091 1707 5152 potest,
1721 5091 1752 5136 ut
1764 5085 1817 5136 filio
1837 5085 1934 5136 filiaeve

265 5151 330 5214 quod
345 5151 372 5200 iu
388 5151 497 5202 nummis
512 5150 605 5216 legatis
619 5169 672 5202 non
687 5155 726 5202 ita
740 5151 852 5216 placuit:
870 5151 892 5202 si
907 5169 957 5202 non
967 5157 1071 5220 adparet
1124 5157 1168 5220 qui
1184 5171 1236 5204 non
1251 5157 1330 5206 estin
1345 5159 1484 5220 potestate:
1504 5157 1548 5204 ant
1562 5157 1584 5206 si
1593 5155 1713 5204 dixerim:
1729 5157 1798 5218 ‘rogo
1811 5157 1837 5202 te
1852 5169 1934 5204 rerum

264 5219 393 5280 voluutas,
416 5219 444 5270 id
461 5225 593 5284 acceptum
617 5225 654 5270 eet
677 5221 745 5286 quod
768 5221 852 5268 minue
875 5225 914 5268 est
931 5223 988 5274 odd.
1018 5225 1069 5274 Vct.
1123 5239 1208 5274 curam
1217 5225 1299 5286 agas':
1317 5229 1362 5274 aut
1370 5223 1398 5272 in
1409 5221 1533 5274 codicillis
1544 5239 1593 5274 non
1604 5223 1758 5274 confimatis
1768 5225 1877 5272 tutorem
1886 5219 1934 5286 [vel

265 5289 296 5348 (u)
314 5285 406 5340 uaris
473 5293 504 5352 li)
522 5289 762 5340 etoessationisscr.
833 5291 867 5352 (8)
884 5289 1037 5342 Luciusdot.
1122 5295 1271 5354 curatorem]
1282 5293 1345 5352 dem,
1356 5295 1410 5340 inm
1425 5291 1492 5356 qnod
1501 5291 1572 5340 deest
1588 5295 1618 5340 nt
1634 5289 1783 5356 suppleatur
1792 5289 1933 5340 consularis

286 5355 330 5412 ¹(a)
349 5355 398 5406 En.
414 5367 439 5418 tt
457 5355 519 5406 Sob-
535 5367 604 5416 ναις
628 5357 692 5422 Pop.
708 5367 789 5416 t...1o;
815 5355 921 5422 Appii.
948 5385 978 5394 -
1004 5361 1070 5410 Bos.
1123 5363 1246 5424 potestate
1262 5361 1458 5412 constitutiones
1475 5359 1645 5426 permiserunt
1659 5363 1685 5410 et
1701 5357 1932 5408 seeundumsolun·

263 5423 305 5484 u,
314 5423 429 5490 (ιν-0).
442 5425 500 5476 ooo.
511 5427 535 5486 5,
545 5435 572 5478 io
614 5423 890 5488 (ioierousationeml'
929 5427 969 5490 (11)
978 5423 1072 5478 τόπων
1123 5429 1233 5478 itatem
1242 5431 1272 5476 nt
1281 5429 1569 5478 confirmentnrtutorcs.
1578 5427 1749 5492 Etsiqnidem
1759 5429 1832 5490 pater
1840 5431 1878 5476 est
1889 5423 1932 5488 qni
1995 5427 1996 5430 ’

262 5509 307 5542 scr·
334 5547 341 5568 )
372 5493 426 5566 ,(12)
444 5487 713 5574 uuuudtuiip'uusdei.
775 5495 818 5556 (iol
836 5487 954 5562 ἐγγόνοις
962 5493 1072 5546 Herodes
1123 5495 1228 5556 dederit,
1244 5495 1392 5560 plerumque
1406 5511 1506 5560 praeses
1520 5511 1572 5544 non
1587 5495 1704 5562 inquirit,
1720 5493 1765 5544 sed
1779 5493 1932 5544 daturnsim·

263 5561 306 5622 (ta)
325 5549 372 5608 ull
389 5559 436 5634 dcl.
533 5565 577 5622 (15)
596 5555 830 5628 ηκοοράτορααοῖ.
923 5563 969 5624 (lo)
986 5565 1071 5614 idest:
1121 5565 1224 5628 pliciter
1234 5565 1379 5614 coufirmat:
1394 5565 1416 5614 si
1431 5581 1488 5614 vero
1498 5563 1563 5614 alius
1573 5565 1650 5626 dedit,
1667 5563 1796 5628 inquirere
1811 5561 1882 5626 solet,
1899 5571 1932 5608 an

264 5627 510 5676 Utnonomittamns
527 5643 560 5678 ne
575 5629 623 5676 hoo
639 5629 747 5694 quidem,
764 5629 809 5692 qni
824 5631 919 5680 tutores
929 5631 1071 5682 confirmari
1122 5635 1137 5684 3
1157 5633 1262 5682 idonens
1269 5633 1311 5682 sit.
1321 5635 1452 5682 Praeterea
1458 5631 1629 5682 sciendumeat
1636 5637 1776 5682 cantorem
1783 5629 1932 5680 testamento

266 5699 276 5746 1
296 5693 402 5758 possint,
411 5691 521 5742 oranter
530 5697 561 5742 de
570 5697 603 5742 iis
614 5711 711 5760 qnoque
721 5697 856 5748 rideamus.
876 5697 1071 5762 Suntquirecte
1122 5705 1260 5764 neapatre
1276 5701 1377 5764 quidem
1387 5705 1453 5750 recte
1463 5699 1532 5760 ἐστὶ)
1548 5689 1931 5762 scdsidatnr,soletconiirmuri

264 5763 431 5822 [testamento]
448 5763 543 5810 utores
556 5761 655 5824 dantur,
678 5763 777 5814 scilieet
794 5767 820 5814 et
834 5779 850 5814 a
865 5763 957 5828 quibus
972 5771 1071 5832 oportet
1123 5769 1269 5832 apraeside.
