4366 6258
245 407 294 460 aar
314 403 495 454 recrearas
597 385 598 388 ’
746 349 772 358 ‘⁹
883 469 884 472 Ἴ
1034 373 1097 444 idi)
1534 421 1535 424 .
1669 367 1907 438 xxxxiitia

277 571 312 632 12
330 571 450 626 Parcus
470 569 539 624 libro
555 565 753 638 septuagesimo
775 567 813 622 cci
829 565 944 620 edictum
979 563 1046 616 cum
1097 573 1184 626 neque
1199 561 1281 616 iudex
1298 561 1332 616 de
1349 559 1401 614 alio
1420 571 1499 628 quam
1518 553 1551 608 de
1569 553 1679 620 argento
1697 553 1785 604 actum
1804 549 1923 630 intelle·¹

245 643 382 718 quaeritur,
399 639 467 692 haee
481 637 602 704 exceptio
617 637 714 692 noceat
731 649 781 690 uec
794 651 836 702 ne,
854 631 1047 702 inspiciendum
1100 633 1112 680 l
1148 631 1221 694 gant.
1243 629 1408 710 Sipphara
1426 639 1532 698 gregem
1549 625 1577 676 11
1592 619 1634 676 111
1652 623 1731 672 aucto
1748 619 1789 672 rel
1806 625 1908 674 minute

245 721 287 772 pst,
304 727 339 762 an
356 707 426 760 idem
443 719 541 772 corpus
559 703 601 766 sit,
1097 709 1311 772 Ilumessilssregffl
1328 703 1425 752 lterum
1441 693 1555 752 eundem
1571 703 1676 772 &ligem
1694 691 1797 756 petam,
1817 687 1908 742 01511·

275 771 606 838 13¹Unr1nacslibros
641 771 808 850 mcpeneimc
821 769 915 840 aniate
929 767 1048 824 1111111-
1097 763 1137 816 bit
1154 763 1219 814 mrhr
1235 765 1365 842 exceptio.
1393 765 1440 820 sed
1457 767 1485 820 11
1502 763 1525 818 si
1542 757 1659 830 speciale
1671 771 1769 826 corpus
1783 771 1816 810 ex
1830 771 1910 826 grege
1968 811 1969 814 ,

245 861 294 906 triac
327 841 462 910 quantitas
481 837 581 902 eadem,
598 835 609 890 i
628 853 669 890 ens
686 853 736 902 rus,
1097 835 1201 902 petam,
1225 845 1249 884 sr
1269 831 1356 886 ediuit
1378 833 1407 886 in
1428 849 1461 888 eo
1478 847 1571 902 grege,
1595 835 1660 898 puto
1679 827 1845 900 obstaturam
1862 841 1908 880 ex-

277 905 987 976 1411111111111191111111111111
1021 907 1049 958 et
1099 905 1114 954 2
1150 899 1309 968 ceptionem.
1345 899 1374 956 Si
1391 901 1511 956 Stichum
1535 905 1562 956 et
1577 897 1746 970 Pamphilum
1766 901 1827 952 tuos
1850 911 1910 952 esse

245 1003 275 1040 an
290 979 381 1036 eadem
400 991 481 1030 causa
498 973 606 1042 petendi
625 981 652 1028 et
668 975 762 1030 eadem
779 973 900 1028 condicio
918 987 1047 1042 persona·
1098 967 1207 1040 petieris
1231 973 1259 1024 et
1280 967 1403 1024 absoluto
1425 969 1578 1026 adversario
1601 967 1722 1024 Stichum
1746 973 1823 1022 tuum
1850 979 1910 1022 esse

244 1069 309 1108 rum:
327 1061 396 1114 quae
413 1043 465 1096 nisi
482 1043 570 1096 omnia
587 1047 759 1108 concurrant,
777 1043 831 1096 alia
845 1057 888 1096 res
902 1049 952 1096 est.
978 1039 1048 1094 idem
1098 1043 1175 1108 petas
1197 1037 1231 1092 ab
1255 1037 1361 1102 eodem,
1389 1039 1572 1108 exceptionem
1592 1039 1701 1094 obstare
1721 1039 1772 1096 tibi
1793 1041 1909 1094 constat.

245 1135 271 1174 00
303 1129 336 1168 us
358 1113 387 1166 in
408 1113 461 1164 hac
481 1111 638 1180 exceptione
659 1127 714 1168 nen
737 1111 776 1164 uti
794 1125 828 1164 ue
846 1111 918 1162 omni
935 1109 1048 1178 pristina
1100 1111 1114 1162 3
1150 1105 1179 1162 Si
1190 1105 1303 1162 fundum
1316 1123 1404 1162 meum
1417 1123 1475 1162 esse
1488 1107 1598 1178 petiero,
1613 1109 1708 1164 deinde
1721 1115 1816 1182 postea
1830 1123 1909 1164 usum

245 1179 760 1256 [11111111111111111111111111,1
790 1181 817 1234 la
834 1177 984 1234 adiectione
1002 1177 1047 1232 de·
1099 1177 1217 1232 fructum
1239 1175 1357 1230 eiusdem
1378 1175 1455 1228 bandi
1475 1183 1578 1246 petam,
1607 1179 1672 1248 quii
1694 1195 1726 1234 ex
1748 1179 1794 1234 illa
1817 1193 1909 1246 causa,

245 1251 414 1310 minutionere
428 1247 508 1312 iacta,
524 1249 570 1302 sed
583 1249 707 1318 pinguius
721 1263 771 1316 pro
785 1247 919 1302 communi
933 1247 1048 1300 utilitate
1100 1261 1131 1300 ex
1149 1261 1203 1316 qua
1220 1243 1320 1300 fundos
1337 1259 1412 1300 meus
1429 1251 1500 1312 erat,
1524 1251 1599 1302 meus
1616 1249 1683 1304 siti:
1707 1249 1827 1320 exceptio
1844 1249 1910 1304 mihi

246 1331 255 1376 t
288 1317 426 1384 accipitur.
454 1315 513 1384 1111,
533 1321 713 1384 campartem
728 1315 913 1370 ususfructus
928 1315 1047 1382 haberet,
1100 1315 1226 1380 obstabit,
1244 1313 1365 1384 quiaqui
1378 1313 1490 1366 hrodum
1503 1315 1593 1382 habet,
1610 1317 1818 1374 usumfructum
1832 1333 1910 1372 suurn

244 1393 322 1444 sctum
345 1383 426 1452 petit,
452 1387 475 1438 si
497 1391 591 1454 postea
612 1389 716 1452 partem
740 1385 939 1438 adcrescentes]
962 1389 1047 1454 petat,
1099 1385 1233 1438 vindicare
1256 1399 1311 1438 uon
1333 1387 1430 1452 potest.
1471 1383 1518 1438 sed
1539 1383 1563 1438 si
1586 1401 1663 1440 usum
1688 1387 1819 1452 fructum,
1849 1403 1910 1444 cum

243 1471 291 1512 noc
308 1457 488 1508 summovetur
506 1453 673 1532 exceptione,
696 1451 760 1520 quia
782 1469 848 1508 usus
871 1451 976 1510 fructus
993 1471 1047 1510 non
1099 1469 1173 1508 meus
1192 1459 1274 1518 esset,
1298 1451 1439 1518 1111111111,
1464 1451 1560 1506 deinde
1581 1455 1771 1524 proprietatem
1795 1463 1910 1512 nanctus

243 1531 256 1580 1
287 1519 417 1590 portioni,
437 1519 484 1574 sed
502 1521 602 1576 hommi
619 1519 758 1576 adcrescit.
794 1523 923 1578 Actiones
939 1523 969 1578 in
986 1539 1047 1594 per·
1097 1523 1194 1576 iterum
1213 1521 1246 1576 de
1263 1537 1315 1576 111
1331 1521 1423 1576 fructu
1447 1521 1584 1590 experiar,
1604 1531 1695 1594 potest
1715 1525 1768 1582 dici
1793 1525 1845 1582 alia
1865 1543 1909 1582 res

243 1605 329 1648 sonam
342 1589 376 1642 ab
392 1590 541 1643 actionibus
554 1589 582 1642 in
596 1605 652 1644 rem
665 1589 718 1644 hoc
732 1589 867 1660 differunt,
887 1591 966 1660 quod,
986 1609 1047 1648 cum
1098 1605 1171 1658 esse,
1195 1591 1320 1660 quoniam
1342 1597 1483 1660 postquam
1505 1597 1621 1646 nanctus
1643 1609 1702 1648 sum
1718 1595 1909 1664 proprietatem

242 1657 329 1738 eadem
345 1671 389 1736 res
406 1657 441 1710 ab
458 1657 631 1724 eodemmihi
649 1657 786 1726 debeatur,
809 1661 927 1730 singulas
945 1663 1046 1732 obliga·
1098 1661 1187 1726 fundi,
1211 1659 1309 1716 desinit
1331 1675 1406 1714 meus
1428 1675 1487 1714 1111
1508 1657 1582 1728 prior
1601 1663 1789 1720 ususfructus
1808 1669 1835 1718 11
1850 1663 1909 1718 iure

242 1735 321 1780 11111
344 1727 464 1794 singulae
486 1741 584 1782 causae
607 1731 774 1796 cancrentur³
801 1747 851 1786 uec
878 1731 933 1786 ulla
956 1747 1047 1786 earum
1098 1729 1270 1798 proprietatis
1292 1729 1371 1798 quasi
1392 1743 1425 1784 ex
1447 1743 1516 1782 nova
1538 1743 1621 1784 causa
1641 1747 1735 1786 rursus
1758 1747 1833 1786 meus
1851 1747 1910 1788 esse

242 1795 344 1850 11111111
362 1795 489 1864 petitione
507 1795 629 1850 ritiatm:
653 1801 683 1850 at
704 1813 765 1852 cum
789 1799 817 1852 in
841 1817 897 1856 rem
921 1815 1047 1870 agonen
1099 1805 1114 1852 4
1150 1799 1247 1868 coepit.
1283 1797 1311 1852 Si
1333 1813 1383 1870 pro
1406 1813 1483 1852 servo
1507 1813 1566 1852 meo
1583 1797 1746 1854 fideiusseris
1763 1807 1791 1854 et
1807 1817 1910 1856 mecum

242 1877 363 1930 expressa
381 1879 471 1928 causa,
490 1881 523 1918 ex
541 1879 666 1934 quarem
683 1881 769 1920 meam
787 1885 846 1924 esse
864 1869 934 1934 dico,
955 1885 1047 1924 omnes
1099 1867 1131 1922 de
1158 1869 1264 1936 peculio
1287 1873 1377 1922 actum
1400 1867 1448 1932 sit,
1472 1867 1495 1922 si
1517 1873 1613 1936 postea
1635 1873 1724 1920 tecum
1748 1885 1779 1924 eo
1803 1871 1909 1924 nominc

242 1943 335 2008 causae
357 1945 412 1984 una
434 1933 562 1998 petitione
584 1933 828 2002 adprehenduntur.
867 1939 1048 2006 nequeenim
1099 1941 1202 2004 agatur,
1221 1935 1407 2004 excipiendum
1424 1939 1466 1990 est
1483 1933 1517 1988 de
1533 1949 1563 1990 re
1579 1933 1706 1988 iudicata.

242 1999 349 2066 amphus
373 2015 453 2068 quam
474 2001 555 2056 semel
577 2017 619 2056 res
642 2017 702 2056 mea
725 2019 783 2058 esse
806 2011 909 2072 potest,
939 2005 1047 2074 saepius
1133 1999 1173 2058 22
1199 2003 1318 2056 Paetus
1343 2005 1412 2056 libro
1439 2003 1595 2072 tricensimo
1614 2005 1706 2074 primo
1735 2001 1772 2056 cci
1794 2003 1909 2058 edictum

242 2073 255 2120 3
287 2073 377 2144 autern
395 2065 484 2122 deberi
501 2073 598 2138 potest.
633 2069 660 2122 Si
678 2071 736 2138 quis
754 2071 895 2128 interdicto
914 2071 998 2140 egerit
1014 2071 1047 2126 de
1098 2071 1127 2124 Si
1145 2087 1206 2124 cum
1223 2087 1278 2126 uuo
1296 2071 1394 2124 herede
1411 2069 1524 2142 depositi
1539 2075 1629 2124 actum
1643 2069 1686 2134 ait,
1703 2073 1794 2124 tamen
1807 2075 1835 2122 et
1849 2087 1911 2124 cum

241 2149 417 2212 possessione,
441 2143 537 2206 postea
555 2137 582 2190 in
600 2153 656 2192 rem
674 2155 755 2206 agens
771 2155 826 2194 non
843 2141 982 2208 repellitur
998 2155 1047 2208 per
1099 2139 1195 2192 ceteris
1211 2139 1356 2194 heredibus
1373 2143 1446 2194 recte
1463 2143 1557 2206 agetur
1577 2155 1627 2192 nee
1645 2137 1766 2206 exceptio
1784 2137 1909 2192 1111111-

241 2209 432 2282 exceptronem‚
463 2207 587 2274 queniam
615 2207 643 2260 in
670 2207 812 2262 interdicto
840 2207 990 2278 possessio,
1019 2209 1047 2260 in
1098 2211 1176 2260 cetae
1193 2207 1231 2262 eis
1248 2207 1381 2288 proderit:
1404 2221 1467 2260 nam
1492 2207 1543 2260 etsi
1560 2205 1652 2260 cadem
1669 2205 1790 2272 quaestio
1807 2203 1836 2258 in
1853 2221 1909 2260 cm·

242 2277 341 2326 actione
358 2275 507 2340 proprietas
525 2275 644 2328 vertitur.
1098 2275 1179 2330 nibus
1201 2275 1308 2330 iudiciis
1329 2275 1456 2338 vertitur,
1479 2281 1571 2330 tamen
1592 2289 1766 2344 personarum
1788 2275 1909 2338 mutatio,

260 2335 310 2418 ι15
330 2339 423 2394 Garris
437 2341 505 2396 labro
523 2343 1047 2412 119111111111111111111111111111
1099 2359 1160 2396 cum
1177 2343 1275 2412 quibus
1292 2343 1403 2412 singulis
1421 2359 1470 2398 suo
1488 2343 1594 2398 nomine
1612 2341 1713 2410 agitur,
1732 2341 1812 2394 aliam
1829 2347 1911 2406 atque

242 2407 266 2460 Si
288 2411 358 2460 mter
380 2425 422 2460 me
444 2415 471 2464 et
494 2415 522 2464 te
543 2409 725 2464 controversia
747 2411 780 2464 de
804 2413 951 2466 hereditate
969 2413 1003 2466 sit
1021 2417 1047 2464 ct
1098 2411 1179 2464 aliam
1195 2425 1252 2464 rem
1269 2411 1341 2464 facit.
1370 2419 1397 2464 et
1413 2411 1437 2464 si
1454 2415 1544 2464 actum
1562 2411 1597 2464 sit
1614 2425 1675 2462 cum
1688 2407 1788 2462 herede
1801 2407 1834 2460 dc
1847 2407 1909 2462 dolo

242 2473 365 2544 quasdam
386 2491 430 2530 res
453 2491 486 2530 ex
508 2477 600 2530 eadem
622 2485 652 2530 11
673 2479 807 2546 possides,
830 2479 960 2548 quasdam
983 2495 1044 2548 ego:
1099 2477 1231 2542 defuncti,
1256 2479 1350 2534 deinde
1374 2479 1407 2534 de
1425 2479 1485 2532 dolo
1503 2479 1608 2532 heredis
1627 2481 1764 2544 ageretur,
1787 2473 1909 2542 exceptio

241 2543 303 2600 nibil
323 2551 396 2598 vetat
416 2551 445 2600 et
466 2559 508 2598 me
525 2561 542 2598 a
560 2551 586 2598 te
604 2551 632 2600 et
647 2545 758 2600 inuicem
776 2553 804 2602 te
821 2563 837 2602 a
854 2563 896 2602 me
914 2547 1046 2602 heredita·
1098 2545 1137 2602 rei
1154 2545 1288 2600 iudicatae
1305 2561 1360 2600 non
1377 2547 1491 2610 nocebit,
1511 2545 1573 2614 quia
1591 2545 1624 2600 de
1641 2545 1694 2598 alia
1711 2559 1740 2598 re
1757 2543 1854 2624 agitur.

240 2621 289 2666 tem
312 2619 410 2680 petere.
446 2611 518 2682 quod
539 2615 562 2668 si
582 2619 645 2682 post
665 2629 722 2668 reru
743 2615 888 2668 iudicatam
907 2631 1047 2684 111111-
1133 2611 1173 2670 23
1192 2613 1338 2668 caprinus
1349 2615 1416 2670 libro
1431 2617 1508 2668 tertio
1522 2613 1734 2686 dispertitionem
1761 2611 1908 2666 81111111-

240 2689 292 2734 tere
310 2683 438 2750 coeperis,
454 2683 574 2746 interest,
593 2689 684 2734 utrum
697 2697 783 2736 meam
798 2699 857 2738 esse
871 2683 1046 2738 hereditatem
1099 2683 1141 2736 cio
1159 2689 1249 2734 actum
1267 2683 1302 2736 sit
1319 2697 1470 2752 usuraeque
1487 2683 1561 2738 solae
1577 2681 1678 2764 petitae
1699 2679 1766 2746 sint,
1790 2695 1845 2734 non
1868 2683 1908 2734 esi

240 2749 437 2818 pronuntiatum
459 2749 549 2804 sitan
568 2757 675 2804 contrat
699 2751 827 2806 simeam
844 2767 915 2818 esse,
939 2753 1047 2806 nocebit
1099 2749 1255 2814 verendum,
1283 2765 1317 2804 ue
1343 2755 1440 2804 noceat
1466 2751 1506 2804 rei
1532 2749 1667 2802 iudicatae
1689 2747 1810 2818 exceptio
1838 2747 1911 2800 circa

240 2817 284 2870 tibi
299 2817 338 2870 rei
350 2815 485 2872 iudicatae
498 2817 628 2884 exceptio,
647 2817 709 2884 quia
723 2819 834 2888 abipso,
854 2819 944 2886 quodi
962 2833 1047 2872 meam
1099 2817 1178 2872 sortis
1196 2817 1364 2884 petitionem:
1388 2817 1450 2884 quia
1468 2817 1537 2870 enim
1555 2833 1610 2872 neu
1627 2815 1767 2884 competit,
1790 2829 1841 2870 nec
1861 2829 1876 2868 o
1897 2843 1908 2854 ·

242 2901 295 2938 esse
318 2887 519 2954 pronuntiatum
537 2893 592 2950 est,
617 2901 649 2938 ex
666 2885 771 2940 diverso
789 2887 991 2954 pronuntiatum
1007 2887 1046 2938 ri·
1098 2885 1186 2952 posita
1203 2889 1290 2938 nocet.
1326 2885 1419 2938 eadem
1436 2889 1515 2938 erunt
1532 2889 1560 2938 et
1576 2883 1600 2938 si
1617 2883 1677 2950 quis
1694 2899 1728 2938 ex
1744 2881 1866 2936 bonaefi
1886 2881 1910 2936 ei

241 2953 315 3010 detur
330 2959 405 3006 tuam
422 2969 477 3008 non
494 2967 567 3008 esse:
590 2953 614 3008 si
631 2969 693 3006 rero
710 2969 797 3008 meam
814 2971 869 3008 non
885 2969 957 3018 esse,
981 2953 1047 3008 nihil
1098 2953 1196 3006 iudicio
1214 2953 1278 3006 velit
1294 2967 1391 3006 usuras
1409 2957 1512 3006 tantum
1526 2953 1664 3022 persequi:
1682 2965 1744 3004 nam
1761 2949 1844 3005 nihilo
1860 2951 1910 3004 mi·

240 3023 270 3076 de
291 3027 339 3076 tuo
361 3021 420 3076 iure
441 3019 587 3076 iudicatum
610 3021 785 3088 intellegitur,
811 3023 873 3090 quia
890 3027 980 3090 potest
997 3037 1047 3076 uec
1098 3035 1149 3074 nus
1172 3019 1257 3074 futuri
1279 3019 1407 3088 temporis
1429 3019 1528 3074 cedunt
1550 3035 1663 3074 usurae:
1691 3019 1817 3088 quamdiu
1840 3019 1911 3072 enim

240 3105 295 3144 mea
312 3089 447 3144 hereditas
464 3103 522 3142 esse
540 3103 588 3142 nec
607 3095 662 3142 tna.
1098 3095 1188 3142 manet
1206 3093 1360 3142 contractus
1377 3089 1464 3142 bonae
1481 3085 1553 3150 fidei,
1574 3091 1683 3142 current
1699 3103 1806 3142 usurae.

273 3153 311 3214 lii
329 3157 473 3212 lucianus
488 3157 555 3210 libro
570 3157 813 3226 quinquepensirno
823 3157 916 3226 prinae
932 3157 1047 3226 digesto·
1133 3151 1174 3210 24
1192 3153 1212 3208 I
1214 3169 1337 3208 caranus
1355 3155 1422 3208 libro
1440 3169 1512 3208 nono
1530 3155 1695 3224 digestorum
1731 3153 1760 3208 Si
1778 3153 1910 3222 11111111

239 3243 295 3280 rum
330 3225 474 3280 Evidenter
496 3223 565 3278 enim
587 3223 780 3292 iniquissimum
803 3229 845 3278 est
861 3223 993 3292 proficere
1009 3223 1047 3278 rei
1099 3237 1188 3276 anon
1206 3221 1312 3276 domino
1331 3223 1431 3286 emerit,
1448 3237 1510 3276 mox
1527 3229 1634 3288 petente
1649 3223 1755 3276 domino
1770 3221 1910 3276 absolutus

239 3295 369 3350 iudicatae
380 3293 563 3360 exceptionem
575 3293 608 3358 ei,
622 3297 717 3346 111111
729 3307 807 3360 quem
818 3293 966 3346 iudicatum
978 3297 1020 3346 111
1028 3295 1045 3346 ⁵.
1099 3291 1141 3358 sit,
1161 3289 1256 3344 deinde
1272 3291 1468 3358 possessionem
1485 3289 1605 3344 amiserit
1622 3295 1649 3344 et
1667 3307 1683 3344 a
1700 3289 1808 3346 domino
1825 3289 1910 3360 petie·

273 3359 309 3420 17
330 3361 423 3418 Gaius
437 3361 505 3416 iiico
524 3361 1047 3430 119111111111111111111111111111
1098 3359 1146 3422 rit,
1165 3357 1293 3412 adversus
1311 3359 1494 3426 exceptionem
1512 3357 1689 3412 ι1111111111
1708 3359 1743 3412 sit
1759 3359 1811 3412 res’
1829 3357 1910 3428 repli-

241 3433 266 3484 Si
281 3447 338 3484 rem
355 3445 440 3484 meam
458 3445 474 3482 a
491 3433 519 3482 te
535 3427 647 3496 petiero,
665 3433 695 3480 tu
713 3435 802 3482 autera
817 3427 879 3482 ideo
896 3427 980 3482 fueris
998 3429 1046 3482 ab·
1099 3427 1203 3480 catione
1221 3427 1273 3480 bac
1290 3425 1458 3480 adiuvabitur
1477 3427 1532 3478 ί118
1550 3427 1572 3478 si
1589 3439 1632 3480 res
1649 3427 1768 3480 iudicata
1786 3443 1841 3482 nou
1857 3427 1910 3482 sit'.

240 3499 353 3564 solutus,
377 3497 447 3566 quod
469 3495 624 3562 probaveris
647 3497 704 3550 sine
728 3495 790 3550 dolo
812 3497 882 3550 malo
901 3503 928 3550 11
947 3497 1047 3550 desisse
1133 3491 1173 3550 25
1191 3493 1272 3548 leae
1292 3493 1360 3548 libro
1378 3493 1621 3564 quinquagensimo
1634 3497 1726 3562 primo
1745 3495 1911 3566 digestorum

239 3567 384 3636 possidere,
403 3565 498 3620 deinde
514 3569 611 3632 postea
629 3565 747 3634 coeperis
765 3565 903 3634 possidere
920 3569 948 3618 11
965 3579 1047 3634 egea
1099 3563 1128 3616 Si
1149 3563 1186 3628 is,
1213 3563 1260 3682 plui
1281 3561 1359 3616 heres
1380 3577 1435 3616 non
1455 3567 1528 3628 erat,
1556 3561 1730 3616 hereditatem
1752 3563 1860 3634 petierit
1883 3569 1911 3618 11

239 3641 264 3692 11
299 3643 384 3690 etam:
407 3649 462 3688 uon
484 3631 592 3686 nocebit
611 3633 675 3688 mihi
692 3633 813 3702 exceptio
831 3633 868 3686 rei
886 3633 1045 3688 tumeataer.
1099 3635 1194 3700 postea
1236 3645 1295 3684 eres
1319 3629 1407 3684 factus
1429 3629 1541 3684 eandem
1563 3631 1737 3686 hereditatem
1754 3637 1840 3700 petet,
1864 3649 1909 3686 ex·

222 3767 223 3770 ,
274 3653 312 3762 18
341 3703 486 3758 Uarianos
509 3701 577 3756 libro
600 3701 781 3772 octogensimo
806 3701 843 3756 ud
864 3703 979 3756 edictum
1019 3701 1047 3754 Si
1104 3705 1110 3752 1
1151 3699 1272 3768 ceptione
1289 3699 1328 3754 rei
1345 3697 1479 3754 iudicatae
1496 3713 1551 3754 non
1568 3701 1784 3756 summovebitur.
1814 3701 1865 3754 Est
1881 3701 1910 3754 in

241 3775 297 3842 quis
320 3773 356 3826 ad
378 3769 555 3824 exhibendum
578 3769 674 3838 egerit,
698 3769 792 3824 deinde
809 3769 947 3824 absolutus
965 3769 1048 3824 fuerit
1098 3773 1232 3838 potestate
1259 3769 1386 3836 emptoris
1414 3767 1485 3822 intra
1513 3783 1561 3822 sex
1588 3783 1707 3836 menses,
1736 3769 1911 3824 redhibitoria

240 3841 411 3904 adversarius,
430 3839 493 3904 quia
510 3853 564 3892 non
580 3839 743 3906 possidebat,
766 3845 793 3892 et
810 3839 933 3894 dominus
950 3839 1047 3892 iterum
1100 3851 1178 3904 agere
1196 3835 1287 3890 mallet
1305 3851 1340 3890 an
1358 3851 1389 3890 ea
1406 3851 1476 3904 quae
1492 3835 1579 3902 datur,
1598 3839 1691 3904 quanti
1705 3839 1815 3892 minoris
1829 3841 1909 3892 homo

242 3913 299 3976 agat
316 3913 414 3962 nancto
432 3921 464 3960 eo
501 3907 690 3960 assessionem:
715 3907 754 3960 rei
775 3907 909 3962 iudicatae
926 3907 1047 3976 exceptio
1100 3921 1161 3958 cum
1177 3905 1279 3958 veniret
1295 3903 1384 3958 111111.
1420 3919 1482 3958 nam
1505 3905 1638 3974 posterior
1661 3907 1731 3960 actio
1751 3907 1832 3960 etiarn
1849 3907 1909 3960 red-

240 3975 324 4032 locum
341 3991 396 4030 noa
413 3923 531 4040 11111111,
549 3975 612 4042 quia
629 3973 682 4030 alia
698 3989 742 4030 res
759 3981 809 4030 est.
1099 3973 1253 4044 bibitionem
1272 3973 1402 4038 continet,
1420 3973 1443 4028 si
1460 3974 1514 4028 tale
1531 3973 1623 4030 vitium
1640 3973 1669 4030 in
1685 3973 1792 4030 homine
1809 3979 1861 4040 est,
1879 3981 1911 4028 ut

272 4041 311 4102 19
339 4045 519 4098 Maeoniam
549 4043 616 4096 libro
646 4059 718 4096 nono
749 4045 851 4100 decimo
881 4043 1047 4114 digestorum
1099 4057 1159 4096 eum
1183 4043 1218 4098 ob
1238 4041 1267 4096 id
1290 4047 1367 4096 actor
1391 4047 1527 4112 empturus
1550 4059 1605 4098 nou
1626 4043 1720 4098 merit:
1745 4059 1909 4114 quererere

242 4111 351 4168 Duobus
370 4111 479 4166 diversis
496 4111 660 4180 temporibus
679 4111 790 4168 eandem
806 4129 863 4168 rem
878 4111 984 4182 pignori
1001 4111 1046 4166 de·
1100 4111 1204 4166 dicetur
1226 4127 1301 4174 eum,
1325 4111 1372 4180 qui
1392 4111 1521 4166 alterutra
1542 4127 1633 4168 earum
1658 4113 1752 4180 egerit,
1780 4111 1803 4168 si
1825 4111 1910 4166 altera

241 4181 288 4234 dit:
313 4181 367 4248 egit
389 4181 520 4248 posterior
544 4195 605 4234 curu
627 4179 717 4262 priore
737 4181 911 4250 pigneraticia
933 4181 1047 4248 111111-
1099 4187 1194 4250 postea
1221 4183 1298 4250 agat,
1328 4181 1368 4234 rei
1395 4179 1529 4236 iudicatae
1556 4181 1712 4250 exceptione
1739 4181 1908 4236 summoveri.

240 4249 308 4300 arnt:
332 4263 394 4300 mox
415 4249 460 4302 ille
482 4263 561 4318 agere
583 4249 662 4302 simili
685 4249 789 4306 actione
811 4249 940 4306 instituite
965 4265 1047 4318 quae·
1099 4253 1114 4302 2
1150 4249 1178 4304 st
1201 4253 1228 4304 te
1250 4249 1364 4318 negotiis
1385 4249 1450 4306 11111
1474 4249 1602 4320 optuleris
1623 4255 1651 4306 et
1673 4249 1786 4304 fundum
1802 4249 1909 4304 nomine

241 4317 318 4370 situm
346 4323 401 4382 est,
430 4331 465 4370 an
491 4317 613 4386 exceptio
639 4317 678 4372 rei
701 4317 837 4374 iudicatae
861 4319 989 4374 obstaret.
1025 4319 1047 4372 si
1099 4333 1157 4372 mec
1195 4317 1292 4386 etieris,
1311 4317 1406 4374 deinde
1421 4333 1467 4390 ego
1482 4319 1552 4374 hanc
1566 4319 1722 4402 petitionem
1734 4323 1809 4372 tuam
1822 4321 1909 4372 ratam

242 4393 401 4464 opposuerat
423 4385 606 4456 exceptionem
629 4387 668 4440 rei
691 4387 743 4442 sibi
767 4393 829 4444 ante
850 4389 1004 4458 pigneratus
1021 4393 1049 4442 11
1099 4403 1153 4442 111
1169 4333 1299 4456 11111111,
1316 4387 1365 4444 sed
1382 4387 1541 4444 mandavero
1558 4387 1615 4452 tubi,
1633 4393 1665 4442 11
1678 4403 1712 4442 ex
1725 4387 1828 4456 integro
1843 4401 1908 4440 eun-

240 4453 303 4506 mhrl
326 4453 399 4506 ahud
421 4471 517 4508 norum
541 4459 567 4508 11
590 4453 705 4510 ualidum
728 4455 868 4522 adiecerit,
891 4457 949 4510 sine
966 4455 1047 4510 dubio
1100 4457 1158 4510 dem
1175 4455 1288 4510 fundum
1305 4463 1424 4526 peteres,
1442 4457 1564 4526 exceptio
1580 4457 1620 4510 rei
1637 4455 1772 4510 indicatae
1788 4471 1842 4510 nou
1859 4455 1908 4510 ob·

241 4519 368 4600 obstabit:
392 4521 504 4576 eandem
524 4523 593 4576 enim
610 4525 792 4592 quaestionem
809 4531 917 4582 revocat
931 4525 962 4580 in
978 4525 1046 4580 iudi·
1099 4525 1194 4580 stabit:
1213 4525 1266 4580 alia
1283 4525 1354 4582 enim
1367 4543 1410 4582 res
1425 4525 1499 4580 iacta
1511 4531 1554 4582 est
1566 4523 1757 4580 interveniente
1771 4523 1907 4578 mandatu

241 4603 315 4642 11111.
625 4617 626 4620 “
732 4653 734 4658 1
1097 4593 1167 4648 idem
1191 4601 1245 4664 est,
1271 4595 1295 4650 si
1316 4611 1371 4650 uon
1392 4597 1421 4650 in
1441 4609 1511 4662 rem,
1534 4591 1582 4650 sed
1603 4591 1632 4648 in
1655 4605 1797 4666 personam
1818 4597 1908 4648 actum
1938 4621 1940 4624 ·

272 4653 311 4714 20
335 4657 507 4714 Ponecnrcs
533 4659 600 4714 libro
623 4663 702 4714 sexto
726 4661 828 4718 decimo
856 4663 894 4718 ad
916 4661 1047 4718 Satanan
1097 4663 1188 4718 fuerit.

241 4723 267 4776 11
283 4741 316 4780 ex
332 4731 492 4780 metaneam
510 4731 601 4806 actum
618 4729 653 4780 sit
670 4743 731 4780 cum
747 4729 846 4786 herede
869 4731 904 4786 ab
923 4747 969 4796 eo,
992 4731 1046 4798 qui,
1133 4725 1176 4788 26·
1191 4733 1360 4786 Acarnanes
1374 4733 1526 4788 libratione
1541 4731 1728 4800 quaestionum
1753 4729 1806 4798 Egi
1818 4733 1908 4784 terrm

241 4807 298 4846 cum
314 4799 400 4846 totum
419 4801 556 4862 argeutum
573 4809 597 4846 er
615 4795 732 4862 legatum
750 4803 821 4862 erat,
844 4813 951 4852 memes
972 4799 1047 4852 dum·
1097 4799 1218 4854 iusmihi
1232 4815 1292 4854 esse
1306 4801 1385 4856 aedes
1398 4815 1470 4854 meas
1484 4797 1720 4866 usqueaddecem
1751 4797 1812 4852 edes
1827 4797 1907 4854 altius

240 4863 312 4914 mxat
333 4861 384 4916 sibi
405 4861 506 4940 legatas
524 4867 631 4942 putaret
648 4877 793 4934 earumque
810 4865 950 4920 dumtaxat
968 4869 1048 4920 aesti-
1098 4867 1205 4924 toliere:
1229 4873 1291 4938 post
1314 4885 1365 4938 ago
1382 4869 1423 4922 ius
1440 4867 1505 4922 mihi
1523 4879 1581 4920 esse
1598 4879 1717 4934 usquea
1751 4865 1844 4936 nigluti
1879 4883 1907 4922 e·

240 4929 380 4984 mationem
402 4929 431 4984 iu
452 4929 551 4984 iudrcrc
573 4927 695 4984 iecisset:
725 4939 820 4998 postea
843 4933 956 4990 eundem
978 4935 1048 5004 peti-
1099 4935 1147 4990 des
1163 4937 1244 4994 altius
1261 4937 1368 4992 tollere:
1386 4935 1507 5004 exceptio
1520 4933 1558 4990 rei
1570 4933 1704 4990 iudicatae
1715 4935 1810 5002 procul
1826 4885 1907 4992 111111

240 4999 327 5050 turum
350 4997 384 5050 de
406 5003 516 5080 argento
538 5013 643 5076 quoque
664 4999 752 5066 legato
770 5000 913 5056 Trebatius
938 5003 976 5056 ait
997 5017 1047 5056 nec
1099 5005 1224 5060 obstabit.
1260 5005 1308 5060 sed
1332 5011 1359 5058 ct
1382 5005 1404 5058 si
1426 5017 1518 5056 rursus
1540 5001 1579 5056 ita
1601 5017 1678 5070 agam
1698 5003 1740 5056 ius
1763 5003 1827 5056 mihi
1848 5019 1907 5060 1111

242 5063 405 5144 obstaturam
429 5083 453 5120 et
475 5071 668 5134 exceptronem,
696 5067 767 5134 quod
788 5083 843 5122 non
866 5071 903 5122 sit
925 5071 1047 5138 petitum,
1099 5073 1179 5128 altius
1197 5073 1233 5126 ad
1250 5071 1316 5128 alios
1335 5069 1522 5140 decempedas
1539 5071 1646 5134 tollere,
1670 5071 1790 5128 obstabit
1810 5089 1906 5142 excep·

241 5131 309 5212 quod
325 5151 375 5188 nec
391 5139 467 5188 actor
484 5139 576 5206 petere
592 5139 716 5204 putasset
737 5149 788 5190 nec
805 5137 886 5192 iudex
903 5135 932 5190 in
948 5137 1047 5194 iudicio
1098 5141 1144 5206 tic,
1163 5155 1224 5194 eum
1241 5141 1319 5196 aliter
1336 5139 1457 5208 superior
1472 5153 1536 5206 pars
1553 5139 1611 5192 iure
1627 5137 1722 5194 haberi
1741 5155 1796 5196 nou
1811 5141 1907 5210 possit,

241 5209 372 5258 sensisset.
1100 5215 1112 5260 1
1167 5225 1230 5262 uam
1252 5209 1275 5262 si
1297 5207 1407 5262 inferior
1423 5221 1529 5276 quoque
1544 5205 1603 5260 iure
1619 5209 1758 5264 habeatur.
1792 5209 1860 5264 Item
1883 5209 1907 5262 si

272 5265 309 5326 21
330 5269 411 5324 ioan
430 5271 503 5352 libra·
520 5269 657 5340 trigesimo
673 5269 765 5340 primo
789 5271 826 5326 cd
842 5269 973 5326 Sabinum
1007 5271 1046 5336 Si,
1097 5225 1521 5344 1111111111111111111,
1544 5289 1612 5344 quae
1634 5293 1649 5332 e
1672 5277 1857 5344 regloueeius
1878 5277 1907 5330 in

241 5351 299 5390 cum
316 5343 455 5408 argentum
468 5339 534 5392 mihi
546 5341 706 5416 testamento
719 5337 837 5408 legatum
851 5343 930 5404 esset,
949 5339 1047 5408 egerim
1097 5343 1206 5398 flumine
1223 5349 1287 5396 nata
1304 5343 1362 5410 erit,
1379 5347 1495 5410 petatur,
1513 5345 1635 5414 exceptio
1652 5347 1793 5400 obstatura
1811 5349 1859 5400 est.

241 5419 300 5458 cum
316 5407 414 5462 herede
431 5411 458 5460 et
474 5413 570 5476 postea
587 5407 713 5460 codicillis
730 5405 843 5474 prolatis
860 5413 960 5462 restem
980 5423 1045 5476 quc·
1133 5407 1172 5466 27
1191 5409 1346 5466 Nubamus
1366 5409 1433 5464 libro
1454 5413 1567 5482 septimo
1589 5415 1805 5468 membranarum
1839 5409 1907 5464 Cum

241 5475 411 5538 quemibile
430 5473 1002 5542 111111111111111111111111111111
1018 5475 1047 5530 in
1098 5479 1131 5530 de
1152 5479 1219 5540 hoc,
1245 5491 1281 5530 an
1304 5477 1462 5532 1111111111
1486 5483 1541 5544 111,
1564 5481 1714 5548 quaeritur,
1738 5479 1806 5534 haec
1829 5491 1906 5546 spec·

240 5543 360 5612 sopanus
376 5543 407 5596 in
426 5543 506 5602 'cium
518 5543 705 5608 vaesanas,
723 5543 786 5610 qma
799 5555 886 5610 neque
899 5541 1047 5608 litigatores
1097 5545 1181 5610 tanda
1194 5549 1270 5598 sunta
1288 5557 1428 5614 personae,
1445 5545 1577 5618 idipsum
1594 5547 1627 5602 de
1644 5563 1696 5618 quc
1711 5545 1806 5616 agitur,
1825 5559 1908 5600 causa

241 5717 270 5780 (1)
288 5719 495 5836 ‘filim-dib
524 5719 561 5832 5²)
580 5715 703 5794 1251)·
702 5717 754 5830 ᾱὸἰθ,
763 5725 848 5794 talis·
894 5713 1048 5828 (3111111111
1098 5715 1131 5774 (bi
1151 5713 1166 5764 l·
1177 5725 1202 5830 itt
1204 5715 1330 5830 Bcozllocori
1337 5715 1480 5782 aetatepost
1489 5719 1504 5770 1.
1514 5729 1539 5772 it
1574 5719 1608 5782 (c)
1625 5715 1733 5766 monins.
1774 5715 1806 5778 (1)
1825 5711 1908 5762 eriF²

243 5787 527 5918 nngnlpeaobligafipnpas
535 5781 1056 5916 npgnpnsnmppppunpnupenssinnnp,
1100 5783 1133 5840 (Β)
1151 5793 1185 5830 ω
