4366 6258
262 421 414 496 xiima
472 393 473 396 Ἴ
1063 409 1124 482 298
1216 445 1217 448 “
1582 431 1629 478 un
1650 431 1729 480 amu
1749 429 1941 478 summanr

263 601 380 674 Papiam
413 601 551 654 Senatoris
573 599 642 664 filia,
660 613 730 668 quae
748 613 859 666 corpore
875 607 1016 678 quaestum
1032 597 1073 650 vel
1124 599 1162 652 ‘in
1187 613 1218 652 ec
1245 597 1412 652 matrimonio
1439 597 1635 666 quaesitorum,
1662 597 1734 666 qnod
1766 601 1829 650 ante
1855 609 1938 650 annos

262 679 346 724 mtem
362 667 493 722 ludicram
509 667 603 722 fecerit
625 673 673 720 aut
693 665 792 720 indicio
814 667 922 736 publrco
947 665 1074 718 damnata
1125 667 1312 734 ‘quadraginta
1326 669 1494 718 connectam
1508 669 1557 730 est,
1572 663 1683 734 perinde
1697 665 1810 734 atquesi
1826 663 1939 730 legitime

263 737 356 798 inerit,
378 733 487 802 impune
506 733 630 788 libertino
654 733 745 788 nubit:
775 749 825 790 nec
849 735 918 790 enim
939 733 1026 790 honos
1049 733 1074 786 ei
1124 733 1259 802 ‘concepti
1275 733 1406 788 inissent'.

262 807 390 866 servatur,
409 817 477 870 quae
493 817 523 856 se
539 803 569 856 in
583 805 690 856 tantum
705 799 819 856 foedus1
838 801 954 856 deduxit.
1125 797 1165 858 58
1183 799 1361 856 Maecianus
1376 801 1443 856 libro
1461 807 1560 870 quarto
1577 801 1735 872 repuleram
1768 801 1795 854 A
1812 799 1872 854 divo
1890 799 1938 854 Pio

296 865 337 926 48
356 869 525 922 Trasumen
551 869 685 924 Genusus
713 869 781 922 libro
806 877 900 926 octauo
927 867 964 922 ad
988 867 1073 940 tapam
1124 869 1284 936 rescriptum
1300 873 1349 934 est,
1367 869 1391 922 si
1406 869 1532 922 libertina
1549 873 1698 924 senatorem
1714 867 1848 936 deceperit
1863 869 1939 936 quasi

263 937 362 990 Iuliam
377 935 528 1006 ctPapium
552 937 741 1002 Filiopatroni
756 937 784 990 in
800 937 923 992 libertam
933 939 1073 1004 paternam
1123 937 1240 1006 ingenus
1255 941 1282 990 et
1295 937 1320 990 ei
1334 943 1419 1006 nupta
1433 943 1482 1000 eat,
1497 937 1533 1002 ad
1548 937 1697 1006 exemplum
1710 935 1842 1006 praetoris
1860 935 1940 990 edicti

263 1003 426 1072 eandemque
449 1019 560 1058 uxorem
584 1003 654 1056 idem
667 1003 757 1082 iuris,
781 1005 854 1074 qnod
880 1003 932 1072 ipsi
952 1009 1071 1124 ⁸qatrono
1124 1003 1240 1058 dandam
1253 1003 1282 1056 in
1295 1019 1354 1058 eam
1369 1003 1508 1068 actionem,
1525 1005 1587 1072 quia
1601 1021 1634 1058 ex
1646 1003 1709 1058 dote
1723 1003 1939 1058 undumlncrum

264 1071 387 1134 daretur,
411 1085 444 1124 ex
468 1071 601 1126 sententia
623 1071 688 1138 legrs
707 1071 932 1126 accommodatur.
950 1087 960 1122 1
980 1087 1073 1138 amque
1124 1071 1206 1126 habet
1223 1087 1292 1138 quae
1309 1071 1383 1126 nulla
1401 1077 1449 1126 est.
1940 1115 1941 1118 η

264 1137 405 1192 dicendum
422 1139 472 1192 erit
489 1145 516 1192 et
533 1139 556 1192 si
573 1139 682 1192 alterius
719 1141 807 1194 atroni
823 1139 895 1192 filius
911 1137 969 1192 vivo
987 1139 1071 1192 altero
1159 1135 1199 1196 59
1217 1139 1337 1192 Parrus
1351 1139 1420 1194 libro
1437 1139 1574 1210 simpulum
1594 1139 1627 1194 de
1645 1141 1834 1210 adripuutiouc
1859 1139 1938 1196 liber-

266 1211 278 1258 i
314 1205 435 1258 libertam
452 1221 544 1260 eorum
561 1221 671 1258 uxorem
707 1209 802 1262 exerit.
829 1207 858 1260 Si
872 1205 1074 1274 ignominiosam
1124 1215 1212 1262 torum
1247 1205 1362 1260 Senatus
1381 1209 1512 1274 consulto,
1531 1223 1583 1276 quo
1602 1213 1710 1262 caumm
1735 1211 1788 1272 est,
1813 1221 1847 1262 ne
1864 1211 1938 1262 tutor

264 1273 387 1328 libertam
404 1289 480 1328 suam
497 1279 627 1344 patronus
641 1291 753 1330 uxorem
767 1275 880 1338 durent,
895 1273 992 1342 placet,
1010 1273 1073 1342 quia
1123 1275 1252 1344 pupillam
1269 1275 1311 1330 vel
1326 1273 1380 1330 filio
1400 1291 1448 1330 suo
1463 1275 1504 1330 vel
1522 1275 1572 1330 sibi
1588 1279 1702 1344 nuptum
1718 1275 1839 1342 collocet,
1858 1273 1938 1330 etiam

265 1347 358 1396 contm
374 1343 459 1410 legem
477 1343 589 1396 maritus
611 1341 654 1408 sit,
675 1359 730 1398 non
746 1345 845 1398 habere
863 1357 923 1396 eum
939 1341 992 1396 hoc
1008 1341 1072 1410 legis
1123 1359 1207 1412 nepos
1226 1343 1397 1412 significatur.

265 1413 280 1462 2
315 1409 480 1462 beneficium.
500 1409 693 1464 Sinniexfiliis
707 1411 874 1480 adsignatam
887 1409 1072 1464 alteruxorem
1159 1409 1197 1468 60
1217 1411 1297 1464 iarn
1316 1411 1384 1466 libro
1412 1411 1455 1464 sim
1473 1411 1548 1464 olari
1575 1409 1612 1462 ad
1640 1411 1787 1464 cretionem
1810 1409 1868 1464 diui
1882 1411 1934 1464 Aa·

265 1477 378 1540 durent,
395 1493 450 1532 non
465 1477 535 1530 idem
552 1477 593 1530 ins
613 1479 684 1546 quod
705 1479 735 1532 in
756 1485 871 1546 patrono
888 1477 1071 1530 tribuendum:
1124 1481 1212 1532 tobim
1227 1485 1253 1532 et
1273 1477 1410 1534 Commodi
1448 1429 1476 1532 55
1499 1477 1559 1546 quis
1586 1483 1660 1532 tutor
1688 1477 1793 1546 qnidam
1816 1479 1936 1544 nonsit,

265 1543 331 1598 nihil
347 1545 416 1600 enim
431 1545 496 1600 iuris
514 1543 631 1612 habebit,
650 1549 711 1616 quia
725 1551 832 1600 senatus
849 1559 927 1598 omne
938 1543 981 1598 ius
992 1545 1071 1600 liber-
1123 1545 1271 1616 periculum
1287 1551 1377 1600 tamen
1400 1547 1500 1600 tutelae
1524 1545 1559 1598 ad
1583 1561 1643 1600 enm
1658 1547 1805 1614 pertineat,
1823 1561 1859 1600 an
1877 1561 1937 1600 sen-

264 1619 353 1666 tcrum
370 1613 567 1682 adsignaturum
584 1615 619 1666 ad
637 1629 698 1668 eum
714 1613 863 1678 transtulit,
887 1611 930 1666 cui
951 1613 978 1666 id
995 1621 1073 1682 pater
1123 1615 1209 1668 tentis
1235 1615 1362 1676 orationis
1389 1615 1575 1668 contincatur?
1609 1613 1690 1666 vdud
1721 1615 1744 1666 si
1769 1613 1871 1682 pupilla
1901 1615 1936 1668 ab

264 1681 365 1734 tribuit.
1123 1681 1246 1736 hostibus
1262 1687 1343 1750 capta
1355 1681 1437 1734 fuerit
1451 1687 1498 1734 aut
1511 1681 1586 1734 falsis
1602 1679 1802 1748 allegationibus
1817 1697 1833 1734 a
1852 1683 1938 1736 tutela

299 1745 622 1804 semicorruptum
644 1751 737 1820 primo
758 1747 795 1800 od
817 1747 902 1816 lupam
924 1747 1024 1800 lulium
1047 1753 1074 1800 at
1124 1765 1153 1804 se
1171 1749 1344 1814 excusaverit,
1362 1753 1394 1802 ut
1410 1765 1444 1804 ex
1466 1749 1550 1802 sacris
1574 1749 1807 1802 consttutionibus
1830 1749 1935 1818 pericu-

266 1813 382 1888 Papium
416 1813 615 1870 Observandum
633 1823 687 1882 est,
710 1819 741 1870 ut
756 1813 889 1868 inferioris
906 1813 1005 1882 gradus
1022 1815 1070 1870 ho·
1122 1817 1178 1870 lum
1195 1817 1230 1870 ad
1247 1831 1307 1870 eum
1324 1817 1474 1884 pertineat?
1499 1819 1526 1870 et
1543 1815 1683 1870 fficendum
1701 1821 1742 1870 est
1764 1815 1814 1870 hos
1832 1831 1937 1886 qnoque

264 1883 348 1936 mines
372 1883 472 1938 ducant
496 1899 591 1940 uxores
615 1899 675 1948 eas,
700 1897 766 1952 quas
788 1881 817 1934 hi
834 1883 880 1950 qui
897 1881 999 1938 altioms
1016 1883 1072 1952 dig-
1124 1885 1159 1938 ad
1182 1889 1290 1938 senatus
1308 1885 1459 1938 consultum
1481 1885 1626 1952 pertinere:
1650 1899 1713 1938 nam
1736 1889 1763 1936 et
1784 1885 1937 1938 huiusmodi

264 1951 356 2006 mitads
379 1957 442 2006 sunt
464 1951 560 2006 ducere
581 1953 683 2020 legibus
706 1955 816 2020 propter
839 1951 993 2020 dignitatem
1009 1967 1071 2020 pro·
1123 1951 1271 2022 pericrdum
1292 1951 1321 2004 in
1345 1967 1484 2006 numerum
1507 1953 1587 2006 trium
1616 1953 1759 2006 tutelarum
1786 1953 1936 2020 computari

264 2017 402 2074 hibenturz
421 2025 555 2074 atcoutra
573 2017 753 2074 antecedentis
764 2017 864 2086 padus
881 2019 1000 2074 homines
1017 2035 1073 2074 uon
1125 2025 1137 2074 i
1175 2019 1376 2088 comprobatum
1400 2023 1447 2072 est.
1489 2019 1542 2074 Sed
1565 2021 1587 2074 si
1610 2023 1719 2088 propter
1742 2021 1850 2074 alterius
1874 2035 1935 2088 per-

265 2093 441 2212 titillat
458 2089 648 2212 tilieti
665 2085 707 2140 ¹¹³⁵
725 2085 771 2152 ‘¹¹¹³
786 2083 919 2140 mm
937 2085 1072 2156 saraa
1123 2087 1935 2222 litteteras.ttnttltitltttlttlititt

300 2221 339 2280 50
356 2223 438 2278 Inna
451 2223 518 2278 libro
536 2223 614 2276 tertio
632 2221 669 2276 acl
692 2221 775 2292 leuem
792 2221 894 2276 Iuliam
911 2225 938 2276 ct
954 2221 1071 2292 Papium
1122 2223 1151 2276 iu
1167 2222 1267 2276 tutelae
1283 2221 1431 2290 periculum
1447 2221 1541 2276 incidit
1556 2223 1598 2274 vel
1620 2221 1779 2276 fideiusserit
1802 2221 1861 2290 quis
1883 2237 1933 2290 pro

264 2289 388 2344 Proxime
405 2293 577 2344 constitutum
594 2289 706 2354 dicitur,
729 2295 772 2356 ut,
797 2305 857 2344 cum
875 2291 933 2358 quis
950 2289 1072 2344 libertam
1122 2295 1212 2344 batere
1228 2289 1270 2344 rel
1287 2293 1419 2354 curatore,
1434 2291 1497 2360 quia
1511 2305 1561 2344 nec
1574 2289 1602 2342 in
1617 2305 1756 2344 numerum
1769 2287 1851 2342 mum
1864 2293 1933 2342 tute-

265 2373 342 2414 suam
359 2359 462 2414 durent
483 2373 608 2422 uxorem,
632 2371 711 2426 quam
730 2373 763 2412 ex
779 2357 974 2414 fideicommissi
991 2371 1074 2412 causa
1122 2359 1209 2412 larum
1226 2359 1293 2414 haee
1310 2357 1346 2410 im
1365 2363 1488 2412 utantur:
1514 2363 1540 2410 et
1565 2373 1728 2428 consequens
1746 2363 1785 2410 est
1802 2357 1855 2410 hoc
1872 2363 1933 2424 pro-

265 2427 459 2492 manumiserit,
481 2427 562 2480 liceat
583 2425 694 2480 libertae
716 2425 797 2480 invito
821 2441 852 2480 eo
875 2427 984 2494 nuptias
1008 2441 1087 2482 conr
1124 2431 1138 2480 2
1173 2427 1246 2480 bare.
1287 2425 1338 2492 Qui
1379 2441 1440 2494 ergo
1466 2425 1491 2480 si
1512 2425 1620 2480 honoris
1645 2441 1728 2480 causa
1755 2429 1828 2478 tutor
1856 2425 1934 2480 datus

263 2497 383 2548 trahere:
414 2501 494 2560 puto,
521 2493 583 2560 quia
608 2509 661 2546 non
688 2497 746 2546 erat
767 2491 893 2548 ferendus
921 2493 944 2548 is
971 2493 1016 2562 qui
1040 2509 1073 2546 ex
1122 2493 1176 2548 sit?
1208 2497 1340 2562 quatenus
1365 2509 1415 2546 uec
1441 2493 1592 2548 huiusmodi
1622 2494 1707 2548 tutela
1738 2493 1765 2546 in
1795 2507 1933 2546 numerum

265 2563 423 2616 necessitate
446 2559 610 2624 manumisit,
628 2575 683 2612 non
698 2575 746 2614 suo
767 2561 890 2614 arbitio:
908 2563 992 2630 magis
1004 2561 1072 2614 enim
1123 2565 1310 2640 computatur,
1334 2561 1461 2680 numquid
1484 2561 1552 2614 idem
1576 2559 1628 2614 sit?
1656 2561 1704 2614 sed
1727 2559 1794 2614 ratio
1817 2559 1845 2612 in
1869 2575 1931 2614 con·

266 2629 384 2682 debitam
399 2627 546 2680 libertatem
563 2627 696 2694 praestitit
713 2641 792 2694 quam
809 2627 892 2680 ullum
914 2627 1073 2682 beneficium
1122 2633 1234 2680 tranum
1250 2627 1330 2692 ducit,
1347 2643 1399 2696 quo
1433 2629 1533 2682 dictum
1547 2633 1588 2682 est
1603 2633 1629 2682 et
1637 2629 1809 2682 honorarium
1817 2633 1933 2680 tutorem

265 2697 292 2748 in
309 2695 444 2748 mulierem
464 2695 584 2746 contulit.
1121 2695 1269 2764 periculum
1283 2695 1367 2748 solere
1381 2695 1446 2764 pati,
1464 2695 1487 2748 si
1502 2697 1571 2750 male
1586 2711 1683 2764 passus
1703 2697 1738 2748 sit
1755 2695 1934 2750 administrari

300 2759 337 2818 51
357 2761 513 2814 chrunrus
535 2761 669 2816 narrans
697 2761 764 2816 libre
791 2761 885 2832 primo
915 2761 1072 2832 repuleram
1123 2767 1138 2814 3
1172 2761 1291 2816 tutelam.
1333 2761 1403 2828 Quin
1424 2767 1514 2816 autem
1536 2763 1593 2828 ille,
1624 2765 1682 2830 qni,
1706 2779 1767 2816 cum
1790 2761 1868 2816 datus
1891 2767 1933 2814 est

265 2827 429 2884 Matrimonii
455 2845 537 2884 causa
566 2829 663 2884 ancilla
688 2833 849 2884 manumissa
881 2845 898 2884 a
923 2829 994 2884 nullo
1019 2827 1071 2884 alio
1121 2835 1203 2896 tutor,
1214 2829 1583 2894 cessatinadministratione,
1592 2829 1724 2898 pertineat
1733 2829 1932 2894 adorationem,

266 2911 334 2952 uxor
356 2897 417 2950 duci
439 2901 528 2966 potest
551 2911 630 2966 quam
652 2913 669 2950 a
695 2913 747 2966 quo
769 2899 933 2952 manumissa
956 2903 1003 2962 est,
1021 2895 1072 2950 nisi
1122 2913 1178 2950 non
1194 2903 1235 2952 est
1253 2897 1435 2962 dubitandum,
1454 2899 1517 2966 quia
1533 2897 1644 2978 perinde
1665 2903 1771 2952 tenetur
1794 2913 1827 2952 ex
1849 2897 1932 2952 sacris

268 2971 279 3020 1
315 2971 443 3034 patronus
460 2965 627 3022 matrimonio
644 2965 700 3022 eius
713 2965 911 3022 renuntiaverit.
938 2965 967 3018 Si
984 2969 1071 3020 autem
1122 2971 1139 3018 4
1175 2965 1407 3020 consummatius
1424 2971 1505 3034 atque
1523 2983 1546 3020 s1
1562 2965 1693 3034 gessisset.
1730 2965 1799 3034 Quid
1821 2981 1882 3034 ergo
1901 2965 1932 3030 si,

266 3033 336 3088 filius
352 3033 466 3088 familias
480 3035 640 3088 matrimonii
656 3049 739 3088 causa
755 3035 830 3088 iussu
847 3033 932 3104 patris
949 3033 1072 3088 ancillam
1124 3049 1185 3088 cum
1202 3049 1232 3088 se
1247 3033 1326 3088 vellet
1343 3045 1471 3088 excusare
1488 3033 1577 3102 aliquo
1594 3033 1671 3088 titano
1696 3049 1746 3088 nec
1762 3037 1791 3088 in
1807 3037 1932 3104 promptu

266 3101 453 3166 manumiserit,
467 3103 586 3156 Iulianus
600 3107 678 3172 putat
691 3103 799 3172 perinde
815 3119 873 3156 eam
886 3101 1072 3170 haberiatque
1121 3101 1302 3222 qubationes·
1325 3101 1449 3166 liaberet,
1481 3101 1659 3156 excusationis
1690 3103 1824 3170 negotium
1851 3097 1933 3156 luent

266 3171 290 3224 si
307 3185 324 3222 a
340 3175 415 3238 patre
431 3169 487 3232 eius
506 3171 667 3224 manumissa
684 3177 768 3226 esset:
786 3175 813 3224 et
828 3171 887 3224 ideo
905 3175 995 3238 potest
1012 3185 1071 3222 eam
1142 3169 1147 3180 '
1176 3173 1234 3222 tum
1251 3175 1278 3222 et
1294 3173 1362 3222 mter
1379 3183 1466 3222 moras
1484 3169 1587 3238 pupilla
1604 3169 1761 3236 adoleverit,
1784 3185 1821 3224 an
1838 3169 1873 3224 ad
1889 3183 1931 3224 se-

266 3253 375 3292 uxorem
393 3237 517 3292 duceret
1122 3241 1202 3292 natus
1228 3235 1378 3292 consultum
1400 3235 1550 3306 pertineat?
1580 3235 1699 3306 quaestio
1721 3237 1749 3290 in
1772 3253 1804 3292 eo
1828 3241 1877 3304 est,
1895 3253 1932 3290 an

300 3301 341 3360 52
363 3303 467 3358 Paulus
494 3305 563 3360 libro
590 3309 668 3358 sexto
698 3305 735 3360 cci
762 3303 891 3360 Sabinum
950 3305 1072 3358 Incestae
1122 3307 1229 3372 etpost
1249 3305 1418 3374 pubertatem
1441 3303 1529 3358 officio
1552 3305 1626 3358 finito
1651 3305 1850 3360 excusationem
1874 3305 1931 3358 eius

266 3373 375 3440 nuptiae
390 3387 477 3442 neque
494 3373 582 3426 dotem
598 3373 699 3426 habent
716 3379 743 3428 et
759 3373 818 3428 ideo
832 3389 909 3428 omne
923 3373 994 3442 qnod
1010 3387 1070 3440 per·
1121 3371 1204 3442 recipi
1222 3377 1355 3442 oporteat:
1373 3387 1435 3426 nam
1453 3373 1476 3426 si
1493 3373 1620 3442 recipitur
1634 3377 1660 3426 et
1674 3373 1865 3438 excusaverat
1883 3373 1930 3426 im-

267 3445 372 3508 ceptnm
390 3445 430 3496 est
446 3439 510 3494 licet
525 3439 660 3496 ir‘nctuum
677 3441 782 3496 nomme
800 3439 944 3496 auferetur.
1121 3455 1192 3508 pune
1214 3445 1304 3508 potest
1327 3441 1437 3496 ducere:
1461 3439 1485 3496 si
1500 3455 1562 3494 nero
1586 3457 1640 3494 non
1657 3439 1753 3494 debeat
1769 3439 1853 3508 recipi
1870 3445 1932 3508 post

300 3505 339 3564 53
359 3507 451 3562 Galus
470 3509 537 3562 iidrc
561 3509 701 3564 undecimo
719 3509 756 3562 act
771 3509 886 3562 edictum
902 3507 1072 3578 provinciale
1122 3507 1240 3562 officinm
1262 3507 1380 3574 finitum,
1398 3523 1452 3562 non
1469 3511 1542 3562 recte
1559 3507 1640 3562 ducit.
1667 3513 1695 3562 et
1711 3507 1749 3560 ait
1765 3507 1930 3576 Papinianus

266 3573 383 3644 Nuptiae
407 3577 551 3630 consistere
580 3591 634 3628 non
655 3581 768 3646 possunt
789 3577 860 3630 inter
882 3591 927 3630 eas
943 3589 1071 3644 personas
1120 3575 1188 3628 libro
1207 3575 1299 3644 quinto
1317 3591 1505 3646 responsorum
1522 3575 1610 3628 officio
1634 3575 1707 3628 linito
1732 3577 1930 3630 excusationem

266 3657 334 3712 quae
349 3643 378 3696 in
395 3659 501 3698 numero
511 3643 660 3712 parentium
668 3643 842 3700 liberorumve
856 3649 926 3708 sunt,
941 3643 996 3698 sive
1009 3657 1071 3712 pro·
1121 3643 1205 3712 recipi
1222 3659 1277 3696 non
1293 3649 1416 3712 oportere
1430 3649 1457 3700 et
1469 3643 1529 3698 ideo
1545 3643 1632 3698 exacti
1644 3643 1770 3712 temporis
1783 3643 1930 3712 periculum

268 3711 331 3764 sinn
348 3711 402 3766 sive
419 3711 552 3766 ulterioris
569 3711 665 3782 gradum
684 3713 737 3766 sint
752 3727 837 3782 usqne
854 3711 889 3766 ad
905 3709 1045 3766 inlinitum.
1121 3711 1157 3764 ad
1175 3727 1234 3776 eum
1250 3713 1389 3778 pertinere.
1409 3713 1456 3766 sed
1478 3711 1542 3766 mihi
1565 3711 1616 3766 hoc
1638 3727 1805 3782 nequaquam
1827 3711 1928 3780 placet:

300 3775 341 3834 54
358 3777 509 3832 Senatorii
539 3779 607 3836 libro
630 3781 721 3850 primo
751 3779 908 3850 repuleram
945 3779 984 3832 Et
1007 3777 1072 3832 nihil
1121 3779 1239 3846 iniquum
1257 3779 1326 3832 enim
1343 3785 1385 3834 est
1400 3785 1509 3850 propter
1526 3781 1686 3844 dilatiomm,
1704 3793 1772 3848 quae
1787 3779 1859 3832 forte
1875 3795 1929 3832 non

266 3847 381 3910 interest,
401 3847 525 3902 ex‘iustis
542 3847 642 3916 nuptiis
660 3847 782 3914 cognatio
797 3845 941 3900 descendat
956 3861 993 3900 an
1009 3861 1071 3900 vero
1122 3847 1192 3910 dolo,
1211 3847 1258 3900 sed
1277 3863 1345 3916 quae
1362 3861 1395 3898 ex
1411 3847 1570 3902 necessitate
1583 3847 1718 3916 contingit,
1736 3861 1790 3900 non
1808 3847 1929 3900 excusari

266 3929 333 3968 nou:
356 3927 419 3966 nam
436 3919 462 3968 et
477 3915 555 3982 vulgo
575 3915 719 3982 quaesitam
744 3929 861 3970 sororem
887 3913 945 3982 quis
967 3919 1072 3968 vetatur
1122 3919 1136 3966 5
1172 3913 1212 3966 vel
1229 3915 1336 3982 nuptas
1353 3913 1475 3982 impediri
1492 3915 1662 3970 excusatione
1679 3919 1794 3982 recepta.
1830 3913 1929 3980 Quam·

265 3997 375 4036 uxorem
392 3979 497 4036 ducere.
1121 3981 1160 4036 vis
1178 3983 1263 4036 uerbis
1282 3983 1408 4036 cratonis
1426 3987 1533 4036 cautum
1551 3983 1593 4048 sit,
1612 3997 1645 4036 ne
1661 3997 1771 4036 uxorem
1787 3985 1862 4036 tutor
1877 3997 1927 4052 pu·

300 4045 339 4106 55
360 4047 453 4104 Ganos
471 4049 538 4104 libro
564 4049 703 4104 undecimo
721 4049 759 4102 ccl
774 4051 888 4104 edictum
900 4049 1071 4120 provinciale
1121 4049 1212 4170 qillam
1241 4043 1323 4112 snam'
1351 4049 1445 4114 ducat,
1476 4055 1566 4102 tamen
1595 4049 1799 4120 intellegendum
1830 4053 1872 4102 est
1896 4063 1929 4102 ne

266 4115 437 4186 Quinetiam
459 4117 534 4172 reim
562 4117 725 4172 existimatur
749 4133 806 4172 eam
830 4133 936 4187 quoque
962 4133 1072 4172 uxorem
1141 4117 1280 4186 esponderi
1306 4117 1411 4186 quidem
1436 4133 1529 4186 posse:
1561 4133 1623 4172 nam
1655 4134 1716 4174 cum
1742 4131 1794 4186 qua
1819 4117 1929 4186 nuptiae

266 4185 372 4252 ducere,
391 4201 459 4254 quae
474 4201 523 4254 per
540 4185 710 4254 adoptionem
726 4185 781 4240 iilia
798 4185 916 4254 neptisve
934 4201 993 4240 esse
1010 4201 1070 4242 coe·
1122 4187 1244 4240 conuehi
1266 4203 1320 4240 non
1343 4191 1467 4254 possunt,
1490 4187 1559 4240 haec
1586 4189 1740 4256 plerumque
1764 4201 1798 4240 ne
1823 4183 1929 4252 quidem

266 4253 343 4322 perit,
357 4253 385 4306 in
400 4259 512 4318 tantum,
527 4259 558 4308 ut
573 4259 605 4318 et,
622 4253 701 4332 siper
716 4255 951 4322 emancipationem
962 4253 1071 4324 adoptio
1121 4253 1280 4322 desponderi
1312 4259 1395 4308 otest:
1413 4253 1623 4322 namqnaeduci
1656 4253 1800 4318 ctestiure
1816 4251 1928 4322 despon-

270 4327 280 4374 1
317 4321 446 4376 dissoluta
463 4321 506 4388 sit,
528 4321 597 4374 idem
612 4321 678 4376 iuris
695 4327 809 4374 maneat.
843 4321 932 4376 Patris
954 4321 1072 4392 adoptivi
1123 4327 1137 4376 6
1174 4321 1257 4376 detur.
1286 4273 1425 4390 &undergo
1441 4323 1464 4376 si
1478 4321 1617 4390 adoptivus
1666 4321 1706 4376 'us
1720 4321 1815 4374 tutoris
1826 4319 1929 4374 duxerit

266 4389 318 4444 mei
343 4395 455 4444 matrem
482 4393 530 4444 aut
553 4393 722 4444 materteram
748 4393 795 4444 aut
819 4395 925 4456 neptem
959 4405 993 4444 ex
1017 4389 1071 4444 filio
1121 4389 1249 4512 qupillam
1265 4389 1355 4444 illicite
1371 4393 1518 4460 posteaque
1535 4389 1716 4458 emancipatus
1733 4387 1926 4442 1151151115-

266 4471 376 4510 uxorem
401 4457 498 4512 ducere
523 4473 578 4512 non
601 4473 727 4526 possum,
753 4457 855 4512 scilicet
876 4457 900 4510 si
920 4457 949 4510 in
971 4459 1072 4512 familia
1140 4459 1238 4512 endum
1259 4463 1300 4516 est
1323 4457 1356 4510 dc
1379 4453 1509 4526 adoptivis
1533 4459 1706 4528 emancipatis
1728 4463 1851 4512 senatum
1873 4471 1928 4510 nen

267 4525 324 4578 eius
341 4525 404 4580 sim:
427 4525 544 4594 alioquin
569 4525 591 4580 si
614 4525 793 4594 emancipatus
810 4523 887 4578 fuero
905 4525 939 4578 ab
956 4541 996 4592 eo,
1015 4527 1072 4582 sine
1121 4527 1248 4592 sensisse,
1272 4525 1335 4594 quia
1355 4531 1419 4594 post
1445 4525 1679 4594 emancipationem
1696 4525 1827 4580 intutum
1844 4523 1926 4592 adop·

267 4591 347 4648 dubio
365 4593 429 4648 nihil
445 4593 554 4662 impedit
571 4593 685 4662 nuptias,
703 4593 804 4648 scilicet
820 4591 883 4660 qnia
903 4597 1070 4662 posteman-
1121 4597 1135 4646 'l
1171 4593 1240 4648 tivae
1256 4591 1372 4648 familiae
1389 4593 1588 4648 obliviscuntur.
1613 4591 1756 4648 Naturales
1772 4591 1850 4646 liberi
1865 4591 1927 4646 licet

267 4661 426 4728 cipationem
444 4667 585 4716 extraneus
600 4663 745 4730 intellegor.
823 4685 838 4714 a
1120 4661 1149 4714 iu
1172 4661 1340 4730 adoptionem
1368 4661 1425 4714 dati
1448 4659 1562 4726 fuerim,
1586 4665 1694 4714 senatus
1718 4659 1839 4714 consulto
1865 4675 1926 4714 oon·

302 4725 342 4786 56
365 4729 509 4784 Uarianos
524 4729 592 4784 libro
609 4731 688 4784 tertio
706 4729 916 4798 disputationum
941 4727 1071 4782 Etiamsi
1121 4731 1137 4780 8
1172 4729 1298 4782 timentur.
1334 4727 1401 4794 Quid
1425 4743 1485 4796 ergo
1504 4729 1528 4782 si
1544 4731 1617 4780 tutor
1634 4729 1713 4780 datus
1729 4727 1884 4796 provocarit
1901 4733 1926 4780 et

267 4795 441 4862 concubinam
464 4797 522 4864 quis
544 4795 668 4850 habuerit
691 4795 788 4852 soccus
806 4795 894 4862 filiurn,
911 4793 974 4850 licet
991 4795 1070 4850 liber·
1119 4801 1215 4864 postea
1227 4795 1305 4850 heres
1319 4795 1375 4850 eius
1389 4795 1475 4850 victus
1489 4795 1549 4850 esti
1565 4795 1704 4874 praeteriti
1715 4795 1925 4916 temporisffneri·

266 4865 358 4930 unam,
375 4865 504 4918 incestum
522 4865 699 4918 committitur.
785 4913 787 4916 .
976 4925 981 4930 ¹
1121 4863 1209 4918 culum
1226 4869 1363 4932 praestare
1380 4863 1467 4918 debet.
1484 4877 1521 4916 an
1536 4879 1598 4918 uero
1622 4879 1646 4918 sn
1667 4861 1737 4916 fihus
1753 4863 1830 4916 heres
1859 4865 1926 4918 nent

296 4927 341 4988 ,57
359 4931 534 4986 Macerinus
551 4933 620 4986 libro
644 4931 760 4986 remaclo
783 4931 977 4986 institutionum
1019 4929 1071 4998 Qui
1121 4935 1147 4984 et
1163 4931 1249 4998 notris
1268 4935 1315 4996 est,
1334 4929 1369 4984 ad
1386 4929 1532 4984 credonem
1548 4929 1700 4998 pertineat?
1718 4935 1744 4984 et
1761 4943 1924 4998 consequens

266 4999 295 5052 in
311 4999 446 5068 provincia
468 4999 585 5052 officium
611 4999 710 5068 aliquid
725 4999 799 5068 gerit,
817 4999 973 5072 prohibetur
990 4999 1070 5052 cctam
1121 5001 1161 5052 est
1177 4999 1230 5052 hoc
1246 4999 1368 5068 probare,
1388 4999 1512 5066 quoniam
1528 4997 1659 5052 radonem
1676 4997 1754 5052 debet
1770 4995 1890 5052 reddere.

269 5067 416 5122 consentire
432 5065 486 5118 filio
504 5083 552 5120 suo
570 5081 678 5120 uxorem
696 5065 810 5120 ducenti.
1154 5061 1191 5122 61
1211 5064 1395 5120 mmmmm
1406 5065 1473 5120 libro
1491 5065 1645 5136 triqcmsimc
1661 5065 1778 5120 secundo
1792 5063 1923 5134 quaestic-

291 5131 363 5192 ,57⁰
392 5133 427 5188 Ie
450 5133 518 5188 libro
547 5133 664 5188 simodo
693 5133 726 5188 de
749 5133 889 5188 adulteriis
911 5131 1073 5188 Parrrranr
1119 5149 1183 5186 uum
1230 5131 1300 5188 Dete
1324 5137 1433 5202 propter
1458 5131 1578 5186 illicitum
1602 5131 1797 5188 matrimonium
1823 5133 1924 5188 caduca

267 5201 442 5258 Marcianus
464 5205 553 5254 motat:
585 5201 687 5254 Divus³
710 5201 819 5256 Marcum
845 5207 873 5256 et
895 5199 996 5254 Lucius
1021 5201 1070 5254 im·
1118 5197 1193 5254 iacta
1208 5199 1326 5270 exceptis
1348 5199 1472 5270 impensis
1489 5199 1653 5266 necessariis,
1671 5215 1740 5268 quae
1762 5199 1849 5254 dotem
1865 5201 1922 5270 ipso

268 5275 405 5334 penatores
425 5269 533 5322 Flaviae
555 5269 689 5322 Tertrrllae
710 5285 759 5336 per
779 5283 926 5324 mensorem
946 5269 1070 5322 libertum
1118 5269 1176 5322 iure
1192 5269 1310 5320 minuere
1327 5269 1425 5332 solent,
1462 5269 1515 5320 nod
1531 5267 1627 5322 iudicio
1646 5267 1677 5320 de
1696 5269 1758 5322 dote
1773 5269 1922 5322 redditurus

266 5335 306 5386 ita
321 5337 524 5406 rescripserunt:
542 5335 687 5390 ‘Movemnr
704 5341 729 5388 et
746 5335 870 5404 temporis
888 5335 1069 5400 diuturnitate,
1120 5339 1189 5390 esset
1205 5335 1314 5390 mantus
1332 5335 1433 5390 soluere
1445 5285 1536 5388 [lebet.

267 5403 330 5518 :qqro
353 5405 444 5522 igqrara
467 5403 531 5482 iuris
552 5403 581 5454 in
598 5401 762 5522 malqrimonio
780 5403 903 5458 auunculi
925 5403 964 5456 tui
972 5401 1068 5524 lifuisti,
1149 5397 1367 5524 liiilunumlibro
1381 5407 1479 5472 quarto
1492 5417 1682 5524 respolmscqum
1714 5401 1921 5524 ⁸illustriquamfflqq

267 5471 831 5614 ‘teutatttluttttltttiml
844 5485 974 5590 tilii
988 5471 1069 5590 litt
1120 5473 1722 5616 iiiiiiiliaiiiiaiialiiffii’aii
1739 5475 1920 5594 illita,

269 5605 446 5664 ‘concurrunt
457 5603 641 5656 confirmamus
656 5609 754 5656 statum
767 5605 910 5658 hbercrum
923 5611 1069 5658 uestrorum
1120 5603 1198 5656 datus
1216 5603 1337 5672 eligetur:
1355 5617 1441 5674 neque
1459 5619 1528 5658 emm
1544 5605 1704 5674 intellegitur
1718 5611 1795 5674 pater
1813 5605 1846 5660 de
1861 5619 1918 5676 per·

269 5777 299 5830 (1)
324 5767 419 5830 foedus]
436 5767 541 5818 dedecus
557 5771 666 5822 Kocilcr
784 5773 816 5836 (2)
839 5773 904 5824 alius
921 5787 993 5824 nemo
1012 5773 1068 5822 odd.
1091 5769 1099 5904 Ι
1123 5769 1284 5838 desponderit
1296 5773 1418 5840 pupillam
1437 5777 1455 5824 1.
1466 5791 1490 5840 p.
1500 5791 1524 5842 q.
1535 5791 1580 5826 em.
1591 5775 1745 5830 dureritscr·
1772 5799 1773 5802 ¹

269 5837 303 5900 (3)
321 5837 426 5886 dinsa.
495 5835 528 5896 (4)
546 5837 780 5888 excusatuseritscr
848 5841 879 5904 (51
897 5839 963 5890 filins
978 5839 1069 5888 tutoris
