4366 6258
257 379 302 424 nn
323 373 606 424 excussurorunus
1055 349 1120 422 357
1756 349 1881 412 XXVII
1905 353 1920 410 1

205 583 206 588 ,
257 539 287 594 δέ
308 539 364 590 τῶν
385 535 421 602 μὴ
443 533 625 604 ἱαιοκειμένων
648 539 708 588 ταῖς
729 539 906 604 προθεσμίαις
922 541 986 606 φέρε
1003 553 1063 586 σκε-
1113 533 1164 598 τήν
1179 535 1236 586 τῶν
1253 527 1442 604 ἀπελευθέρων
1457 535 1536 596 τάξιν
1551 537 1581 586 ἐν
1596 529 1691 596 τοίπερ,
1712 523 1781 596 ἅπερ
1793 521 1923 600 ἀντέγρα-

260 609 288 662 12
321 601 452 674 μώμεθα.
488 601 522 654 Oi
535 601 587 672 γὰρ
595 599 762 670 παρανόμως
777 599 903 658 δοθέντες
911 607 1062 676 ἐπίτροποι,
1115 607 1130 654 3
1164 619 1217 670 ηεν
1234 597 1249 652 ὁ
1266 597 1410 654 θειότατος
1426 595 1574 658 incussos
1592 601 1606 654 ὁ
1622 601 1710 670 με’γαε.
1742 593 1776 676 Ὁ·
1793 591 1854 660 ἰδίῳ
1874 589 1923 664 ἆρ-

256 663 325 728 τσῧτ’
343 673 417 724 ἐστιν
433 667 450 732 ἢ
467 661 517 736 ὑφ’
535 657 576 720 ῶν
590 667 628 748 μή
644 671 727 736 ἐχρῆν,
748 667 764 734 ή
782 659 857 722 οὗτοι
873 667 961 756 οδεμὴ
977 671 1062 740 ἐχρῆν,
1112 673 1197 740 γυρίηι
1215 661 1332 730 ῶνηθείς
1349 671 1395 718 καί
1412 661 1544 748 ῶπελεηθε
1561 669 1644 724 orricio
1667 657 1734 718 σιἰδα
1772 679 1790 744 κε
1817 667 1923 782 σογιρρί-

257 737 329 806 sicis
338 735 374 802 μή
392 733 505 804 ἐχρῆν,ἢ
523 731 600 802 δνμη
619 739 698 808 ἐχρῆν
707 733 817 808 τρόπον,
836 735 884 790 ἐὰν
893 755 961 802 μητε
970 741 1063 804 deflua·
1115 739 1130 786 4
1164 753 1240 786 νεται
1269 739 1326 786 τοῖς
1356 731 1459 786 λοιποῖς
1491 753 1543 788 απτ
1610 739 1687 804 έροις.
1766 751 1800 784 αν
1829 747 1867 782 πο
1916 733 1925 780 ί

257 805 371 858 ωθῶσιν
385 799 453 868 μήτε
469 799 630 870 ἐφᾶψωνιαι
646 803 695 854 τοῦ
709 805 852 884 γειρισμσῠ,
872 805 939 856 εἰσιν
952 797 1063 856 ἆνεύθν-
1115 797 1392 880 σῖτιελευθερῶσωσιηΒ
1406 803 1459 862 ἕνα,
1476 799 1589 856 πάντων
1598 807 1655 856 τοῖε
1668 803 1770 882 tuaeque
1779 801 1925 916 ἐμίτροπρσ

257 891 305 932 νοι,
326 865 387 922 οὐδὲ
404 873 527 936 προσίσει
542 887 583 922 τις
600 863 690 922 circis
707 889 751 922 οτι
766 869 813 924 τὰς
829 871 999 938 προθεσμίας
1016 861 1065 922 οὐκ
1115 865 1265 932 δοθήσεται
1287 871 1334 918 καὶ
1356 865 1410 918 απὸ
1432 867 1517 932 τριῶν
1538 871 1693 938 έπιτροπῶν
1717 887 1765 922 ουκ
1782 883 1837 920 οπο
1852 863 1924 928 αθη-

257 933 388 1006 ειήρησαν
403 937 461 986 τῶν
476 935 681 1004 παραιτήσεσιν·
699 931 762 988 οὐδὲ
776 935 827 1008 γὰρ
845 939 951 1000 ἔχουσιν
965 953 1063 1008 παραι·
1116 955 1191 986 σεται
1198 935 1217 986 ⁶.

257 1003 354 1070 τήσεως
372 997 495 1072 ἀνάγκην,
516 997 552 1056 ῶς
569 1001 705 1054 dedamur
721 1007 752 1054 ἐκ
767 1005 824 1056 τῶν
844 999 1064 1072 ὑποτπαγμωνων
1151 997 1188 1056 15
1223 999 1303 1054 IDEM
1323 999 1392 1054 libro
1413 1003 1492 1054 sexto
1515 1003 1721 1078 excusationum
1771 997 1925 1054 Σπάδσντα

257 1069 412 1130 διατάξεων,
432 1063 462 1122 δε
477 1065 696 1140 παραδείγματος
711 1073 791 1138 χάριν
803 1065 927 1130 ὑπέταξα,
954 1073 960 1090 ’
982 1067 1063 1138 αρμό-
1112 1065 1346 1136 χειροτονήσουσιν
1361 1069 1422 1120 ἐπίτ
1440 1081 1522 1118 οπον·
1545 1063 1673 1134 συδεμίαν
1687 1067 1738 1138 γὰρ
1756 1073 1811 1134 ἔχει
1826 1071 1923 1138 παραί·

259 1133 526 1202 ζαιντοδέᾶνπυῖσιν.
545 1131 615 1190 ‘Divi
624 1135 939 1192 Severusetentoninus
976 1135 1063 1202 ugueti
1113 1153 1198 1198 τησιν,
1217 1129 1253 1188 ῶς
1271 1131 1406 1186 δείκνυσιν
1421 1085 1540 1210 διάταξρε
1556 1133 1613 1182 τῶν
1636 1127 1846 1206 αὐτοκρατόρων
1868 1137 1923 1186 Σε-

255 1203 398 1260 ‘Narcisso
433 1201 476 1254 Ab
493 1217 543 1258 avo
560 1209 681 1258 materno
699 1209 773 1256 tutor
790 1203 868 1256 datus
886 1217 993 1256 necesse
1009 1217 1063 1256 non
1116 1207 1127 1252 1
1163 1199 1250 1270 βήρσυ
1268 1193 1488 1252 καιέεντωνίνυυ.
1526 1199 1704 1280 Οτηῖῖπατρι
1725 1199 1922 1276 ἐπαγγειλάμε-

255 1269 380 1328 ‘habuisti
397 1269 526 1332 excusari,
546 1271 682 1338 cumipse
701 1271 759 1324 iure
776 1285 829 1324 non
846 1269 958 1322 teneris:
977 1269 999 1324 si
1016 1267 1062 1336 igi·
1113 1285 1160 1324 νυς
1176 1267 1379 1340 ἐπιτροπείαν1
1396 1267 1453 1318 τῶν
1468 1259 1576 1318 παίδων
1598 1267 1733 1334 αφίεσθαι
1754 1269 1853 1336 ταύτης
1878 1269 1925 1334 τῆς

254 1339 306 1392 ‘tur
323 1335 543 1390 administrationi
560 1343 587 1390 te
609 1353 663 1390 non
680 1337 816 1402 miscuisti,
840 1341 917 1404 potes
940 1351 999 1390 esse
1022 1351 1062 1390 se·
1113 1337 1259 1404 ἐπιτροπῆς
1277 1327 1308 1388 οὔ
1326 1331 1446 1396 δύναται,
1465 1329 1517 1384 κᾶν
1532 1327 1617 1386 ἄλλως
1634 1335 1679 1402 exp
1691 1329 1784 1388 δίκαια
1797 1331 1923 1408 ἀφέσεως.

254 1397 359 1462 ‘curus'
386 1397 486 1470 δμοίως
503 1405 532 1456 δέ
549 1407 594 1456 καί
611 1399 660 1456 ἐὰν
675 1403 774 1470 τὸνμὴ
790 1399 1062 1474 ὑποκείμενσντήδι-
1114 1405 1129 1456 2
1163 1397 1275 1454 Εἰδέναι
1291 1397 1334 1454 δεῖ
1349 1395 1392 1454 ὅτι
1409 1395 1515 1468 ἆξίωμα
1521 1393 1615 1468 οὐδενὶ
1631 1399 1740 1472 παρέξει
1750 1409 1923 1474 παραίτησιν.

256 1467 396 1534 καιοδσσίᾳ
417 1489 447 1534 γε
477 1467 660 1534 οτονήσωσινι
686 1467 715 1522 ci
737 1467 859 1538 cingentes
882 1467 1063 1540 ἐπίτροπονή
1115 1463 1184 1522 ὅθεν
1200 1466 1248 1520 ἐάν
1264 1487 1305 1522 τις
1328 1467 1496 1540 συγκλητικὸς
1517 1469 1540 1538 qi.
1568 1455 1643 1518 oinos
1665 1467 1853 1534 ἐπιτροπεύσει
1879 1471 1925 1522 καί

256 1535 411 1608 τουράτορα,
423 1531 453 1588 οὗ
472 1525 572 1590 initos
584 1529 705 1606 ἀνάγκην
715 1539 768 1600 ἔχει
781 1533 1006 1606 παραφυλάσσειν
1016 1533 1064 1590 τὰς
1112 1537 1170 1588 τῶν
1186 1531 1393 1606 καταδεεστέρως
1409 1533 1509 1594 τάξεως
1526 1529 1614 1586 ὄντοιν
1637 1531 1830 1604 συγκλητικῶν,
1856 1531 1923 1606 ὅπερ

255 1603 360 1674 προθεσ
380 1609 426 1666 ίας,
442 1603 508 1670 οἷον
523 1601 572 1656 τὸν
587 1601 656 1672 μήτε
671 1601 786 1668 πολίτην
800 1603 868 1672 μήτε
887 1601 1020 1656 ἰνκόλανλ.
1114 1597 1286 1674 ἀντέγραψαν
1319 1601 1347 1656 οἱ
1376 1601 1520 1656 θειότατοι
1549 1597 1662 1670 Μάρκος
1695 1603 1741 1650 καὶ
1771 1599 1923 1670 Κόμμοδος.

290 1669 327 1728 14
361 1685 423 1724 ΒΕεί
438 1671 505 1726 libro
523 1671 617 1740 quinto
634 1673 840 1726 excusationum
869 1663 1064 1744 Άπελαιθερον
1114 1675 1129 1724 3
1164 1671 1198 1722 Εἰ
1215 1669 1248 1722 δέ
1261 1689 1301 1726 τις
1318 1675 1461 1742 ἐπίτροπος
1478 1669 1494 1736 ἢ
1511 1667 1650 1738 κσυράτωρ
1668 1663 1709 1720 ῶν
1723 1663 1761 1736 μὴ
1784 1669 1924 1738 συγκλητι-

256 1745 284 1792 ίν
299 1741 339 1802 τῷ
356 1735 387 1790 λθ
407 1759 429 1804 ηε
446 1741 487 1804 uqi
504 1741 566 1820 περὶ
584 1731 709 1804 ἀφέσεως
725 1735 884 1806 ἐπιτρόπων
899 1743 945 1790 καὶ
962 1759 1062 1806 κουρα-
1114 1741 1162 1788 κοῦ
1178 1735 1195 1802 ή
1214 1735 1299 1794 ἄλλως
1317 1731 1521 1806 tempestuosa
1542 1735 1599 1788 sicu
1610 1729 1722 1806 inrepere
1736 1737 1847 1800 γένηται
1859 1755 1923 1806 συγ-

254 1803 342 1874 τὸρων
359 1759 458 1858 εἰδέναι
475 1801 516 1858 δεῖ
532 1801 576 1858 δτι
598 1795 630 1856 οὗ
651 1803 739 1872 μόνον
761 1807 809 1858 τοῦ
830 1803 932 1874 πατρὸς
947 1807 996 1860 τοῦ
1013 1797 1062 1876 cip-
1114 1801 1246 1870 κλητικός,
1267 1799 1394 1870 διηνεκῶς
1415 1797 1562 1858 ἀπολύεται
1583 1805 1629 1868 τῆς
1652 1795 1803 1872 φροντίδος.
1848 1803 1872 1854 εἰ
1895 1801 1925 1858 δέ

257 1881 269 1928 1
303 1873 402 1940 φανοῦ,
431 1865 495 1924 ἀλλὰ
521 1873 584 1924 καὶ1
608 1871 707 1942 μητρὸς
732 1873 858 1924 νοεῖσθαι
881 1869 939 1942 χρή.
990 1873 1062 1924 Rau
1114 1869 1143 1924 oi
1166 1873 1228 1924 ἐπιτ
1245 1869 1404 1940 σπευόμενοι
1428 1869 1445 1936 ἢ
1471 1867 1727 1954 κουρατορευόμενοι
1754 1859 1819 1938 παρ’
1843 1861 1925 1922 circi

255 1937 357 1994 ὁπόταν
381 1937 410 1992 δέ
428 1939 549 2008 ζητῶμεν
570 1943 632 2008 περὶ
653 1937 765 1992 παίδων
785 1937 938 2010 πάτρωνος,
964 1937 1063 1990 εἰδέναι
1113 1933 1207 1990 παῖδες
1223 1891 1293 2004 ήααν
1309 1937 1485 2010 συγκλητικοῦ,
1505 1957 1553 1990 ουκ
1576 1933 1719 1992 ἀπολύεται
1748 1937 1794 2000 τῆς
1816 1939 1923 2004 ἐπιτρο-

252 2005 300 2078 χρή
323 2001 365 2058 ὅτι
386 2005 437 2072 τήν
458 2011 643 2076 προσηγορίαν
663 2005 773 2070 ταιιτην.
786 1999 833 2060 οὐκ
856 2009 885 2058 ἐν
900 2007 942 2072 τῶ
958 2005 1061 2076 πρῶται
1113 2011 1129 2058 4
1163 2005 1221 2072 πῆς.
1254 1999 1363 2074 Ὁμοίως
1380 2001 1410 2056 δέ
1434 1999 1449 2056 ὁ
1472 2003 1679 2076 καταδεεστέρως
1700 2001 1806 2064 τάξεως
1831 1999 1871 2054 ῶν
1893 1995 1924 2056 οὗ

253 2073 356 2144 ,desipui
374 2071 513 2142 στήσομεν,
531 2067 602 2126 τοῦτ’
621 2071 765 2128 ἕστινυῖὸν
779 2077 824 2126 καὶ
838 2073 981 2146 θνγατέρα,
997 2071 1063 2126 ἄλλα
1112 2069 1309 2144 παραιτήσεται
1325 2069 1544 2192 ἐπιτροπεῦεινή
1561 2091 1675 2142 κουρατο
1695 2069 1764 2124 etsie
1784 2071 1842 2122 τῶν
1862 2089 1923 2138 μει-

254 2145 270 2198 2
302 2145 348 2192 καὶ
364 2145 393 2212 ἐγ
410 2139 487 2194 όνονς
509 2137 538 2200 ἐξ
560 2141 685 2212 ἑκατέροιν
707 2141 835 2196 καὶτοὺς
857 2137 958 2210 ἐφεξῆς.
984 2135 1062 2194 istit
1112 2143 1128 2194 5
1165 2137 1263 2200 ζόνων.
1295 2137 1372 2206 Μηδὲ
1405 2143 1541 2210 ιβραρίσνε
1555 2137 1626 2208 μηδὲ
1642 2159 1659 2192 κ
1709 2135 1805 2194 actico
1824 2155 1860 2202 ns,
1881 2135 1924 2194 cis

254 2213 297 2260 aci
314 2209 362 2260 ἐὰν
396 2215 486 2260 ι’καιον
500 2209 606 2278 χρυσῶν
618 2205 768 2260 δακτυλίων
785 2205 862 2280 λάβῃ,
881 2209 923 2260 ἔτι
934 2203 1063 2270 διασώζει
1113 2203 1294 2278 διαψηφιστᾶε
1319 2205 1433 2278 λέγομεν,
1454 2207 1542 2272 θέχειν
1565 2201 1782 2280 ἆλειτονργησίαν
1830 2227 1925 2278 γονοιν

254 2381 282 2442 11)
308 2395 527 2446 χειροτονησουσι
545 2379 571 2428 F
634 2379 666 2442 (ι)
685 2379 714 2428 id
721 2389 771 2430 εείε
788 2379 921 2430 Sciendum
930 2383 969 2428 est
981 2395 1062 2444 neque
1114 2377 1353 2442 quicansaperacta
1361 2383 1493 2428 excusatus
1502 2379 1544 2440 it,
1560 2379 1612 2428 divi
1628 2381 1732 2428 Seuerus
1747 2383 1772 2428 ει
1780 2379 1923 2428 Antoninus

254 2447 423 2510 amagistratu
438 2447 509 2496 datos
523 2449 618 2496 tutores
632 2461 714 2510 neque
732 2445 963 2496 testamentodatos
977 2461 1062 2496 neces·
1112 2445 1138 2496 in
1155 2445 1335 2496 constitutione
1350 2445 1515 2508 declararint,
1530 2449 1638 2496 tutorem
1652 2461 1705 2496 esse
1719 2451 1840 2510 negantes
1859 2461 1923 2512 enm,

253 2513 351 2564 uitatem
366 2511 457 2562 habere
467 2511 618 2578 appellandi,
628 2517 658 2560 ut
672 2511 783 2562 declarat
791 2515 940 2564 constitutio
949 2513 1063 2566 divorum
1113 2515 1158 2580 qui
1164 2513 1192 2562 in
1198 2513 1281 2564 locum
1291 2515 1345 2564 eius
1352 2513 1424 2562 datus
1433 2513 1473 2574 sit,
1481 2515 1569 2578 utpote
1577 2513 1707 2564 nonlicito
1714 2513 1799 2564 datum
1806 2515 1834 2562 in
1841 2513 1923 2564 locum

254 2581 336 2630 Seueri
351 2583 377 2630 et
390 2581 522 2632 Antonini.
539 2581 566 2630 id
581 2577 763 2630 obseruandum
772 2581 931 2632 estetiamin
940 2583 1062 2632 curatori·
1113 2581 1129 2634 6
1146 2581 1201 2632 eius
1215 2581 1260 2644 qui
1275 2581 1310 2632 sit
1323 2583 1398 2632 tutor.
1417 2579 1517 2631 Sufficit
1531 2585 1614 2632 autem
1628 2581 1698 2632 intra
1711 2581 1823 2644 spatium
1837 2581 1923 2632 adesse

252 2647 297 2698 bns
311 2665 327 2698 a
340 2649 490 2712 magistratu
507 2649 581 2710 datis,
599 2663 657 2698 nam
675 2649 777 2698 omnino
793 2647 836 2698 uix
852 2647 973 2698 differunt
991 2665 1062 2700 cura·
1112 2653 1224 2700 tantum:
1241 2665 1299 2698 nam
1317 2649 1340 2698 si
1352 2653 1440 2714 postea
1453 2665 1505 2698 non
1519 2665 1564 2698 sna
1578 2653 1668 2714 sponte
1685 2647 1766 2712 abeat,
1784 2665 1836 2700 uon
1853 2653 1924 2714 pote·

253 2721 317 2766 toros
332 2731 347 2764 a
362 2713 496 2766 tutoribus.
527 2715 645 2764 aduersus
665 2715 803 2766 sententias
823 2719 920 2776 antem,
943 2731 1006 2780 quae
1021 2733 1062 2768 sx-
1112 2717 1148 2766 rit
1161 2717 1305 2782 praescribi
1330 2731 1406 2782 quare
1426 2715 1448 2766 si
1469 2715 1533 2768 dicis
1547 2733 1623 2768 causa
1640 2721 1740 2768 tantum
1754 2715 1863 2768 adiuerit
1878 2731 1923 2766 neo

254 2785 266 2836 1
285 2783 424 2834 cusationes
440 2783 474 2832 iis
495 2783 615 2848 eripiunt,
631 2783 671 2832 ius
689 2781 818 2834 habebunt
832 2783 986 2848 appellandi.
1014 2785 1063 2836 Sed
1112 2787 1252 2850 perseveret
1267 2787 1354 2848 postea
1373 2785 1401 2834 in
1415 2799 1491 2834 causa
1505 2785 1608 2848 agenda,
1623 2785 1802 2850 postapatinm
1816 2785 1924 2850 inprae-

252 2851 330 2902 multa
350 2851 504 2902 obseruanda
519 2855 585 2914 sunt,
600 2855 631 2902 ut
644 2851 722 2902 liceat
735 2851 862 2902 tutoribus
876 2851 1062 2902 curatoribusve
1112 2851 1276 2916 scriptionem
1293 2851 1401 2914 incidet;
1423 2851 1499 2916 idque
1520 2853 1558 2902 ait
1574 2853 1723 2904 constitutio
1746 2853 1925 2918 imperatorum

254 2933 340 2968 causas
350 2919 519 2968 excusationis
536 2917 655 2984 proferre.
674 2933 732 2968 nam
746 2919 814 2968 intra
828 2923 941 2982 tempora
955 2919 1063 2970 iudicem
1113 2921 1127 2968 1
1147 2919 1399 2970 Seuerietdntenini.
1413 2919 1925 2984 Namsiquisproptermorbumcalefiam

252 2985 319 3034 adire
335 2989 448 3050 oportets
465 2989 578 3050 tempora
593 2989 677 3034 autem
686 2985 747 3034 haec
756 2989 821 3034 sunt
843 2987 887 3050 qni
896 2991 934 3036 est
942 2987 970 3034 in
978 2987 1063 3036 eadem
1113 2987 1323 3050 iustamcausam,
1336 2985 1577 3050 putanavigationis
1592 2985 1630 3036 uel
1644 2987 1735 3036 hiemis
1745 2985 1784 3038 vel
1798 2987 1925 3038 latronum

251 3053 362 3116 civitate,
373 3053 416 3102 ubi
428 3053 510 3114 datur,
522 3053 561 3102 uel
576 3053 645 3104 iutra
659 3055 822 3102 centesimum
830 3053 967 3104 miliarium
979 3053 1009 3102 ab
1025 3069 1062 3118 ea,
1113 3053 1229 3104 incursus
1242 3053 1282 3104 vel
1296 3055 1371 3102 aliam
1386 3053 1500 3118 similem,
1514 3053 1546 3104 ad
1561 3059 1659 3118 tempus
1673 3055 1758 3106 adesse
1772 3069 1824 3104 non
1835 3055 1924 3120 possit,

252 3121 318 3170 intra
324 3119 510 3186 quinquaginta
517 3121 602 3172 diesse
608 3121 739 3172 excusabit
745 3125 789 3170 aut
794 3125 853 3186 post
861 3121 907 3170 hoc
914 3121 1062 3172 nonlibera·
1112 3123 1187 3172 venia
1201 3121 1225 3170 ei
1239 3119 1320 3170 datur.
1343 3135 1394 3184 qua
1407 3121 1438 3170 de
1451 3135 1479 3170 re
1493 3121 1555 3172 satis
1570 3127 1623 3172 erat
1638 3129 1752 3172 constare
1768 3121 1808 3172 vel
1823 3139 1853 3172 ex
1868 3121 1924 3184 ipso

251 3187 332 3250 bitur,
346 3189 389 3238 sed
403 3205 478 3238 onere
492 3189 626 3240 tenebitur.
653 3203 759 3254 quorum
774 3187 1062 3250 sineutmmfeocritin
1112 3187 1168 3238 iure
1193 3191 1314 3238 natureae
1343 3187 1387 3238 sed
1409 3187 1485 3238 etiam
1509 3189 1659 3238 constitutio
1685 3193 1723 3238 εει
1745 3189 1925 3254 imperatorum

251 3255 336 3306 eadem
344 3271 420 3306 causa
427 3255 577 3320 unitimque
586 3255 684 3320 luisset,
692 3257 714 3306 si
722 3255 861 3306 indicatum
868 3259 933 3306 esset
941 3271 987 3306 sno
995 3257 1062 3322 pari·
1114 3255 1129 3306 8
1147 3255 1233 3304 Severi
1243 3259 1269 3304 et
1276 3255 1401 3304 Antonini
1409 3255 1437 3304 in
1446 3271 1500 3304 eam
1509 3257 1666 3306 sententiam.
1691 3255 1740 3306 Sed
1748 3257 1879 3306 sciendum
1888 3261 1926 3306 est

251 3323 307 3372 culo
317 3339 372 3374 eum
382 3339 549 3382 consauradum
558 3323 792 3388 praetereanullam
805 3325 872 3374 viam
886 3325 1022 3374 excusandi
1037 3337 1062 3372 se
1112 3321 1401 3374 nonsuidcereindioem
1410 3321 1510 3382 adiisse,
1524 3323 1567 3372 sed
1577 3329 1690 3388 oportere
1705 3323 1781 3372 etiam
1795 3323 1825 3372 de
1841 3325 1925 3388 specie

251 3391 371 3454 reliquam
386 3391 485 3442 habeat.
504 3391 548 3454 qni
563 3395 647 3442 autem
661 3390 718 3454 plus
736 3395 837 3440 centum
845 3391 917 3440 milia
930 3405 945 3440 a
959 3391 1062 3442 ciuitate
1113 3389 1281 3442 excusationis
1299 3391 1406 3454 testari,
1429 3393 1454 3440 et
1472 3389 1514 3454 qui
1529 3389 1621 3440 multam
1643 3391 1734 3440 habeat
1755 3391 1925 3442 excusationis

251 3457 333 3520 abest,
349 3459 372 3508 ei
387 3461 476 3508 vicena
492 3457 564 3508 milia
581 3457 794 3524 computabuntur
809 3473 856 3524 per
872 3457 986 3524 singulos
1001 3457 1062 3520 dies,
1113 3471 1209 3520 causas,
1223 3473 1308 3508 ornnes
1323 3457 1446 3524 allegem
1466 3457 1532 3522 quod
1549 3457 1685 3522 uisitauit,
1700 3457 1925 3524 similisesteiqui

251 3541 339 3592 exque
351 3527 416 3578 sciat
432 3525 641 3592 (denuntiandum
655 3529 738 3576 autem
753 3529 792 3576 est
806 3525 831 3576 ei
845 3541 861 3576 a
873 3523 1063 3592 magistratibus
1113 3525 1188 3590 plane
1196 3541 1248 3574 non
1257 3525 1323 3576 adiit
1336 3525 1359 3576 is
1365 3525 1409 3590 qni
1415 3523 1479 3574 adiit
1485 3523 1593 3592 quidem,
1599 3523 1642 3574 sed
1648 3525 1924 3576 causamexcusationi

251 3599 294 3646 aut
317 3613 399 3646 coram
416 3595 507 3646 autad
524 3595 633 3658 domum)
649 3597 675 3646 et
692 3599 792 3660 praeter
810 3595 856 3644 hos
877 3593 940 3644 alios
955 3593 1063 3658 triginta
1113 3595 1129 3644 9
1146 3609 1198 3642 uon
1208 3591 1295 3646 edidit.
1314 3593 1504 3658 Quinquaginta
1516 3593 1742 3646 diesnumerantur
1755 3595 1872 3646 continui
1886 3595 1925 3644 iu-

251 3663 303 3712 dies
312 3663 416 3712 habebit
425 3661 457 3712 ad
471 3679 572 3712 eausam
585 3661 714 3726 agendam.
739 3663 786 3712 hoo
801 3661 912 3726 pertinet
935 3661 1011 3712 etiam
1032 3661 1064 3710 ad
1113 3661 1238 3724 cipientes
1259 3675 1275 3710 a
1298 3663 1409 3724 tempore
1431 3661 1566 3722 scientiae,
1591 3677 1640 3724 quo
1658 3663 1715 3726 quis
1732 3677 1759 3712 εε
1774 3663 1925 3712 detumesce

251 3733 399 3780 testamento
407 3729 486 3792 datos,
497 3731 549 3780 sive
559 3735 655 3778 tutores
665 3729 717 3778 int
726 3729 778 3780 sius
787 3733 924 3792 curatores,
932 3729 978 3794 qni
991 3743 1062 3778 eura·
1115 3729 1146 3778 10
1169 3727 1327 3792 compererit.
1360 3727 1465 3792 Oportet
1490 3731 1573 3778 autem
1596 3745 1647 3778 una
1670 3731 1731 3792 [una
1754 3729 1812 3792 det]
1836 3729 1926 3780 testari

251 3799 349 3848 iteres
359 3797 502 3848 confirmari
510 3797 592 3846 solent
605 3797 756 3862 apraeside.
773 3795 956 3862 Aliudqnoqua
965 3795 1065 3844 inueni·
1112 3809 1160 3860 pro
1182 3793 1305 3844 tribunali
1323 3793 1362 3844 uel
1379 3795 1453 3846 aliter
1475 3795 1542 3860 apud
1565 3799 1635 3844 acta:
1664 3799 1770 3862 possunt
1793 3799 1875 3846 antem
1901 3799 1926 3846 et

251 3879 303 3914 mus
321 3865 410 3916 hocin
425 3865 584 3916 ordinatione
599 3863 654 3914 divi
665 3863 755 3928 Marci,
770 3863 1002 3930 deqnovidendum
1018 3865 1062 3912 εει.
1116 3863 1144 3913 11
1163 3859 1245 3914 libelli
1254 3861 1296 3912 edi
1306 3861 1337 3910 de
1347 3863 1431 3928 plano,
1443 3865 1473 3912 ut
1485 3863 1557 3912 aiunt
1568 3861 1644 3912 iidem
1655 3863 1825 3928 imperatores.
1855 3865 1926 3916 Haec

251 3947 307 3982 uam
322 3931 353 3994 ei,
363 3933 407 3994 qui
420 3933 491 3982 sitin
501 3931 585 3982 eadem
594 3931 707 3994 civitate,
716 3931 883 3996 inquadatus
892 3933 938 3992 est,
947 3931 987 3980 vel
996 3931 1064 3982 intra
1114 3929 1144 3980 de
1153 3927 1186 3980 iis
1196 3929 1239 3994 qui
1248 3927 1499 3996 spatiumobservare
1513 3929 1617 3980 dehent:
1632 3931 1683 3980 iam
1697 3931 1824 3982 videmus
1838 3931 1869 3982 de
1883 3931 1925 3994 iis,

251 3999 411 4048 centesimum
420 4001 567 4064 miliarium,
580 3997 765 4066 quinquaginta
777 3997 873 4048 dierum
882 3999 992 4062 spatium
1000 3997 1064 4062 legis
1117 3999 1146 4050 12
1166 3997 1210 4062 qui
1223 3997 1316 4062 spatiis
1330 4013 1383 4048 nou
1397 4001 1521 4050 tenentur.
1544 3997 1664 4064 Numqui
1678 4015 1728 4048 non
1737 3997 1792 4048 iure
1802 3997 1857 4048 dati
1865 4001 1926 4048 sunt

251 4065 315 4116 lator
323 4067 400 4132 dedit,
409 4067 434 4116 ei
443 4077 532 4132 autem,
544 4067 588 4132 qni
601 4073 673 4118 extra
679 4067 843 4118 centesimum
848 4065 986 4116 miliarium
992 4063 1064 4114 habi·
1114 4069 1219 4132 tutores,
1227 4065 1255 4116 id
1265 4067 1303 4116 εει
1311 4069 1380 4116 anta
1390 4065 1481 4132 quibus
1490 4081 1541 4116 non
1550 4063 1698 4128 debuerunt,
1715 4069 1759 4116 ant
1768 4067 1812 4130 qui
1821 4081 1874 4116 uon
1883 4065 1925 4116 do·

251 4137 294 4196 tat,
304 4151 349 4198 per
358 4135 471 4198 singulos
482 4135 535 4186 dies
544 4135 633 4184 vicena
641 4135 715 4186 milia
723 4135 865 4202 computari
873 4133 949 4184 insit
958 4139 984 4184 et
992 4147 1064 4200 prae·
1113 4133 1230 4198 buerunt,
1245 4135 1290 4186 aut
1304 4131 1395 4198 quibus
1409 4149 1460 4184 non
1477 4131 1622 4196 debuerunt,
1637 4137 1681 4184 aut
1691 4135 1813 4198 quomodo
1823 4149 1874 4184 non
1883 4133 1925 4184 de·

251 4205 288 4252 ter
310 4203 355 4252 hos
373 4201 437 4252 alios
455 4203 562 4266 triginta
579 4201 634 4252 dies
652 4201 746 4252 adiecit
767 4201 801 4254 ad
817 4217 917 4252 causam
934 4205 1063 4266 agendam.
1113 4197 1238 4264 buerunt,
1259 4201 1377 4264 sineque
1392 4201 1570 4252 coffirmautnr
1583 4217 1665 4266 neque
1682 4201 1925 4252 administrationem

251 4269 315 4318 unde
331 4269 421 4330 evenit,
436 4273 473 4332 nt,
491 4267 579 4332 siquis
593 4267 626 4318 ad
640 4269 778 4318 miliarium
791 4269 954 4318 centesimum
962 4285 1064 4334 sexage-
1114 4267 1262 4332 attigerunt,
1268 4267 1343 4320 liberi
1349 4269 1642 4336 suntsueoiisimputari
1649 4273 1732 4334 potest
1738 4267 1805 4334 quod
1812 4271 1924 4332 tempore

251 4333 450 4396 simnmhabitet,
457 4333 939 4402 spatiumhabiturussitdierumoctoet
947 4335 1062 4402 triginta,
1114 4335 1284 4388 excusationis
1294 4337 1575 4400 consentaneosque
1587 4337 1654 4386 enim
1664 4351 1780 4386 excusare
1790 4349 1815 4384 sa
1824 4347 1925 4384 necesse

251 4407 306 4452 octo
316 4403 413 4452 seilicet
426 4407 531 4470 propter
539 4403 611 4452 milia
620 4409 721 4454 eentum
737 4409 763 4456 et
776 4405 907 4468 sexaginta
921 4407 1010 4470 utpote
1018 4417 1065 4468 per
1113 4401 1215 4464 habent,
1229 4407 1260 4454 ut
1268 4405 1373 4468 apparet
1387 4417 1417 4454 ex
1428 4403 1496 4454 infra
1505 4405 1606 4470 scriptis
1615 4399 1848 4462 constitutionibus,
1863 4415 1925 4466 quas

251 4471 362 4534 singulos
374 4471 426 4520 dies
433 4471 528 4522 vicenis
538 4469 642 4522 milibus
650 4471 813 4538 computatis,
823 4471 930 4536 triginta
939 4475 1023 4522 autem
1032 4469 1063 4520 cd
1115 4471 1222 4536 exempli
1232 4485 1307 4522 cansa
1315 4471 1419 4534 subieci,
1429 4471 1558 4536 pertinent
1566 4475 1649 4522 antem
1657 4471 1688 4520 ad
1698 4485 1791 4520 omnes.
1814 4467 1875 4516 Divi
1885 4507 1890 4518 .
1901 4505 1908 4520 .
1918 4503 1924 4516 .

251 4553 350 4588 causam
364 4537 494 4602 agendam.
521 4539 570 4588 orit
589 4539 671 4604 igitur
685 4539 807 4590 deteriore
821 4539 877 4590 loco
898 4541 942 4604 qni
962 4539 1064 4604 longius
1114 4553 1223 4588 securus.
1241 4537 1308 4588 idem
1323 4537 1780 4588 estsiiurisdiotioninoneubieotum
1794 4533 1925 4598 magistra-

250 4605 349 4656 habitat
365 4621 440 4670 qnam
455 4607 499 4670 qni
515 4611 552 4656 εει
568 4607 638 4656 intra
653 4609 816 4658 centesimum
829 4607 967 4658 miliarium
982 4607 1022 4656 vel
1035 4605 1063 4656 in
1114 4609 1155 4654 tus
1163 4609 1271 4656 tutorem
1279 4609 1448 4658 curatorumve
1455 4605 1577 4670 iecerunt,
1585 4621 1643 4656 nam
1649 4619 1698 4654 noc
1712 4603 1734 4652 is
1750 4601 1851 4666 cogitur
1863 4605 1925 4654 tarn

251 4673 335 4722 eadem
344 4673 455 4736 civitate,
468 4675 587 4738 quoniam
598 4675 639 4722 his
654 4689 753 4738 semper
768 4675 954 4738 quinquaginta
968 4675 1064 4724 dierum
1114 4687 1176 4736 pora
1185 4673 1323 4738 observare,
1339 4671 1421 4738 qualis
1430 4677 1468 4722 εει
1484 4673 1529 4738 qni
1544 4687 1590 4722 nec
1606 4673 1669 4722 ciuis
1686 4673 1724 4720 εει
1737 4685 1818 4732 neque
1832 4669 1925 4722 incola.

251 4741 358 4804 spatium
368 4741 450 4804 datur,
459 4741 512 4792 illis
520 4745 603 4790 autem
613 4741 769 4804 pauciorum.
783 4745 810 4790 at
818 4741 867 4792 etsi
878 4739 1064 4792 maximeverba
1115 4741 1146 4802 (ι)
1163 4739 1209 4804 τῆς
1217 4743 1264 4792 iae.
1275 4741 1388 4792 Hernica·
1429 4743 1461 4804 tt)
1479 4737 1699 4790 παιδολΗωσίιον
1741 4737 1772 4798 (t)
1782 4737 1818 4788 sic
1826 4737 1869 4802 ΡΙ,
1878 4733 1926 4788 ἐὰν

252 4807 315 4870 legis
330 4809 395 4858 hane
412 4807 624 4872 significationem
638 4807 745 4868 habeut,
760 4811 843 4858 tamen
859 4809 984 4858 sententia
999 4807 1064 4872 legis
1113 4801 1207 4856 πολλοὶ
1217 4799 1395 4880 οἱπελεήθεροι
1403 4797 1471 4858 ὦσιν
1479 4801 1515 4858 ais
1524 4797 1655 4856 ἁπάντων
1662 4801 1702 4854 F²
1711 4805 1797 4856 comB
1847 4807 1881 4870 (t)
1898 4807 1927 4858 id

251 4873 337 4924 latoris
347 4873 415 4924 aliud
427 4875 539 4938 flagitat:
558 4879 584 4924 et
593 4877 630 4924 ita
639 4871 755 4924 scribunt
764 4871 894 4924 Uentidius
907 4875 1026 4926 Scaevola
1038 4879 1069 4930 et,
1114 4885 1164 4924 est:
1178 4872 1311 4924 Libertum
1319 4875 1347 4924 in
1356 4879 1465 4924 tractatu
1472 4873 1503 4924 de
1509 4873 1669 4920 excusatione
1675 4875 1786 4922 tutorum
1795 4875 1820 4924 et
1826 4877 1925 4924 curato·

251 4941 342 4990 Paulus
356 4945 382 4990 et
395 4943 522 4992 Domitius
536 4943 662 5008 Ulpianus
677 4941 807 5006 principes
821 4941 885 4990 iuris
899 4947 1029 4992 auctorum
1038 4949 1064 4992 et
1113 4957 1170 4990 rum
1182 4941 1245 4990 seire
1259 4945 1419 5008 oportetnon
1429 4939 1593 5002 solumpatm's
1603 4939 1704 5004 pupilli,
1715 4939 1758 4990 sed
1766 4941 1854 4992 matris
1863 4957 1925 5008 quo·

251 5011 322 5060 aiunt
336 5011 372 5060 sic
387 5009 448 5060 haec
461 5011 608 5074 accipienda
622 5025 683 5074 esse,
698 5013 728 5058 nt
741 5023 878 5074 numquam
891 5009 938 5058 ulli
953 5011 1063 5074 spatium
1115 5011 1127 5062 1
1148 5023 1195 5074 que
1205 5009 1328 5074 intellegi.
1350 5011 1386 5062 Et
1397 5009 1442 5060 ubi
1451 5007 1592 5074 quaerimus
1601 5005 1632 5056 do
1645 5005 1733 5058 liberis
1742 5011 1851 5074 patroni,
1861 5009 1925 5062 scire

251 5077 333 5128 minus
342 5077 528 5144 quinquaginta
537 5079 634 5128 dierum
644 5077 725 5140 detur,
735 5083 878 5128 tumentem
886 5077 996 5140 longius,
1006 5093 1062 5128 eum
1113 5079 1216 5146 oportet
1224 5095 1278 5128 eam
1283 5077 1476 5144 appellationem
1483 5089 1534 5124 uon
1539 5073 1621 5140 primo
1628 5077 1707 5140 gradu
1715 5079 1848 5140 contineri,
1855 5079 1881 5128 id
1889 5083 1927 5128 est

251 5161 345 5196 summa
362 5145 459 5196 diorum
473 5145 573 5196 itineris
588 5147 710 5196 adiuncta
724 5147 831 5210 triginta
846 5143 941 5206 diebus,
958 5161 1020 5208 quos
1031 5146 1061 5196 ad
1112 5147 1193 5198 filium
1208 5145 1287 5196 filiam
1300 5143 1446 5208 significari,
1460 5143 1504 5192 sed
1517 5145 1620 5206 nepotes
1635 5161 1732 5210 qnoque
1746 5161 1776 5196 ex
1785 5151 1891 5212 utroque
1901 5151 1928 5196 et

251 5227 349 5264 causam
359 5213 480 5278 agendam
496 5213 537 5262 lex
551 5213 630 5276 dedit,
646 5213 832 5278 qninquaginta
842 5213 894 5264 dics
909 5219 1023 5278 superat:
1034 5217 1063 5264 ut
1112 5217 1128 5266 2
1148 5215 1272 5278 deinceps.
1288 5213 1395 5264 Sedetsi
1401 5213 1441 5260 ins
1447 5209 1578 5260 anulorum
1584 5227 1714 5264 aureorum
1725 5215 1875 5280 impetrarit,
1883 5215 1926 5264 ad-

251 5281 471 5344 siquemdicamus
482 5281 596 5332 habitare
608 5279 783 5332 similiarium
790 5281 1062 5348 quadringentesimum
1112 5283 1162 5332 huc
1170 5281 1199 5332 in
1207 5281 1254 5332 hac
1264 5281 1364 5344 quidem
1373 5293 1400 5328 re
1413 5276 1500 5328 liberti
1512 5279 1568 5330 loco
1583 5295 1638 5330 enm
1649 5299 1702 5332 esse
1715 5283 1845 5346 rescripsit
1854 5281 1926 5332 diuus

251 5349 477 5412 quadragesimum:
488 5347 511 5398 is
518 5347 584 5398 enim
591 5347 691 5398 itineris
701 5345 1062 5410 habebitdiesvigintidnoset
1112 5353 1128 5402 3
1146 5347 1410 5410 Antoninusldagnus.
1430 5345 1480 5402 Qui
1487 5347 1748 5416 uapecuniasmptus
1757 5353 1782 5398 et
1791 5349 1926 5398 manumis-

251 5413 267 5464 3
292 5417 324 5464 ad
341 5419 382 5466 ius
401 5413 533 5468 dicendum
552 5415 616 5466 alios
635 5417 750 5482 triginta.
776 5417 833 5466 Hoc
850 5417 960 5480 spatium
977 5415 1062 5466 obser·
1112 5419 1189 5468 dens
1199 5417 1245 5476 est,
1253 5413 1324 5462 nudlo
1336 5413 1504 5464 modoceteris
1512 5415 1610 5466 libertis
1619 5421 1785 5484 comparatur.
1805 5419 1831 5468 Si
1841 5417 1925 5480 plures

250 5481 345 5532 nabunt
353 5485 502 5548 quicumque
511 5497 525 5532 a
534 5485 614 5534 tutela
623 5497 712 5534 curave
726 5485 827 5548 partove
836 5483 890 5534 eius
899 5501 925 5536 se
934 5487 1061 5534 excusant
1112 5483 1218 5534 eundem
1228 5479 1425 5542 manumiserint,
1435 5485 1546 5534 omnium
1554 5483 1641 5536 liberis
1649 5485 1671 5536 is
1681 5491 1750 5536 tutor
1758 5485 1868 5544 dabitur,
1879 5499 1924 5532 nec

250 5549 449 5616 400nsequens
464 5555 544 5602 estut
558 5551 678 5614 dicamus,
696 5553 726 5600 ιιι
741 5551 789 5602 etsi
803 5567 878 5614 quam
893 5551 1062 5602 excusationis
1112 5547 1390 5614 monssuiturproptsr
1403 5553 1453 5600 tres
1466 5551 1565 5604 tutelas.
1668 5555 1698 5632 tp)
1723 5545 1925 5618 ἐπιτροπεύσειν

251 5619 588 5686 speeiemhaheatqnis,non
596 5617 795 5668 aliteraudiatur
803 5617 1062 5682 nisispatiumobser-
1112 5617 1228 5732 Krueper
1296 5675 1310 5696 a
1329 5617 1362 5680 18)
1381 5611 1445 5668 εἶδέ
1459 5637 1499 5674 τις
1515 5621 1658 5690 ἐπίτροπος
1670 5615 1721 5698 μή
1735 5613 1875 5696 κοτρᾶτορρ
1887 5611 1924 5682 μὴ

251 5685 266 5734 5
284 5689 337 5734 vet:
356 5687 619 5738 modonesitalienae
629 5687 822 5738 civitatiscivis.
836 5687 1062 5738 Etitanecessari·
1112 5697 1177 5752 οειγκ
1193 5677 1329 5800 patricam
1338 5679 1375 5748 μή
1388 5683 1860 5756 συγκλητικοῶήᾶλλωεαξιωματικσν
1875 5701 1920 5734 εστ.

253 5767 292 5802 um
306 5759 344 5802 est
358 5755 468 5818 spatium
482 5771 586 5826 seruare,
601 5755 631 5804 ut
641 5769 673 5804 ne
682 5769 738 5804 eum
749 5755 849 5818 quidem
856 5753 992 5806 liberatum
1001 5769 1060 5816 esse,
1112 5749 1146 5812 (ε)
1157 5767 1194 5814 μη
1213 5745 1398 5818 ὲζυγοστάταε
1407 5773 1454 5806 sce.
1469 5755 1629 5808 Grceecsins.
