4366 6258
249 391 281 440 ul
297 387 338 436 DE
359 385 566 436 SUGGRUNDis

250 571 284 614 sus
299 553 340 616 sit,
358 555 387 604 ut
403 547 459 602 vioe
478 545 609 600 cautionis
626 547 654 598 10
671 545 839 612 possessione
857 545 904 610 sit,
927 541 1034 596 niliilei

250 629 272 680 01
301 615 425 688 imputari,
445 615 468 670 si
486 629 539 668 uon
556 611 687 666 refecerit.
723 613 789 688 Item
805 611 951 676 rideamus,
969 607 1034 664 siei

251 691 321 748 00010
344 685 483 746 offeratur,
512 685 688 748 posteaquam
716 693 813 734 missus
839 685 892 746 est,
924 695 960 732 an
980 693 1035 732 non

250 757 307 830 prius
323 751 444 808 decedere
461 749 564 814 debeat,
583 745 704 816 quamsi
722 745 746 800 ei
764 751 890 802 careatur
904 745 984 802 etiarn
1002 745 1035 798 de

250 841 273 882 m
287 823 381 882 00000,
401 817 471 886 0000
489 815 599 886 contigit
608 817 624 880 ²,
643 817 817 884 posteaquem
835 815 931 870 missus
950 813 1034 868 estin

250 887 438 964 possessionem?
457 883 529 952 quod
560 883 649 936 uidem
662 883 746 952 magis
760 883 903 952 probatu:
920 883 1034 952 repetita

250 961 314 1028 igitur
337 955 377 1008 010
398 901 605 1020 promittendum
627 951 685 1004 erit.
720 949 774 1006 hoc
796 951 909 1020 amplius
934 949 967 1006 00
983 951 1033 1004 101-

251 1025 320 1096 peusis
358 1035 458 1088 unque,
481 1019 504 1072 si
528 1035 594 1086 quas
614 1017 735 1084 fecerim,
759 1019 809 1072 erit
832 1019 857 1072 01
879 1019 1033 1074 cavendum.

251 1099 274 1146 31
301 1039 365 1144 11100
381 1087 526 1156 quaeritur,
544 1103 576 1142 ex
590 1101 643 1156 quo
660 1091 780 1154 tempore
797 1087 887 1140 damni
899 1085 968 1140 ratio
985 1089 1033 1140 ha-

251 1165 333 1222 beatur,
350 1161 437 1208 utrum
451 1171 484 1208 ex
503 1171 554 1222 quo
572 1155 600 1206 in
616 1153 810 1222 possessionem
824 1159 931 1210 ventum
946 1159 986 1208 est
1000 1171 1034 1210 an

251 1243 297 1282 vero
312 1241 342 1278 er
359 1237 410 1288 quo
427 1225 536 1288 praetor
550 1223 679 1288 decrevit,
701 1225 732 1276 ut
748 1227 825 1278 eatur
842 1223 870 1276 in
887 1225 1033 1292 possessio-

251 1309 303 1348 nem.
325 1291 421 1354 Labeo,
440 1305 544 1358 exque
563 1291 699 1358 decretum
717 1295 770 1346 est:
790 1291 912 1356 Sabinus,
931 1305 1034 1360 exque

251 1363 336 1414 ventum
353 1361 393 1410 est
408 1357 437 1410 in
454 1359 661 1426 possessionem:
681 1373 729 1426 ego
746 1365 812 1428 puto
829 1375 911 1414 causa
929 1361 1035 1428 cognita

251 1425 393 1480 00001000
410 1427 489 1478 modo
507 1425 579 1480 illam
596 1427 755 1480 sententiam
771 1427 946 1494 probandam.
977 1429 1035 1496 ple-

251 1507 340 1560 runque
356 1491 423 1544 00101
438 1493 593 1546 subvenitur
611 1495 690 1546 etiam
704 1495 737 1558 ei,
756 1495 801 1564 qui
816 1495 913 1550 missus
930 1495 959 1548 in
971 1511 1034 1564 pos-

252 1561 372 1616 sessionem
386 1559 475 1626 aliqua
492 1575 525 1612 ex
543 1577 625 1616 causa
644 1569 690 1614 aut
707 1577 762 1616 uon
779 1565 850 1618 venit
867 1569 913 1618 aut
930 1563 1035 1618 tardius

253 1633 275 1682 13
302 1625 367 1678 venit
387 1627 415 1678 in
431 1629 635 1694 possessionem.
670 1631 848 1700 Posteaquam
869 1639 959 1688 autem
975 1633 1034 1702 quis

252 1693 366 1764 possidere
382 1693 438 1746 iure
457 1695 565 1750 domimi
582 1713 600 1750 a
616 1703 740 1766 praetore
756 1701 844 1754 iussus
863 1705 918 1766 est,
935 1715 1035 1768 nequa-

252 1777 314 1830 quan
334 1761 407 1816 locus
432 1763 482 1816 erit
505 1765 635 1818 cautionis
659 1765 802 1822 oblationi:
830 1773 857 1822 et
872 1767 912 1822 ita
927 1767 1033 1822 Labeo:

253 1835 350 1884 ceterum
365 1827 467 1894 nullus,
492 1831 594 1900 inquit,
617 1831 677 1888 finis
700 1835 739 1888 rei
760 1835 922 1888 invenietur:
950 1843 977 1888 et
995 1841 1035 1888 est

252 1899 291 1950 boc
308 1895 466 1948 verissimum
495 1899 612 1966 seposito
641 1915 688 1966 eo,
715 1901 787 1970 quod
814 1903 971 1970 quibusdam
995 1903 1036 1956 vel

253 1969 276 2018 01
304 1969 383 2016 aetate
405 1963 447 2016 vel
470 1981 524 2086 qua
546 1967 600 2020 alia
620 1967 693 2020 Iusta
710 1983 792 2024 causa
810 1971 972 2022 subvenitur.
1008 1969 1036 2024 Si

252 2033 292 2086 iam
309 2037 414 2084 ruerunt
437 2047 468 2086 ae
487 2047 528 2100 es,
553 2049 588 2086 an
609 2033 639 2088 in
659 2037 854 2104 possessionem
877 2037 971 2090 ruinae
994 2039 1035 2092 vel

253 2113 313 2152 01000
327 2099 466 2152 mittendus
485 2101 519 2152 sit
536 2101 618 2154 nihilo
636 2103 777 2166 0100010,
796 2105 839 2156 001
857 2109 965 2158 cautum
982 2121 1036 2158 uon

253 2171 289 2232 eet
302 2165 438 2218 rideamus.
466 2173 492 2220 et
509 2169 593 2236 magis
611 2175 663 2236 est,
688 2173 720 2222 ut
735 2169 805 2224 mitti
822 2169 930 2234 debeat,
954 2177 980 2224 et
997 2173 1036 2224 ita

252 2233 335 2312 babeq:
353 2233 397 2286 sed
416 2233 503 2300 adicit,
522 2235 744 2302 0100000000
763 2237 909 2292 decreverit
926 2243 1034 2306 praetor

253 2317 298 2356 enm
312 2317 337 2354 10
353 2301 546 2368 000000010000
563 2303 732 2368 mittendum,
751 2309 816 2356 tnnc
833 2305 912 2358 aedes
930 2303 1035 2358 decide-

253 2369 302 2424 rint:
325 2373 350 2422 et
368 2375 432 2436 puto
457 2369 591 2424 Labeonis
613 2371 771 2424 sententiam
792 2385 890 2424 veram.
925 2371 1036 2440 proinde

253 2437 304 2492 etsi
318 2435 405 2488 reiecit
423 2437 537 2504 ahquid,
560 2439 610 2492 erit
628 2437 796 2506 probandum
812 2455 867 2494 non
884 2437 957 2506 prius
976 2455 1036 2492 eum

253 2505 419 2570 0100000000,
442 2521 522 2572 quarn
545 2505 567 2560 si
589 2505 613 2560 01
639 2503 773 2560 sarciatur
794 2509 821 2560 et
838 2507 870 2560 de
891 2507 1035 2574 praeterito

253 2577 364 2628 caveatur.
397 2577 486 2640 potest
509 2577 597 2626 autem
620 2573 698 2626 etin
722 2571 824 2626 iactum
847 2575 951 2628 actione
968 2575 1035 2626 reci·

252 2641 392 2710 0010101100
410 2641 481 2708 quod
497 2641 638 2708 impendit,
662 2639 781 2694 0001100
803 2657 845 2694 am
865 2641 930 2704 lius,
956 2657 1034 2710 quarn

252 2707 308 2776 quod
323 2707 383 2762 boni
407 2707 456 2758 viri
481 2707 612 2760 arbitratu
630 2707 731 2758 iactum
749 2707 798 2760 sit:
823 2707 833 2760 i
852 2723 893 2760 em
911 2707 1036 2762 estetsi

252 2775 388 2830 0110010000
404 2779 531 2842 rogatuve
551 2789 609 2828 meo
626 2789 719 2828 eorum
734 2773 798 2840 quid
814 2775 872 2828 siue
892 2773 952 2828 dolo
965 2775 1035 2828 malo

252 2843 326 2896 lecerit
347 2847 372 2896 et
394 2855 425 2896 00
449 2841 556 2894 000100
574 2841 766 2894 condemnatus
789 2841 839 2896 sim
857 2847 903 2894 aut
920 2839 1035 2896 dederim

253 2917 275 2964 35
304 2911 355 2964 sine
372 2909 432 2962 dolo
450 2910 530 2962 malo.
565 2907 594 2960 Si
617 2909 675 2976 quis
693 2907 875 2962 0000101000
893 2909 1037 2962 decesserit

252 2977 409 3046 possessione,
428 2977 451 3030 si
469 2977 584 3044 quidem,
609 2991 670 3028 cum
687 2975 813 3030 adiuvare
829 2991 885 3028 rem
902 2991 957 3028 non
973 2991 1035 3044 pos·

253 3051 288 3110 set,
302 3047 327 3100 id
343 3043 411 3108 iecit,
429 3043 522 3098 Labeo
536 3043 630 3098 scribit
647 3043 778 3110 integrum
794 3043 837 3096 ius
852 3059 913 3098 eum
929 3043 1036 3110 habere,

254 3115 339 3184 perinde
356 3127 387 3166 ac
404 3113 427 3166 si
448 3111 476 3164 10
497 3109 666 3178 possessione
683 3115 892 3178 perseverasset:
918 3111 989 3178 quod
1006 3111 1036 3178 si,

256 3199 300 3242 00
312 3185 398 3250 posset
414 3193 586 3242 succurrere,
604 3179 698 3232 maluit
714 3177 876 3248 relinquere,
904 3179 1038 3232 amissiese

253 3265 298 3304 0001
312 3249 438 3318 praetoris
460 3247 619 3302 beneficium
641 3261 741 3315 neque,
766 3247 788 3300 si
806 3253 900 3316 postea
917 3247 1038 3300 succurri

253 3319 291 3374 sibi
310 3317 380 3382 sebit,
407 3315 567 3370 audiendum
592 3329 659 3368 eum.
697 3313 803 3370 Cassius
828 3321 916 3368 autem
940 3315 990 3382 ait,
1016 3315 1038 3370 si

253 3385 411 3440 saturninae
428 3383 582 3448 recesserit,
606 3399 660 3436 non
677 3383 729 3436 hoc
753 3383 852 3446 anirno,
870 3391 901 3436 ut
918 3383 1038 3436 aedificia

254 3453 437 3522 derelinqueret,
467 3449 660 3506 restituendum
685 3451 722 3504 in·
737 3451 948 3520 possessionem:
978 3467 1038 3504 eum

253 3529 334 3586 0000,
361 3523 405 3588 001
427 3519 523 3584 missus
545 3519 573 3572 in
596 3519 791 3586 possessionem
814 3535 868 3574 nou
888 3519 1037 3586 accesserit,

253 3589 270 3642 si
287 3589 398 3642 aedificia
419 3587 546 3652 ruerint³‚
568 3585 726 3640 beneficium
749 3587 882 3658 praetoris
905 3587 1038 3642 amississe

254 3657 334 3712 001010.
367 3657 418 3708 hoc
440 3655 478 3706 ita
497 3655 681 3722 accipiendum
698 3655 762 3720 erit,
785 3655 808 3710 si
824 3655 914 3710 venire
930 3655 959 3708 in
975 3671 1038 3724 pos-

254 3727 277 3778 ts
305 3723 443 3778 sessionem
453 3723 577 3790 neglexit,
596 3737 649 3778 non
667 3721 689 3776 si
702 3723 765 3776 (1010
776 3723 848 3778 venit
864 3727 984 3778 0101000.
1011 3723 1040 3776 Si

254 3791 297 3860 0010
308 3807 336 3844 ex
352 3793 402 3844 hec
417 3791 504 3844 edicto
522 3805 538 3844 a
554 3797 678 3858 praetore
692 3791 720 3844 in
736 3793 931 3858 possessionem
944 3791 1038 3846 missus

254 3865 346 3914 100000
362 3859 506 3924 atlmissus,
529 3859 556 3910 in
573 3859 674 3912 factum
692 3861 797 3914 actione
813 3861 854 3914 uti
871 3859 983 3942 poterit,
1008 3867 1038 3912 00

254 3931 336 3982 unium
353 3931 502 3994 praestetur
514 3927 546 3994 01,
565 3933 693 3994 quantum
710 3931 842 3994 praestari
860 3943 885 3982 01
896 3935 1038 3998 oporteret,

253 3993 309 4050 side
325 4011 354 4048 ea
370 4011 399 4048 re
418 4001 527 4048 cautum
543 3993 650 4048 fuisset:
669 3997 822 4050 extenditur
839 3997 908 4050 enim
927 3997 996 4052 actio
1012 3997 1039 4050 in

253 4059 273 4114 id
285 4067 387 4182 tempus,
406 4079 459 4132 quo
477 4063 602 4116 damnum
621 4063 801 4118 committitur.

280 4125 311 4186 10
350 4131 519 4184 0010011000
550 4129 759 4200 andrapensium
770 4139 864 4188 octono
877 4133 913 4188 od
924 4133 1038 4186 edictam

253 4195 382 4264 Antequam
395 4197 519 4252 damnum
532 4147 617 4262 00001,
632 4199 792 4268 impunitum
805 4201 958 4258 estfactum
973 4201 1038 4268 0100,

253 4265 385 4342 00100000
405 4267 528 4336 promisit
549 4281 635 4334 neque
658 4267 813 4324 0001101010
835 4269 1038 4338 possessionem,

253 4345 270 4410 0
285 4339 363 4386 tamen
383 4339 447 4412 ante
470 4333 597 4390 00001101
614 4333 705 4390 datum
722 4337 764 4392 vel
788 4339 858 4394 cavit
875 4339 915 4394 vel
932 4353 1039 4408 posses-

253 4411 311 4454 sione
327 4407 409 4456 cessit.
827 4457 828 4460 ,

279 4465 311 4526 17
331 4469 473 4524 Uestinus
485 4471 552 4526 libro
570 4473 813 4542 qainqaoqensr'mc
831 4477 909 4528 tertio
920 4475 959 4530 00
968 4475 1038 4530 0010-

252 4535 294 4590 000
324 4535 351 4592 Si
367 4537 423 4606 quis
441 4539 551 4592 missum
569 4541 596 4594 10
613 4541 820 4606 possessionem,
845 4559 905 4596 eum
923 4549 995 4598 esset
1010 4543 1039 4596 in

252 4601 323 4658 elena
332 4609 471 4672 potestate,
488 4621 543 4660 non
553 4607 696 4672 admiserit,
714 4609 834 4678 plerique
845 4615 943 4678 putant
953 4627 1038 4664 noxa-

254 4673 268 4748 t·
289 4671 336 4726 lem
346 4673 476 4726 actionem
491 4675 540 4726 eoi
551 4675 657 4730 nomine
668 4681 826 4744 competere.
854 4677 922 4744 Quid
936 4679 1038 4744 deiude,

251 4747 429 4806 aprocurator
444 4741 618 4810 prohibuerit,
638 4747 727 4794 utrum
744 4743 772 4796 in
788 4745 876 4810 ipsum
894 4761 929 4798 an
945 4747 974 4798 in
992 4747 1038 4798 do-

251 4807 334 4860 miuum
353 4807 492 4864 dabimus?
521 4809 567 4862 sed
591 4809 678 4864 verius
702 4813 787 4864 estin
808 4813 895 4880 ipsum
914 4811 1035 4866 dandam.

252 4875 263 4924 ‘l
290 4873 337 4930 Sed
357 4881 383 4930 et
407 4877 435 4930 10
466 4881 556 4930 actore
581 4875 744 4942 municipum
767 4885 856 4932 tutore
881 4879 1037 4948 ceterisque,

252 4941 288 5008 001
311 4957 356 5012 pro
385 4945 443 4998 aliis
477 4945 669 5008 interveniunt,
703 4943 773 4998 idem
806 4945 856 4998 erit
889 4945 1036 5000 01000000.

252 5011 264 5062 t
290 5011 432 5078 00001000,
452 5011 564 5082 000010
582 5011 743 5076 factumest,
763 5015 906 5080 5perpetuo
922 5013 1037 5078 dabitur,

251 5077 366 5134 etheredi
383 5087 409 5134 et
425 5081 453 5134 iu
474 5079 598 5134 heredem
617 5083 788 5144 0000100000ὓ
809 5081 925 5146 itemque
943 5083 1038 5134 ceteris

251 5149 264 5196 4
290 5149 411 5214 personis.
439 5149 530 5212 ludex,
548 5147 594 5214 qui
612 5147 645 5200 de
662 5147 757 5200 damno
775 5145 874 5200 infecto
893 5147 1037 5214 cognoscit,

251 5213 317 5268 etiem
329 5215 439 5270 alienato
458 5215 568 5284 praedm
587 5215 620 5266 ab
638 5229 679 5278 00,
699 5227 759 5266 000
776 5229 828 5280 quo
846 5217 936 5266 actum
948 5211 1037 5278 merit,

251 5281 358 5338 damnum
383 5285 522 5338 aestimare
551 5281 619 5336 solet
648 5295 739 5344 omne,
769 5277 952 5348 quodcumque
976 5285 1038 5332 ante

251 5349 359 5404 iudicium
375 5351 493 5420 contigit.

280 5415 312 5478 18
328 5419 443 5474 Pronus
454 5419 521 5472 libro
552 5413 760 5484 andrapensimo
770 5419 862 5468 octono
875 5413 1038 5488 0001101000

251 5485 447 5542 110001101οο01
474 5435 610 5554 0010100010
638 5481 765 5550 competit
791 5495 845 5534 non
872 5485 978 5532 tautum
1004 5491 1037 5542 er,

1026 355 1089 424 597

1663 351 1852 414 XXXVIIII
1874 357 1893 412 2

1085 537 1161 592 ouius
1181 537 1209 592 in
1226 539 1304 594 bonis
1322 553 1365 594 res
1382 543 1436 604 est,
1458 535 1506 592 sed
1524 535 1602 590 etiam
1619 531 1695 586 00100
1712 531 1833 598 periculo
1851 547 1896 586 res

1086 609 1098 658 1
1136 609 1183 658 est·
1226 607 1323 674 ⁷Quod
1346 621 1425 676 opere
1449 605 1523 658 iacto
1547 605 1705 658 consecutus
1727 599 1763 652 sit
1787 599 1896 652 dominii

1087 673 1197 738 capione
1212 677 1370 752 promissor,
1389 673 1547 730 centenari
1565 685 1624 726 eum
1641 685 1672 724 eo
1690 667 1797 724 nomine
1815 667 1895 722 Pom·

1085 739 1181 810 penius
1194 747 1239 804 art,
1258 743 1321 810 quia
1337 757 1387 796 nee
1400 743 1453 796 loci
1469 757 1519 796 nee
1532 741 1619 820 operis
1634 739 1706 804 vitio,
1724 737 1771 792 sed
1786 737 1896 806 publico

1085 813 1100 864 2
1136 807 1193 862 iure
1214 809 1242 862 id
1265 817 1424 866 consecutus
1446 811 1489 864 sit.
1524 809 1571 874 Er,
1600 809 1675 864 cuius
1697 823 1761 862 usus
1789 805 1896 862 fructus

1085 877 1191 932 aedium
1212 883 1267 942 est,
1297 877 1330 932 de
1352 879 1413 934 vitio
1437 877 1579 934 earundem
1603 877 1707 934 aedium
1730 875 1818 934 caveri
1841 889 1896 930 non

1086 949 1200 1014 oportet,
1218 947 1268 1000 etsi
1286 947 1353 1000 alias
1372 947 1471 1002 vicinas
1489 949 1595 1012 habeat,
1615 949 1677 1018 quia
1694 943 1830 1002 reficiendi
1847 943 1895 1000 ha·

1085 1017 1131 1068 bet
1147 1013 1320 1068 facultatemz
1345 1031 1407 1068 nam
1429 1015 1539 1084 quiriti
1556 1017 1620 1072 boui
1637 1017 1770 1072 arbitratu
1791 1015 1895 1070 00100-

1085 1085 1168 1148 beret,
1188 1081 1443 1152 100010001000000
1456 1089 1614 1152 potestatem
1630 1087 1811 1154 consequitur.
1832 1099 1895 1154 ergo

1085 1167 1134 1206 nec
1152 1151 1345 1220 proprietarius
1367 1151 1452 1206 audiri
1471 1153 1560 1218 debet,
1585 1153 1608 1210 si
1624 1155 1688 1210 relit
1705 1153 1757 1210 sibi
1774 1155 1861 1210 caveri
1879 1171 1896 1208 a

1085 1221 1232 1276 fructuario
1250 1219 1356 1274 aedium
1373 1221 1492 1288 nomine,
1518 1237 1582 1290 quas
1605 1223 1707 1278 vicinas
1724 1225 1895 1280 1000000010ὓ

1085 1291 1197 1354 habeat,
1217 1287 1280 1358 quia
1298 1289 1379 1342 hahet
1397 1305 1457 1342 cum
1474 1289 1621 1346 fructuario
1640 1291 1781 1358 actionem,
1799 1297 1831 1348 ut
1847 1291 1896 1348 viri

1087 1363 1101 1414 3
1136 1357 1200 1412 boni
1217 1357 1349 1410 arbitratu
1370 1357 1392 1410 10
1410 1355 1524 1412 truatur.
1560 1357 1613 1412 Sed
1629 1359 1757 1428 inquilino
1775 1377 1848 1426 meo,
1874 1361 1896 1414 si

1085 1427 1186 1480 vicinas
1209 1423 1288 1480 aedes
1312 1425 1423 1490 babeat,
1449 1441 1542 1480 cavere
1565 1425 1668 1482 debebo
1692 1429 1781 1482 damni
1803 1429 1895 1484 infecti

1086 1501 1103 1548 t
1136 1499 1245 1576 propter
1262 1507 1308 1546 eas
1325 1493 1413 1546 aedes.
1448 1493 1495 1558 Ei,
1515 1493 1604 1564 quiin
1622 1495 1754 1550 conducto
1773 1497 1830 1552 solo
1848 1513 1894 1552 su·

1085 1561 1219 1632 perficiem
1242 1561 1381 1630 imposuit,
1409 1560 1530 1616 dominus
1553 1561 1614 1628 soli,
1646 1563 1734 1632 ⁹qnod
1758 1565 1820 1618 vitio
1844 1565 1894 1618 soli

1086 1631 1211 1684 damnum
1234 1629 1354 1684 10001001
1376 1629 1422 1694 010,
1450 1645 1542 1684 cavere
1565 1645 1619 1684 non
1643 1631 1749 1684 debebit
1770 1647 1821 1686 nec
1844 1633 1894 1686 seli

1086 1699 1191 1752 domino
1215 1697 1426 1766 superficiarius,
1452 1697 1515 1764 quia
1530 1697 1642 1750 invicem
1666 1715 1698 1754 ex
1716 1699 1848 1754 conducto
1868 1705 1893 1752 et

1085 1767 1174 1822 locato
1193 1767 1292 1822 habent
1304 1765 1434 1820 0001000οι
1452 1765 1482 1816 10
1499 1781 1565 1834 0000
1582 1771 1671 1820 tamen
1689 1767 1807 1822 00010000
1823 1767 1893 1822 ultra

1087 1835 1192 1902 culpam
1205 1835 1270 1888 nihil
1286 1833 1366 1888 venit.
1392 1831 1452 1902 plus
1466 1839 1554 1886 autem
1571 1833 1599 1886 in
1612 1835 1810 1900 stipulationem
1821 1835 1893 1888 venit

1086 1901 1176 1954 damni
1184 1903 1204 1934 ¹⁰
1220 1901 1324 1966 infecti,
1349 1899 1421 1968 quod
1438 1901 1542 1966 quidem
1559 1899 1651 1954 vitium
1670 1901 1755 1954 otus1¹
1775 1915 1834 1954 esse
1852 1903 1890 1954 di·

1087 1975 1101 2020 5
1138 1969 1214 2020 citur.
1250 1969 1279 2022 Si
1295 1969 1331 2032 is,
1350 1969 1395 2038 qui
1412 1983 1479 2022 unas
1497 1967 1575 2020 aedes
1594 1969 1723 2034 habebat,
1749 1969 1892 2036 stipulatus

1085 2035 1179 2100 suerit,
1205 2035 1299 2090 deinde
1321 2035 1422 2090 vicinas
1440 2037 1641 2104 comparaverit,
1666 2051 1701 2086 an
1719 2051 1809 2088 earum
1827 2053 1892 2104 quo-

1088 2119 1137 2170 que
1150 2103 1279 2170 nomine,
1308 2119 1374 2172 quar
1397 2107 1460 2172 post
1487 2103 1672 2168 interpositam
1696 2101 1893 2170 stipulatorem

1088 2175 1283 2238 comparasset,
1306 2171 1493 2238 promissorem
1511 2169 1653 2236 obligaret,
1677 2169 1826 2236 quaesitum
1844 2175 1891 2222 000.

1086 2237 1206 2292 10110000
1230 2239 1323 2292 scribit
1346 2237 1499 2302 videndum,
1523 2251 1557 2290 ne
1575 2251 1666 2290 earum
1689 2235 1827 2288 dumtaxat
1844 2251 1892 2288 no·

1086 2305 1155 2358 mine
1178 2311 1285 2358 cautum
1306 2305 1418 2368 habeat,
1442 2305 1474 2358 de
1497 2303 1593 2384 quibus
1615 2303 1684 2356 iuter
1703 2317 1762 2354 eum
1781 2307 1807 2354 et
1830 2317 1893 2368 pro-

1086 2371 1224 2426 missorem
1240 2371 1314 2426 101010
1333 2377 1422 2426 actum
1439 2371 1528 2426 10000.
1565 2371 1608 2422 cui
1630 2383 1794 2438 0000000000
1811 2369 1894 2422 videri

1086 2455 1177 2506 posse,
1201 2445 1232 2492 ut
1250 2443 1287 2506 et,
1312 2455 1371 2492 oum
1389 2439 1493 2494 aedium
1517 2435 1695 2492 communium
1717 2437 1822 2490 nomiae
1841 2435 1892 2488 duo

1087 2507 1152 2560 socii
1169 2507 1344 2576 stipulentur,
1369 2507 1402 2560 de
1418 2521 1449 2560 eo
1475 2506 1613 2560 dumtaxat
1635 2503 1731 2558 damno
1751 2503 1839 2556 caveri
1857 2503 1893 2556 vi-

1088 2573 1195 2640 deatur,
1220 2575 1291 2640 quod
1313 2575 1342 2626 in
1364 2579 1440 2642 parte
1464 2575 1569 2626 aedium
1593 2573 1689 2640 cuique
1711 2571 1784 2626 socio
1803 2569 1893 2624 datum

1086 2641 1175 2692 fuerit.
1209 2641 1265 2694 siue
1288 2655 1349 2708 ergo
1370 2641 1509 2694 redemerit
1531 2641 1641 2692 alteram
1664 2645 1767 2706 partem
1785 2637 1843 2704 quis
1862 2653 1893 2692 ex

1086 2705 1127 2760 his
1152 2707 1206 2760 sive
1230 2707 1383 2760 adiudicata
1406 2707 1502 2772 fuerit,
1526 2723 1580 2760 non
1604 2707 1695 2772 augeri
1712 2705 1893 2772 promissionis

1088 2773 1281 2840 obbgatiouem.
1304 2773 1466 2842 Pomponius
1478 2773 1669 2828 relataluliani
1682 2773 1815 2840 scriptura
1830 2773 1894 2824 dicit

1088 2845 1103 2892 6
1137 2857 1191 2892 000
1209 2857 1238 2894 00
1255 2839 1414 2908 improbare.
1442 2839 1470 2894 Si
1484 2845 1572 2896 autem
1589 2857 1632 2894 res
1651 2839 1752 2908 aliquas
1770 2847 1833 2908 post
1847 2839 1893 2892 sti-

1086 2907 1250 2974 pulationem
1274 2907 1458 2974 interpositam
1488 2909 1517 2962 10
1534 2907 1624 2960 domo
1651 2907 1750 2960 habere
1776 2907 1893 2974 coeperit

1088 2973 1236 3040 stipulator,
1255 2989 1323 3040 quae
1335 2989 1368 3028 ex
1385 2975 1463 3028 ruina
1475 2975 1622 3028 vicinarum
1637 2973 1740 3028 aedium
1757 2973 1893 3040 perlerint,

1088 3055 1167 3108 agere
1185 3055 1218 3094 ex
1235 3043 1363 3108 stipulatu
1380 3047 1480 3108 potest,
1498 3043 1560 3096 licet
1577 3045 1649 3106 tunc,
1675 3043 1765 3094 00012
1782 3041 1894 3108 0010010-

1089 3113 1102 3160 'l
1138 3113 1225 3170 retur,
1248 3109 1359 3160 haeres
1377 3125 1431 3160 uon
1448 3109 1587 3164 fuerint¹⁸.
1621 3109 1735 3176 Emptor
1752 3109 1856 3178 praedii
1874 3109 1895 3162 si

1088 3181 1151 3230 ante
1164 3175 1334 3228 traditionem
1349 3175 1492 3244 stipulatus
1511 3175 1554 3242 sit,
1574 3181 1682 3230 cautum
1694 3177 1804 3232 habebit
1819 3175 1851 3228 tle
1865 3193 1895 3232 00

1090 3247 1104 3296 8
1139 3243 1242 3310 damno,
1262 3243 1333 3310 quod
1350 3249 1411 3310 post
1427 3243 1596 3298 traditionem
1612 3243 1713 3298 factum
1731 3245 1788 3298 erit.
1824 3245 1896 3298 Ven-

1089 3311 1201 3366 ditorem
1229 3315 1319 3364 autem
1347 3311 1452 3364 aedium
1474 3311 1561 3380 prius,
1595 3327 1674 3378 quam
1703 3313 1897 3380 possessionem

1088 3379 1191 3444 tradat,
1210 3379 1334 3446 stipulari
1352 3385 1467 3446 oportet,
1487 3379 1548 3448 quia
1565 3381 1644 3434 huius
1663 3395 1767 3448 quoque
1784 3379 1823 3434 rei
1841 3379 1897 3434 cul·

1090 3451 1105 3500 o
1139 3463 1200 3516 pam
1227 3451 1356 3514 praestat.
1391 3445 1443 3502 seu
1470 3447 1533 3514 quid
1558 3447 1618 3514 fiet,
1648 3449 1671 3502 01
1694 3449 1815 3502 venditor
1841 3449 1899 3502 sine

1091 3515 1170 3584 culpa
1184 3515 1306 3582 stipulari
1323 3529 1377 3568 non
1394 3515 1511 3582 potuerit
1527 3523 1554 3570 et
1571 3517 1603 3570 ob
1622 3517 1674 3570 hcc
1692 3523 1797 3584 emptor
1813 3517 1898 3584 stipu-

1089 3583 1159 3640 latus
1183 3581 1281 3636 fuerit?
1307 3597 1395 3636 nonne
1419 3583 1678 3652 damnumpatitur‘l
1701 3585 1896 3640 0011000010-

1091 3667 1154 3704 num
1175 3651 1203 3706 10
1227 3649 1314 3704 011000
1337 3665 1365 3704 10
1389 3651 1552 3718 acciderit&
1580 3651 1722 3706 revolvitur
1749 3661 1838 3708 autem
1865 3655 1898 3708 ad

1091 3725 1244 3800 emptorem,
1263 3719 1326 3786 quia
1344 3719 1474 3772 actionem
1493 3735 1526 3772 ex
1544 3727 1631 3790 empto
1649 3735 1704 3774 000
1722 3721 1824 3778 babet?
1852 3725 1899 3776 sed

1090 3787 1157 3842 nihrl
1173 3787 1202 3842 in
1218 3787 1269 3840 hac
1283 3801 1365 3840 causa
1382 3787 1487 3856 proficit
1502 3789 1647 3858 stipulatio,
1664 3789 1717 3844 nisi
1729 3791 1757 3842 in
1774 3791 1809 3856 id,
1828 3793 1899 3860 quod

1090 3861 1152 3926 post
1169 3855 1338 3910 traditionem
1361 3857 1470 3922 accidit,
1495 3859 1569 3924 0010,
1594 3859 1657 3912 000
1673 3859 1819 3912 venditoris
1838 3875 1898 3912 cus-

1091 3925 1164 3980 todia
1187 3929 1241 3988 est,
1265 3923 1288 3978 is
1313 3925 1436 3994 stIpulari
1457 3925 1536 3980 debet
1559 3941 1715 3994 omnemque
1739 3927 1899 3996 diligentiam

1091 3993 1205 4062 emptori
1221 3997 1374 4062 praestare:
1400 3999 1425 4046 et
1448 3993 1520 4062 quod
1541 3995 1593 4048 alia
1616 3995 1720 4048 actione
1742 3997 1835 4064 quaeri
1850 4011 1898 4062 po-

1091 4065 1156 4126 test,
1180 4063 1208 4114 id
1229 4063 1258 4114 in
1280 4061 1477 4132 stipulationem
1501 4061 1590 4116 damni
1610 4063 1702 4116 infecti
1720 4063 1826 4116 omnino
1844 4081 1899 4118 000

1094 4135 1122 4182 ld
1160 4129 1308 4184 deducitur.
1343 4129 1396 4184 Sed
1420 4131 1442 4186 si
1465 4131 1585 4184 venditor
1605 4131 1797 4198 interposuerit
1814 4131 1898 4198 stipu-

1090 4199 1229 4264 lationem,
1257 4199 1337 4252 etiam
1364 4199 1392 4252 id
1416 4199 1540 4252 damnum
1562 4199 1721 4264 continebit,
1745 4199 1818 4266 quod
1838 4205 1899 4268 post

1090 4267 1260 4322 traditionem
1278 4267 1391 4336 emptori
1414 4267 1560 4336 contigerit.
1596 4267 1668 4336 quod
1690 4283 1748 4320 esse
1765 4267 1898 4336 iniquissi-

1091 4335 1269 4390 0010011000
1289 4337 1340 4404 ait,
1365 4337 1502 4404 quoniam,
1526 4337 1549 4390 si
1566 4341 1669 4404 emptor
1687 4351 1793 4403 quoque
1811 4333 1899 4390 damni

1090 4403 1182 4460 infecti
1205 4405 1349 4474 stipulatus
1370 4411 1452 4468 esset,
1481 4403 1584 4458 duobus
1613 4403 1760 4474 promissor
1782 4403 1899 4458 eiusdem

1090 4473 1197 4528 nomine
1214 4475 1389 4542 obligaretur:
1415 4473 1465 4526 nisi
1487 4471 1557 4528 10000
1579 4473 1606 4524 10
1630 4477 1724 4528 contra
1745 4487 1774 4526 se
1791 4471 1897 4536 habeat,

1091 4543 1152 4606 quia
1169 4543 1197 4594 in
1214 4543 1266 4596 hoc
1283 4543 1314 4594 fit
1332 4541 1476 4620 stipulatio,
1495 4541 1587 4608 quanti
1604 4555 1636 4592 ea
1651 4555 1693 4594 res
1709 4539 1772 4592 erit:
1791 4543 1822 4592 ut
1835 4555 1897 4606 000-

1092 4613 1119 4660 11
1159 4609 1194 4660 sit
1215 4609 1298 4662 videri
1320 4609 1387 4662 nihil
1409 4609 1536 4662 interesse
1556 4607 1610 4660 iam
1626 4605 1770 4660 venditoris
1780 4609 1809 4660 ¹⁵.
1845 4605 1897 4660 su-

1090 4675 1227 4744 pulatlone
1250 4675 1340 4730 danmi
1361 4675 1454 4730 infecti
1473 4675 1632 4744 interposita
1652 4673 1745 4744 Sabini
1766 4677 1899 4728 sententia

1090 4759 1152 4798 vera
1171 4749 1210 4798 est
1228 4745 1416 4808 existimantis,
1439 4749 1483 4808 ut,
1506 4743 1540 4806 si,
1565 4741 1627 4794 dum
1648 4739 1806 4796 aedificatur
1827 4741 1898 4796 intra

1091 4811 1161 4864 diem
1191 4813 1357 4880 stipulationi
1389 4811 1621 4878 comprehensum,
1656 4823 1739 4876 supra
1769 4807 1898 4876 parietem

1089 4893 1178 4930 meum
1196 4879 1289 4932 domus
1308 4879 1434 4932 deciderit
1452 4891 1563 4944 eumque
1584 4875 1728 4942 vitiaverit,
1751 4875 1815 4930 licet
1836 4885 1898 4944 post

1091 4945 1160 4998 diem
1178 4945 1356 5014 stipulationis
1373 4945 1461 5014 paries
1480 4945 1593 5008 decidat,
1610 4943 1710 5012 possim
1727 4957 1814 5010 agere,
1836 4945 1898 5014 quia

1090 5013 1215 5066 damnum
1238 5013 1291 5068 Iam
1313 5019 1377 5066 tunc
1400 5011 1563 5080 0000001101,
1590 5025 1652 5064 cum
1676 5011 1764 5080 paries
1787 5011 1897 5068 vitiosus

1089 5081 1179 5134 iactus
1196 5081 1239 5134 sit.
1274 5095 1323 5134 neo
1342 5081 1482 5146 quicquam
1501 5079 1620 5140 obstare,
1644 5093 1695 5146 quo
1712 5079 1800 5132 miuus
1819 5079 1898 5132 etiam

1090 5153 1233 5216 antequam
1251 5145 1356 5200 decidat
1373 5147 1416 5212 agi
1432 5145 1530 5212 possit:
1552 5149 1586 5212 et,
1604 5145 1628 5198 01
1644 5145 1683 5198 100
1700 5159 1846 5200 000000000
1864 5147 1899 5200 010

1089 5215 1191 5280 paries,
1216 5219 1247 5264 ut
1268 5213 1342 5266 nulla
1363 5211 1465 5264 1001000
1488 5209 1571 5278 recipi
1578 5211 1600 5246 ¹⁶
1620 5211 1706 5278 possit
1721 5211 1834 5278 ideoque
1853 5211 1896 5266 de-

1088 5279 1229 5346 ponendus
1248 5283 1296 5340 est,
1313 5293 1368 5332 non
1385 5277 1493 5332 minoris
1509 5277 1582 5330 litem
1599 5279 1797 5342 aestimandam,
1817 5295 1896 5346 quam

1093 5351 1122 5398 12
1159 5345 1182 5398 si
1205 5345 1353 5398 decidisset.
1389 5343 1418 5398 Si
1435 5345 1534 5398 vicinas
1551 5347 1630 5398 aedes
1645 5347 1793 5398 habeamus
1814 5351 1841 5398 et
1857 5347 1896 5398 in-

1089 5411 1175 5464 vicem
1188 5409 1365 5464 desideremus
1379 5411 1468 5464 damni
1478 5411 1571 5464 infecti
1583 5413 1677 5474 caveri,
1690 5413 1757 5464 nihil
1769 5413 1896 5474 obstabit,

1090 5491 1143 5544 quo
1166 5477 1254 5530 minus
1277 5479 1303 5530 et
1325 5491 1373 5544 ego
1397 5479 1553 5532 intrarem
1576 5479 1680 5532 aedium
1702 5479 1897 5548 possessionem

250 5587 1895 5614 fflm

251 5665 273 5726 111
289 5659 453 5726 00001001002
526 5655 558 5718 [a]
577 5651 684 5704 ieeitffl
759 5657 790 5716 (0]
809 5647 992 5724 aedificaverint
1000 5645 1039 5698 F²

251 5733 276 5792 tlt
292 5729 357 5782 ppt
394 5719 565 5794 (qmaehl
601 5721 633 5784 to)
645 5735 762 5786 personas
771 5723 816 5770 ias.
852 5711 1040 5794 (0000000101

251 5803 278 5860 (01
293 5799 437 5850 mainarius
453 5795 498 5852 F2,
518 5789 663 5842 fructuariis
680 5789 793 5862 Calactae
878 5785 1039 5848 (0)πο101000.

1091 5647 1135 5706 tro]
1156 5643 1257 5692 damiF
1290 5645 1331 5706 tn)
1343 5647 1505 5710 0100101000.
1547 5645 1704 5710 (1000001
1748 5641 1888 5702 000100

1092 5713 1134 5772 (01)
1155 5711 1300 5762 0001011000.
1369 5713 1587 5776 (0000001οο00*
1654 5709 1817 5776 (1011011018
