4366 6258
962 401 963 404 ι
1050 349 1111 422 845
1748 361 1911 428 baar

255 365 297 412 ou
319 361 407 430 aueo
430 361 617 412 sourusruo

253 531 303 588 nisi
326 547 359 586 ex
377 545 459 584 cansa
476 533 600 598 possunt,
624 547 709 600 neque
725 531 768 598 hi,
791 535 837 604 qui
860 551 959 590 annum
981 535 1056 602 quin-
1108 541 1172 594 item
1188 537 1361 594 naucularis:
1384 535 1617 604 decemprimatus:
1643 535 1677 590 ab
1699 535 1759 590 istis
1781 539 1849 592 enim
1867 559 1912 610 pe.

254 597 452 674 quagessimum
469 603 496 652 et
513 597 634 666 quintum
650 607 828 678 succeserunt.
860 611 1059 670 nonnumquam
1109 607 1192 662 ricino
1220 607 1338 676 ipsorum
1366 603 1517 658 exactiones
1545 603 1711 658 sollemnium
1736 605 1912 662 celebrantur.

253 669 331 724 etiam
359 667 440 734 longa
462 665 626 718 consuetudo
652 683 680 718 ru
701 681 734 720 ea
756 685 786 722 re
810 673 951 726 observata
974 669 1058 736 respi-
1110 679 1125 724 ι
1161 673 1317 730 Personalia
1340 671 1427 726 civilia
1449 675 1512 726 sunt
1527 687 1638 726 munera
1656 669 1773 724 defensio
1792 671 1914 736 civitatis,

254 735 347 794 ciendi
359 733 419 788 frit·
442 733 513 802 (ιῦοᾶ
525 733 603 788 etiam
616 733 817 790 ⁰u⁸t⁰dif¹1d11m
828 739 961 820 principes
974 737 1059 790 nostri
1109 739 1137 795 id
1154 745 1196 798 est
1212 747 1243 796 ut
1259 741 1384 812 syndicus
1401 739 1462 794 fiat:
1484 739 1581 808 legatio
1606 739 1641 794 ad
1664 753 1760 792 census
1782 739 1914 808 accipien-

254 803 367 862 eonsnlti
385 803 418 856 de
433 802 576 870 allegandis
590 803 618 856 in
632 801 723 856 ordine
734 801 966 860 Nicomedensrurn
980 805 1059 858 huius
1111 809 1191 862 dum6
1209 809 1250 862 vel
1267 807 1465 878 patrimonium:
1484 807 1648 862 scribatus⁷:
1667 805 1848 874 καμηιασίαθι
1868 821 1913 860 an-

252 871 347 930 astatis
364 871 516 926 hominibus
533 869 735 940 rescripserunt.
1109 891 1197 928 nonae
1222 891 1254 930 ac
1277 877 1401 932 similium
1423 891 1501 928 cura:
1531 875 1769 944 praediorumque⁹
1795 873 1916 942 publico-

288 937 326 998 12
344 939 425 994 Iucu
439 939 506 994 libro
524 943 602 994 sexto
620 939 801 1010 cognitionem
836 937 900 1000 Eos,
920 939 966 1006 qui
983 943 1059 992 utcu·
1111 957 1182 994 rum:
1205 943 1330 998 frumenti
1348 943 1531 1012 comparandi:
1556 943 1770 1012 aquaeductus:
1788 955 1916 1010 equorum

254 1011 312 1066 silia
329 1009 498 1076 negotiantur
517 1013 543 1062 et
559 1007 690 1072 vendunt,
713 1005 776 1060 licet
799 1005 833 1060 ab
851 1005 981 1062 aedilibus
999 1021 1059 1060 cae·
1112 1009 1268 1064 circensium
1278 1015 1299 1044 ¹⁰
1316 1011 1482 1078 spectacula:
1500 1011 1623 1078 publicae
1640 1011 1698 1066 viae
1712 1009 1869 1064 munitiones
1880 1011 1915 1062 ¹¹:

254 1081 367 1142 duntur,
395 1093 449 1132 non
473 1081 578 1146 oportet
605 1075 682 1144 quasi
707 1075 771 1130 viles
796 1089 925 1144 personas
949 1075 1059 1144 neglegi.
1112 1091 1190 1128 arcae
1207 1075 1409 1132 frumentariae:
1428 1077 1615 1134 calefactiones
1625 1081 1647 1114 ¹2
1666 1079 1842 1134 thermarum:
1867 1093 1914 1132 an·

254 1147 365 1214 denique
385 1161 440 1200 non
463 1149 526 1200 sunt
548 1143 676 1214 prohibiti
697 1141 849 1198 huiusmodi
872 1141 991 1198 honines
1013 1141 1059 1196 de·
1111 1159 1198 1196 nonae
1217 1143 1308 1198 divisio
1319 1147 1339 1180 ¹³
1356 1153 1382 1198 et
1400 1161 1583 1214 quaecumque
1600 1147 1668 1214 aliae
1687 1163 1766 1202 curae
1781 1147 1839 1202 istis
1855 1151 1917 1200 sunt

254 1215 420 1270 curionatum
443 1213 485 1266 vel
507 1213 621 1282 aliquem
643 1213 769 1266 honorem
792 1211 820 1264 in
842 1225 891 1264 sua
908 1211 996 1280 patria
1013 1225 1059 1280 pe·
1112 1211 1218 1264 similes.
1253 1227 1286 1264 ex
1302 1213 1343 1266 his
1361 1213 1443 1280 enim,
1463 1229 1530 1282 quae
1547 1215 1706 1278 rettulimus,
1728 1219 1818 1270 cetera
1836 1213 1916 1268 etiam

254 1291 322 1338 tere:
339 1297 389 1336 nec
406 1281 476 1336 enim
493 1279 604 1336 infames
623 1287 692 1336 suut.
727 1279 775 1336 sed
792 1295 826 1332 ne
844 1279 949 1348 quidem
967 1295 1059 1334 arcen-
1112 1295 1159 1348 per
1181 1279 1251 1346 leges
1274 1279 1401 1348 cuiusque
1424 1281 1536 1336 civitatis
1565 1297 1597 1336 ex
1623 1283 1814 1336 consuetudine
1836 1283 1917 1348 longa

253 1359 298 1408 tur
314 1351 473 1418 benardus,
498 1349 545 1418 qui
567 1351 601 1404 ab
624 1349 753 1404 aedilibus
769 1347 881 1414 flagellis
900 1347 972 1402 caesi
989 1355 1059 1414 sunt,
1112 1351 1126 1402 3
1160 1345 1276 1414 intellegi
1293 1351 1474 1416 potuerunt¹t
1503 1351 1573 1404 illud
1589 1351 1732 1406 tenendum
1750 1357 1791 1406 est
1807 1365 1916 1420 genera·

254 1435 412 1490 quamquam
429 1419 487 1474 iure
504 1433 553 1472 suo
570 1417 610 1472 ita
628 1417 725 1472 aediles
739 1417 828 1472 officio
840 1417 893 1472 isto
906 1417 1059 1486 fungantur.
1110 1417 1172 1470 liter
1187 1417 1328 1484 personale
1362 1417 1449 1472 iridem
1465 1435 1562 1474 munus
1580 1435 1653 1484 esse,
1672 1417 1743 1486 quod
1761 1419 1917 1486 corporibus

253 1489 422 1542 inhonestum
449 1493 540 1540 ιιιιιιιι
568 1491 633 1554 puto
664 1501 722 1540 esse
752 1483 903 1542 huiusmodi
932 1501 1060 1554 personas
1110 1485 1203 1538 labore
1227 1499 1287 1536 cum
1310 1499 1339 1538 so
1361 1483 1485 1540 'citudiue
1509 1487 1589 1540 animi
1612 1501 1644 1540 ac
1661 1487 1794 1554 vigilantia
1812 1487 1916 1540 sollem-

253 1555 417 1624 flagellorum
439 1555 536 1626 ictibus
560 1555 695 1610 subiectas
717 1553 746 1608 in
770 1553 889 1608 ordinem
913 1555 1009 1624 recipi,
1034 1559 1061 1608 et
1112 1555 1180 1606 niter
1210 1549 1334 1616 sentiar,
1365 1553 1517 1620 patrimonii
1545 1569 1621 1618 vere,
1653 1555 1681 1608 iu
1712 1571 1764 1622 quo
1796 1559 1917 1624 sumptus

254 1625 365 1678 maxime
382 1623 410 1678 in
427 1623 465 1678 eis
483 1621 647 1688 civitatibus,
671 1637 738 1692 quae
757 1621 861 1692 copiam
878 1623 995 1678 virorum
1011 1623 1059 1676 ho·
1112 1627 1128 1674 4
1163 1621 1275 1672 maxime
1292 1621 1450 1686 postulatur.
1486 1625 1576 1690 Aeque
1597 1623 1737 1690 personale
1760 1637 1857 1676 mtruus
1877 1627 1917 1676 est

254 1697 389 1746 hestorum
406 1691 535 1746 habeant:
560 1707 623 1744 nam
640 1693 762 1762 paucitas
780 1705 887 1758 eorum,
905 1691 951 1762 qui
968 1705 1059 1744 mune-
1113 1689 1210 1754 tutela,
1238 1701 1304 1740 cura
1330 1687 1414 1742 adulti
1439 1687 1577 1754 furiosive,
1607 1689 1671 1744 item
1697 1689 1814 1760 prodigi,
1841 1689 1917 1754 muti,

253 1759 327 1814 ribus
343 1759 458 1828 publicis
475 1759 549 1826 fingi
567 1759 694 1824 debeant,
718 1759 887 1816 necessaria¹
911 1759 990 1814 etiam
1010 1759 1059 1814 hos

253 1827 288 1906 ad
311 1827 465 1928 diggritatem
488 1827 687 1898 municipalem,
716 1829 739 1884 si
763 1829 907 1884 facultates
934 1827 1059 1892 babeant,

252 1897 371 1948 invitat.

289 1959 326 2020 13
346 1963 489 2018 Parianus
504 1963 521 2018 1
525 1977 610 2018 uerus
625 1963 692 2020 libro
709 1965 827 2020 secundo
845 1963 879 2018 de
895 1963 1060 2018 constitutio·

253 2031 331 2086 cibus
369 2031 545 2100 Imperatores
562 2033 714 2088 Antoninus
731 2037 759 2086 et
775 2033 862 2086 Verus
880 2031 995 2098 Augusti
1018 2047 1060 2084 re·

253 2099 417 2168 scripserunt
430 2101 458 2154 in
469 2107 573 2170 tempus
584 2101 714 2170 relegatos
730 2107 757 2152 et
769 2115 889 2154 reversos
902 2099 931 2152 iu
943 2099 1061 2152 ordinem

257 2171 266 2218 1
303 2167 380 2236 allegi
402 2169 459 2224 sine
480 2169 611 2240 permissu
636 2167 763 2236 principis
787 2183 840 2222 uon
864 2181 951 2236 posse.
993 2167 1061 2222 item

253 2235 447 2304 rescripserunt
469 2239 600 2304 relegatos
625 2251 678 2288 non
700 2249 780 2302 posse
803 2239 924 2302 tempore
940 2233 1015 2288 finito
1033 2235 1061 2288 in

254 2303 371 2356 ordinem
389 2303 562 2358 decurionum
580 2303 670 2370 allegi,
693 2301 744 2356 nisi
764 2303 821 2356 eius
839 2301 934 2356 aetatis
951 2303 1059 2372 fuerint,

253 2375 282 2422 ut
305 2371 423 2424 nondrrm
446 2371 602 2426 decuriones
629 2371 716 2424 creari
742 2377 863 2440 possent,
891 2375 918 2424 ιι
946 2371 1060 2440 dignitas

254 2443 327 2492 certa
345 2441 438 2506 spem3
455 2439 511 2494 eius
528 2437 637 2492 honoris
653 2437 682 2492 id
698 2437 813 2506 faceret,
831 2445 863 2494 ut
879 2437 1002 2510 princeps
1019 2441 1059 2494 in·

254 2509 268 2558 2
303 2505 412 2572 dulgere
434 2507 527 2576 possit.
562 2507 630 2560 Item
651 2505 846 2574 rescripsemmt
867 2523 941 2572 eum,
966 2509 1060 2578 quiin

252 2573 413 2640 relegatione
430 2581 509 2628 natus
527 2577 575 2638 est,
593 2589 647 2626 non
665 2573 800 2644 prohiberi
816 2575 918 2630 honore
936 2575 1058 2630 decurio·

254 2647 268 2694 3
302 2647 384 2696 natus
400 2641 483 2710 fungi.
509 2641 577 2696 item
594 2643 787 2710 rescripserunt
804 2659 858 2698 non
875 2643 979 2698 admitti
996 2659 1059 2698 eon-

252 2709 384 2764 tradicere
401 2711 545 2776 volentem,
569 2709 641 2780 quod
662 2725 717 2764 non
734 2715 807 2764 recte
824 2711 884 2780 quis
902 2713 936 2768 sit
953 2717 1059 2768 creatus

253 2775 369 2842 decurio,
388 2793 449 2830 cum
465 2777 540 2832 initio
559 2779 743 2832 contradicere
760 2779 889 2832 debuerit.

288 2843 556 2902 tarsumenno
599 2847 666 2900 rimo
690 2847 876 2916 quaestionum
917 2847 955 2902 De
978 2849 1059 2904 decu·

252 2913 328 2968 rione
345 2911 471 2968 damnato
488 2929 543 2968 non
560 2863 657 2968 nibem
674 2915 854 2982 quaestionem
872 2915 966 2970 heberi
983 2915 1058 2990 divus

251 2983 316 3036 Pius
333 2983 478 3050 rescripsit.
513 2983 585 3038 uude
602 2983 681 3036 edam
699 2983 722 3038 si
739 2981 846 3054 desierit
863 2983 970 3040 decurio
992 3001 1058 3052 esse,

252 3049 346 3104 deinde
362 3049 511 3116 damnetur,
528 3067 583 3106 non
600 3065 658 3106 esse
672 3051 850 3120 torquendum
865 3051 893 3106 iu
908 3051 1058 3106 memoriam

251 3115 348 3186 prioris
366 3117 501 3188 diguitatis
518 3119 616 3188 placet.

620 3325 692 3384 llll.

470 3425 516 3474 DE
533 3423 623 3476 ALBO
640 3423 840 3474 SCRIBENDO.

288 3521 302 3580 1
333 3521 477 3578 Uestinus
503 3523 571 3584 libro
598 3523 676 3578 tertio
704 3523 738 3576 de
767 3523 861 3592 officio
884 3523 1059 3592 proconsulis

253 3589 417 3646 Decuriones
434 3591 462 3644 in
479 3589 539 3644 albo
557 3591 595 3644 ita
612 3591 725 3660 scriptos
743 3607 803 3646 esse
820 3595 937 3658 oportet,
955 3595 986 3644 ut
1001 3591 1059 3660 lege

252 3659 406 3728 municipali
419 3659 597 3726 praecipitur:
616 3659 663 3714 sed
680 3659 703 3712 si
719 3659 762 3712 lex
781 3665 877 3724 cessat,
895 3665 960 3712 tunc
976 3657 1058 3726 digni-

252 3733 321 3782 tates
338 3731 417 3780 crunt
433 3727 604 3796 spectandae,
623 3733 654 3782 ut
671 3727 823 3782 scribantur
839 3743 872 3782 eo
888 3727 987 3790 ordine,
1006 3743 1057 3796 quo

252 3797 364 3864 quisque
382 3811 473 3850 eorum
489 3793 603 3850 maximo
622 3795 722 3850 bonore
740 3795 768 3848 in
785 3793 928 3874 municipio
951 3795 1059 3848 functus

252 3871 305 3918 est:
330 3869 397 3932 puta
414 3863 459 3932 qui
477 3863 673 3916 duumviratum
690 3867 840 3932 gesserunt,
866 3879 888 3916 s1
909 3863 954 3916 hic
975 3863 1062 3916 honor

252 3931 408 4002 praecellat,
432 3937 459 3986 et
480 3931 550 3986 iuter
571 3931 748 3986 duumvirales
771 3931 970 3998 antiquissimus
989 3931 1059 4000 quis-

253 4015 303 4070 que
319 3999 408 4070 prior:
427 3999 522 4054 deinde
537 3997 574 4066 hi,
593 4001 639 4068 qui
656 3999 773 4054 secundo
790 4005 852 4068 post
866 3997 1061 4054 duumviratum

251 4069 353 4124 honore
369 4069 397 4122 in
413 4083 444 4122 re
460 4069 567 4138 publica
584 4067 671 4122 brecti
688 4073 762 4124 sunt:
781 4071 843 4136 post
860 4069 1059 4136 sesquitertio

252 4141 278 4190 et
299 4137 437 4204 deinceps:
459 4151 522 4190 mox
542 4135 572 4190 hi
594 4137 639 4204 qui
660 4137 734 4190 nullo
758 4135 861 4188 bonore
881 4133 968 4190 functi
989 4141 1059 4202 sunt,

255 4209 267 4256 1
303 4209 384 4272 prout
405 4203 517 4272 quisque
538 4219 629 4258 eorum
649 4203 678 4258 in
700 4203 819 4258 ordinem
835 4201 914 4256 venit.
949 4203 981 4256 In
998 4219 1059 4258 sen-

251 4273 342 4328 tentiis
365 4287 471 4342 quoque
494 4271 612 4326 dicendis
634 4271 704 4326 idem
731 4271 796 4326 ordo
824 4269 987 4340 spectandus
1010 4277 1059 4336 est,

253 4355 330 4408 quem
346 4339 375 4396 in
392 4339 454 4396 albo
473 4339 612 4396 scribendo
631 4339 752 4394 diximus

286 4405 306 4464 2
320 4407 404 4464 'Ibem
417 4407 486 4464 libro
498 4407 616 4462 secando
631 4409 788 4480 opinionum
817 4405 850 4460 In
864 4407 924 4462 albo
940 4407 1059 4462 decurio-

252 4493 316 4530 num
332 4477 361 4532 iu
377 4477 521 4546 municipio
539 4477 646 4532 uomina
664 4481 725 4532 ante
742 4477 823 4530 scribi
840 4479 945 4558 oportet
959 4491 1059 4542 eorum,

253 4545 298 4612 qui
316 4543 456 4614 dignitates
473 4545 601 4614 principis
616 4545 712 4600 iudicio
727 4549 864 4600 consecet
878 4549 948 4612 sunt,
966 4551 1061 4614 postea

253 4627 355 4734 comtum,
382 4613 427 4684 qui
451 4619 556 4668 tautum
579 4613 783 4684 municipalibus
804 4613 951 4670 honodbus
975 4613 1060 4670 functi

253 4695 324 4734 sun.

618 4891 678 4950 ΗΠ
685 4891 696 4922 b

383 4987 431 5038 os
447 4987 649 5040 mensurnus.
664 4991 708 5042 ur
724 4965 932 5044 aenomaus.

288 5087 303 5144 1
324 5087 581 5156 Heanosrnrrnus
598 5089 666 5146 libro
678 5093 770 5164 primo
788 5095 965 5162 ephemerum
998 5089 1059 5146 Mu-

253 5171 345 5212 sarum
370 5157 486 5212 civilium
509 5159 638 5226 quaedam
661 5165 723 5214 sunt
742 5161 906 5228 patrimonii,
930 5161 983 5214 alia
999 5177 1059 5230 per·

255 5227 267 5276 t
303 5241 438 5302 seuerum.
462 5227 621 5284 Patrimonii
636 5233 699 5282 sunt
716 5243 827 5284 munera
839 5229 878 5284 rei
891 5227 1059 5296 vehicularia,

254 5395 501 5530 (r)(r;mgssmoedd.
572 5401 605 5464 (ι)
623 5399 747 5450 invitetF
810 5405 843 5462 (3)
860 5415 958 5466 spercr.

298 5475 310 5516 ι
360 5471 399 5518 ab.

287 5535 318 5598 (5)
338 5533 396 5584 sat.
409 5545 474 5596 ι...ι;
490 5533 538 5584 Ed.
551 5545 627 5594 aas:
642 5535 706 5600 Pap.
715 5545 733 5584 ι.
743 5535 939 5588 ιι...ιι.-Βαι.
950 5537 990 5596 54,
1000 5547 1061 5586 4.-

256 5599 293 5664 Gf.
306 5601 363 5650 Oed.
377 5605 414 5664 te,
424 5611 447 5654 ιι
516 5603 551 5666 (t)
568 5601 774 5668 accipiendosF²
839 5605 870 5668 (ι)
889 5601 1005 5652 scribitus
1015 5605 1060 5668 Ff,

252 5665 365 5718 scribites
374 5671 399 5720 F
404 5671 411 5700 ¹
466 5671 500 5734 (8)
518 5671 601 5722 idest:
620 5669 768 5720 camelorum
776 5671 882 5736 agitatio
890 5669 1060 5738 exhibitioque

253 5733 287 5798 (9)
305 5739 407 5800 quedel.
417 5737 480 5788 Hal.
562 5739 609 5802 (ia)
627 5737 712 5788 adina.
795 5739 837 5802 (ιι)
854 5737 1003 5788 munitionis
1012 5761 1059 5792 scr.

254 5803 297 5866 (ιι)
315 5803 482 5856 calefactionis
494 5823 540 5856 scr.
621 5807 665 5866 (ιι)
683 5801 811 5856 divisionis
824 5823 871 5856 scr.
926 5809 996 5866 (ιι)
1015 5823 1061 5872 pro

1112 1757 1192 1812 etiam
1209 1755 1307 1810 vernis
1318 1757 1347 1818 ¹⁰,
1371 1757 1450 1810 etiam
1474 1757 1508 1810 ad
1526 1757 1703 1812 exhibendum
1721 1759 1808 1812 eibum
1826 1763 1917 1828 potum

1112 1831 1211 1882 tectum
1235 1829 1260 1878 et
1284 1823 1386 1878 similia.
1422 1825 1469 1880 sed
1490 1831 1517 1882 et
1538 1825 1567 1878 in
1590 1827 1666 1882 bonis
1677 1827 1706 1890 ¹⁷,
1730 1827 1806 1882 cuius
1828 1825 1917 1882 officio

1113 1895 1289 1962 usucapiones
1302 1891 1505 1960 interpellantur
1519 1909 1559 1954 ae,
1572 1909 1605 1948 ne
1618 1895 1750 1948 debitores
1763 1895 1917 1960 liberentur,

1112 1963 1278 2030 providetur:
1295 1959 1359 2014 item
1377 1975 1410 2014 ex
1424 1961 1592 2016 Carboniano
1608 1961 1694 2016 edicto
1709 1963 1841 2016 bonorum
1854 1979 1917 2032 pos·

1112 2029 1230 2084 sessione
1246 2027 1339 2098 petita,
1358 2027 1380 2080 si
1394 2029 1459 2082 satis
1474 2045 1527 2084 nou
1541 2029 1626 2094 detur,
1645 2029 1824 2086 custodiendis
1840 2031 1918 2086 bonis

1113 2103 1221 2152 curator
1239 2099 1317 2152 datus
1335 2097 1470 2164 personali
1485 2095 1605 2164 fungitur
1620 2113 1737 2152 munere.
1764 2099 1805 2152 his
1820 2097 1917 2154 similes

1113 2172 1175 2220 sunt
1192 2167 1269 2222 bonis
1288 2165 1344 2220 dati
1360 2169 1504 2230 curatores,
1524 2179 1593 2232 quae
1610 2163 1719 2218 fuerunt
1736 2167 1801 2230 eius,
1821 2167 1866 2234 qui
1884 2169 1917 2222 ab

1112 2235 1233 2290 hostibus
1252 2239 1347 2302 captus
1365 2239 1405 2288 est
1423 2237 1450 2288 et
1467 2233 1563 2286 reverti
1581 2239 1717 2302 speratur:
1742 2233 1805 2286 item
1828 2241 1916 2290 eusto-

1112 2303 1212 2356 dieudis
1231 2305 1265 2356 ab
1283 2319 1314 2356 eo
1331 2301 1431 2356 relictis
1442 2301 1471 2366 ¹⁸,
1496 2301 1539 2356 cui
1561 2299 1674 2354 necdum
1692 2299 1830 2368 quisquam
1849 2303 1918 2366 civili

1112 2371 1153 2426 rel
1170 2371 1313 2426 honorario
1332 2371 1390 2426 iure
1408 2369 1545 2436 successit,
1565 2373 1701 2424 curatores
1719 2369 1865 2422 constituti.

1145 2437 1165 2496 2
1193 2441 1338 2494 narrares
1364 2439 1431 2494 libro
1454 2439 1596 2494 vicensimo
1616 2439 1707 2510 prime
1730 2437 1767 2492 ad
1789 2435 1917 2492 Sabinum

1112 2507 1189 2576 Quod
1203 2509 1237 2562 ad
1252 2509 1367 2562 honores
1382 2507 1503 2578 pertinet,
1520 2505 1636 2560 creditur
1649 2505 1677 2560 iu
1690 2509 1823 2574 potestate
1835 2505 1919 2560 filium

1111 2575 1209 2630 habere
1228 2577 1306 2632 otiam
1323 2577 1355 2642 is,
1376 2575 1465 2644 quiin
1482 2575 1566 2644 patris
1583 2579 1716 2644 potestate
1734 2579 1782 2626 est.

1145 2641 1196 2702 3¹⁹
1220 2643 1383 2698 lecelinae
1404 2643 1521 2698 secundo
1543 2643 1700 2714 opinionum
1738 2641 1776 2696 Et
1799 2641 1843 2710 qui
1866 2641 1917 2696 ori-

1110 2711 1197 2780 ginem
1215 2714 1249 2767 ab
1265 2713 1330 2768 urbe
1344 2713 1430 2768 Roma
1442 2713 1551 2778 habent,
1569 2711 1593 2766 si
1610 2711 1662 2766 elio
1680 2711 1739 2766 loco
1758 2709 1918 2764 domicilimn

1113 2785 1124 2834 1
1162 2779 1365 2848 constituerunt,
1382 2795 1493 2834 munera
1510 2779 1568 2852 eius
1582 2779 1713 2836 sustinere
1728 2779 1833 2834 debent.
1861 2779 1917 2846 His,

1111 2849 1156 2918 qui
1174 2849 1269 2902 eastris
1288 2863 1396 2920 operam
1412 2865 1461 2916 per
1476 2849 1595 2902 militiam
1613 2849 1692 2914 dent,
1711 2847 1842 2902 ιιιιιιιιιιιῖο
1859 2865 1917 2902 mu-

1111 2917 1225 2986 nicipale
1242 2935 1339 2972 munus
1355 2917 1455 2986 iniungi
1472 2921 1569 2998 potest.
1606 2917 1688 2970 ceteri
1709 2921 1797 2970 autem
1815 2915 1918 2986 privati,

1111 2985 1230 3054 quamvis
1247 2985 1359 3038 militum
1376 2989 1481 3052 cognate
1505 2989 1578 3050 sunt,
1602 2983 1705 3052 legibus
1727 2983 1830 3066 patriae
1855 3001 1918 3040 suae

1111 3061 1125 3106 ἰ
1160 3057 1187 3106 ιι
1212 3053 1363 3122 provincias
1386 3053 1511 3106 oboedire
1534 3051 1639 3106 debent.
1681 3053 1759 3106 Sim
1782 3051 1918 3108 metallum

1111 3121 1189 3174 datus
1211 3121 1240 3174 iu
1260 3121 1392 3188 integrum
1408 3121 1548 3174 restitutus
1566 3121 1612 3184 sit,
1637 3121 1747 3190 perinde
1769 3135 1801 3174 ac
1824 3121 1848 3176 si
1870 3137 1917 3176 uec

1112 3189 1251 3242 damnatus
1274 3187 1380 3250 fuisset,
1405 3175 1439 3242 ad
1461 3203 1573 3242 munera
1595 3189 1638 3242 vel
1660 3189 1776 3244 bonores
1793 3193 1918 3244 uocatur:

1109 3271 1161 3310 nec
1183 3259 1299 3322 opponet
1322 3255 1457 3310 fortunam
1484 3259 1512 3310 et
1538 3271 1616 3309 casus
1643 3255 1775 3310 tristiores
1799 3271 1862 3310 suos
1885 3255 1920 3310 ad

1109 3323 1161 3376 hoc
1179 3323 1279 3388 solum,
1301 3337 1336 3376 ne
1356 3323 1460 3390 patrias
1482 3321 1593 3378 idoneus
1619 3321 1683 3376 civis
1709 3337 1767 3376 esse
1788 3323 1918 3376 videatur.

1110 3395 1124 3444 3
1161 3389 1317 3458 corporalia
1342 3405 1452 3442 munera
1478 3389 1583 3444 feminis
1608 3389 1667 3458 ipse
1695 3405 1774 3446 sexus
1797 3391 1864 3444 dene
1898 3397 1918 3444 t.

1109 3463 1125 3510 ιι
1161 3457 1219 3526 Quo
1236 3457 1323 3514 minus
1340 3458 1455 3512 bonores
1473 3463 1521 3512 aut
1536 3473 1648 3512 munera
1664 3457 1838 3526 iniungantur
1855 3407 1919 3526 ebio,

1110 3525 1132 3580 si
1151 3525 1249 3578 nullam
1266 3525 1348 3580 habet
1365 3527 1574 3590 excusationem,
1597 3525 1761 3582 intercedere
1778 3531 1868 3596 pater,
1892 3527 1920 3580 in

1111 3599 1124 3646 t
1163 3593 1236 3648 cuius
1253 3597 1389 3664 potestate
1406 3599 1458 3660 est,
1481 3595 1524 3646 ius
1545 3611 1600 3648 non
1623 3595 1712 3650 hebet.
1749 3595 1826 3664 Quod
1843 3601 1920 3664 pater

1109 3677 1164 3714 non
1179 3661 1314 3716 consensit
1326 3661 1473 3718 bonoribus
1488 3661 1542 3716 sive
1556 3663 1708 3718 muneribus
1726 3661 1782 3728 filii,
1801 3679 1833 3716 ne
1848 3661 1914 3718 illius

1110 3729 1298 3798 patrimonium
1315 3729 1390 3784 oneri
1408 3729 1567 3796 subiciatur,
1592 3735 1711 3798 praestat
1729 3729 1915 3792 defensionem,

1110 3813 1165 3852 non
1182 3797 1264 3850 civem
1281 3797 1384 3866 patriae
1398 3797 1558 3852 utilitatibus
1573 3803 1704 3866 quatenus
1716 3803 1807 3868 potest
1821 3799 1918 3852 aufert.

1111 3871 1125 3918 t
1162 3865 1285 3932 Quamvis
1302 3865 1388 3918 maior
1405 3867 1481 3920 anuis
1498 3865 1666 3934 septuaginta
1681 3871 1708 3920 et
1724 3867 1839 3934 quinque
1854 3865 1920 3920 libe·

1109 3949 1201 3988 rorum
1223 3933 1395 3988 incolumium
1439 3939 1496 3988 ater
1523 3933 1559 3988 sit
1586 3933 1698 4004 ideoque
1726 3933 1920 3988 amoneribus

1111 4001 1231 4056 civilibus
1250 4005 1399 4064 excusetur,
1447 4001 1463 4014 '⁹
1481 4006 1571 4056 tamen
1589 4001 1645 4056 eius
1664 4017 1712 4056 suo
1727 4001 1833 4056 nomine
1849 4017 1919 4054 corn-

1109 4069 1229 4138 petentia
1245 4083 1356 4124 munera
1373 4069 1535 4138 adgnoscere
1553 4069 1663 4124 debent:
1688 4069 1748 4122 ideo
1772 4069 1840 4124 enim
1858 4085 1920 4148 pro·
1947 4109 1948 4112 ι

1110 4135 1198 4204 prium
1211 4137 1356 4204 praemium
1368 4135 1540 4192 immunitatis
1553 4143 1664 4206 propter
1679 4135 1748 4190 filios
1756 4139 1778 4168 ²¹
1796 4135 1919 4204 patribus

1112 4209 1125 4256 ι
1162 4203 1253 4258 datum
1275 4209 1329 4268 est,
1360 4204 1431 4274 quod
1459 4205 1500 4258 ilii
1526 4205 1661 4258 subibunt.
1697 4203 1815 4258 Vitricus
1838 4219 1920 4258 onera

1110 4287 1248 4326 munerum
1266 4273 1380 4328 civilium
1397 4273 1503 4328 nomine
1516 4273 1629 4342 privigni
1641 4273 1684 4328 sui
1697 4273 1769 4326 susci
1789 4287 1833 4326 ere
1847 4271 1920 4324 nulla

1112 4345 1125 4396 8
1160 4339 1227 4396 iuris
1255 4341 1357 4396 ratione
1382 4341 1492 4408 cogitur.
1533 4339 1636 4394 Liberti
1663 4289 1818 4394 muneribus
1844 4339 1920 4406 fungi

1111 4409 1209 4464 debent
1226 4409 1297 4478 apud
1316 4409 1441 4480 originem
1458 4415 1646 4478 patronorum,
1664 4409 1712 4464 sed
1729 4407 1752 4462 si
1770 4423 1819 4464 sua
1835 4407 1919 4478 patri·

1110 4477 1200 4534 monia
1217 4477 1347 4532 ΙιιιιιιιιΕΞ
1365 4477 1510 4534 suffectura
1527 4477 1667 4532 oneribus:
1686 4491 1729 4532 res
1745 4477 1814 4530 enim
1826 4479 1919 4546 patro-

1110 4563 1204 4602 norum
1226 4547 1380 4602 muneribus
1401 4541 1586 4600 libertinorum
1593 4547 1617 4578 ²³
1643 4545 1844 4600 subiecta'non
1869 4547 1918 4598 est.

1111 4621 1126 4668 9
1161 4615 1238 4682 Quod
1280 4621 1338 4668 ater
1359 4615 1388 4668 in
1410 4619 1488 4668 reatu
1512 4611 1628 4668 criminis
1649 4613 1762 4666 alicuius
1781 4617 1834 4678 est,
1858 4611 1917 4670 filiis

1113 4687 1144 4738 te
1178 4683 1275 4752 impe'
1304 4687 1365 4738 ento
1383 4681 1418 4736 ad
1435 4681 1550 4738 bonores
1568 4697 1626 4736 esse
1644 4679 1803 4748 nondebet.
1832 4679 1919 4734 Deca-

1110 4755 1203 4822 protos
1220 4751 1300 4804 etiam
1317 4751 1431 4806 minores
1450 4751 1526 4804 anuis
1543 4747 1635 4818 viginti
1649 4747 1766 4818 quinque
1778 4747 1848 4820 ¹fieri,
1865 4765 1918 4804 uon
1939 4789 1942 4798 .

1111 4819 1254 4874 militantes
1283 4825 1387 4884 tamen,
1412 4819 1515 4888 pridem
1538 4819 1651 4888 placuit,
1684 4819 1746 4886 quia
1768 4819 1917 4888 patrimonii

1112 4893 1142 4942 ιι
1178 4887 1261 4956 magis
1277 4903 1344 4942 onus
1358 4887 1541 4942 videturesse.
1568 4885 1745 4942 Ειιιιιίοιιιιιι
1758 4885 1919 4942 tributorum

1113 4961 1143 5008 12
1179 4971 1247 5010 onus
1273 4955 1425 5038 patrimonii
1451 4971 1510 5010 csse
1539 4957 1652 5008 constat.
1694 4953 1764 5008 Oura
1792 4955 1918 5010 frumenti

1112 5023 1286 5094 comparandi
1302 5035 1398 5080 munus
1415 5029 1471 5090 est,
1495 5029 1521 5078 et
1543 5023 1578 5078 ab
1601 5039 1634 5078 eo
1657 5027 1731 5080 aetas
1750 5023 1919 5096 septuaginta

1111 5109 1241 5148 annorum
1257 5093 1298 5148 vel
1314 5109 1439 5148 numerus
1457 5093 1572 5162 quinque
1589 5091 1759 5148 incolumium
1776 5093 1920 5148 liberorum

1114 5167 1146 5218 13
1180 5167 1299 5218 excusat.
1341 5161 1398 5218 Eos
1420 5161 1529 5226 milites,
1556 5149 1651 5230 quibus
1674 5161 1919 5232 supervenientibus

1111 5231 1229 5302 hospitia
1250 5229 1372 5300 praeberi
1394 5229 1422 5284 in
1445 5229 1551 5284 civitate
1572 5235 1691 5298 oportet,
1718 5245 1767 5302 per
1790 5229 1860 5304 vices
1884 5231 1918 5284 ab

1111 5401 1167 5468 lege
1176 5403 1296 5466 cuiusque
1305 5401 1414 5456 civitatis
1423 5401 1635 5454 eteonsnetudine
1644 5401 1720 5468 longa
1728 5401 1919 5468 intellegipote·

1112 5475 1173 5520 runt
1184 5491 1230 5522 scr.
1301 5475 1344 5536 (15)
1362 5471 1430 5534 quod
1441 5469 1551 5536 corporis
1562 5469 1672 5522 laborem
1683 5485 1740 5520 cum
1751 5469 1920 5520 sollicitudine

1112 5539 1192 5590 animi
1204 5553 1232 5588 ac
1241 5537 1374 5602 vigilantia
1381 5537 1533 5590 sollemniter
1541 5537 1777 5604 (principaliterffl)
1787 5537 1865 5602 exigit
1873 5557 1919 5590 scr.

1112 5607 1158 5670 (ιι)
1176 5607 1258 5656 ventri
1268 5607 1293 5656 F
1358 5607 1401 5670 (ιι)
1419 5605 1527 5658 absentis
1542 5611 1642 5660 curator
1655 5607 1728 5656 datus
1741 5605 1860 5658 similione
1874 5607 1917 5656 ins.

1113 5677 1158 5736 (ιι)
1176 5673 1351 5724 bonisins.F²
1392 5677 1437 5740 (te)
1454 5677 1623 5742 adrepto.
1633 5677 1674 5740 te,
1684 5683 1754 5740 t,1,³
1796 5673 1844 5738 (ιι)
1862 5689 1918 5740 ope-

1112 5755 1165 5790 ram
1174 5741 1242 5806 dant,
1252 5757 1297 5806 per
1306 5743 1422 5792 militiam
1430 5743 1530 5794 nullum
1538 5761 1585 5794 scr.
1628 5743 1672 5806 (ιι)
1690 5741 1918 5806 propteriilicsdel.

1112 5809 1161 5872 (ιι)
1178 5807 1333 5860 habeautF²
1404 5809 1665 5874 (ι3)1ἰιιιιιιιιιιιιι“ι’2
1711 5829 1715 5836 ¹
