4366 6258
258 377 385 424 1111111
1061 349 1126 420 335
1770 349 1877 414 XXVI
1899 357 1919 412 2

215 581 216 584 ,
258 545 334 610 patre
357 539 502 592 decessisse
526 543 552 592 et
575 543 699 606 nepotem
721 553 754 592 ex
778 551 809 592 eo
827 539 989 592 successisse
1005 535 1064 590 viro
1117 540 1206 588 mento
1217 535 1293 590 datas
1310 541 1413 590 tutores
1430 553 1551 592 nonesse
1570 535 1701 604 cogendos
1718 531 1848 586 satisdare
1865 547 1920 586 rem

260 621 315 662 svo.
341 605 480 658 1111111111
499 603 640 658 (1111111111
658 609 699 658 111
715 603 826 658 tutelam
849 619 953 672 quoque
977 605 1065 672 elcge
1116 603 1218 658 salvam
1234 601 1292 656 iore
1309 609 1381 656 certo
1400 607 1497 658 1111111
1516 611 1569 658 est:
1593 603 1641 658 sed
1656 599 1737 678 nihilo
1756 601 1842 652 minus
1861 615 1919 676 cum

259 673 351 728 Iunia¹
380 671 472 724 Vellea
503 671 719 724 confirmatum²=
751 687 813 724 nam
845 677 872 726 et
902 671 1065 738 Pomponius
1133 669 1175 722 uis
1193 667 1271 722 offert
1287 669 1493 734 satisdationem,
1508 667 1920 730 utsoluradmimstretaudren-

260 739 325 793 libro
344 743 418 792 sexto
437 739 537 790 decimo
557 753 588 790 ex
606 737 705 790 Sabino
729 739 837 806 scripsit
858 739 945 792 valere
970 737 1065 790 tutoris
1117 685 1165 790 dus
1184 739 1239 800 est,
1264 739 1293 788 ut
1308 735 1403 812 ‘edicto
1421 743 1536 790 11111111.
1564 737 1611 790 sed
1628 743 1701 790 recte
1717 739 1825 812 praetor
1842 733 1920 810 etiam

264 805 402 860 dationem.
434 821 494 858 cum
518 805 585 856 enim
609 805 794 858 confirmatum
818 805 854 860 sit
870 811 1063 868 testamentum,
1117 803 1211 856 ceteris
1235 801 1329 856 detulit
1351 803 1422 854 hanc
1447 803 1641 868 condicionem,
1665 805 1688 858 si
1711 809 1738 858 et
1767 801 1818 856 isi
1840 799 1922 854 rebat

261 877 449 940 consequenter
465 871 561 926 tutans
579 871 764 940 quoquedatio
782 871 881 926 vaiebit
896 873 965 926 ineo
983 877 1064 924 testa·
1115 871 1261 924 satisdare:
1290 885 1353 922 narn
1370 875 1396 922 et
1413 869 1454 922 si³
1469 869 1521 936 ipsi
1536 871 1624 940 parati
1641 879 1704 926 sunt
1712 817 1849 932 satisdare,
1867 883 1920 946 11111

260 945 345 994 mento
364 937 463 1006 scripta
480 937 552 1006 quod
568 939 646 1002 ualet,
664 939 692 992 id
710 943 750 992 est
767 939 813 992 ubi
830 955 913 1006 nepos
931 939 972 990 vel
988 937 1064 992 heres
1116 937 1214 992 debent
1232 937 1334 990 maledi
1352 937 1459 990 alterius
1478 935 1625 1002 ablatione,
1650 941 1696 994 sed
1718 941 1827 1008 impleta
1848 935 1920 990 ude-

260 1013 274 1062 3
307 1007 443 1060 institutus
466 1005 501 1058 sit
524 1007 566 1060 rel
587 1007 741 1060 nominatim
765 1005 942 1060 exheredatus
960 1005 1002 1058 sit.
1038 1005 1065 1058 Si
1115 1005 1177 1060 licet
1195 1005 1228 1058 ab
1247 1003 1368 1058 omnibus
1386 1003 1558 1058 satisdatione
1581 1021 1671 1060 ornnes
1694 1013 1798 1076 gerent,
1823 1011 1854 1060 ut
1877 1003 1921 1074 qui

259 1075 372 1128 iuriosus
398 1077 556 1126 testamento
587 1079 661 1128 tutor
687 1073 780 1136 datm,
809 1073 831 1124 si
857 1071 978 1140 quidem,
1005 1087 1065 1126 cum
1117 1079 1257 1126 contentus
1276 1076 1317 1126 est
1334 1071 1416 1138 magis
1434 1071 1499 1126 satis
1523 1071 1644 1138 accipere
1667 1091 1746 1144 quam
1763 1089 1861 1142 gerere,
1879 1087 1920 1126 se-

259 1141 345 1196 furere
369 1139 487 1204 desierit,
512 1145 626 1194 tutorem
650 1155 709 1192 esse
731 1143 805 1192 recte
827 1137 919 1192 datum
935 1139 1064 1192 Proculus
1118 1144 1129 1193 1
1168 1155 1247 1194 curus
1266 1145 1342 1192 esset.
1377 1139 1439 1192 Non
1457 1139 1604 1192 omnimodo
1628 1147 1718 1194 autem
1741 1143 1764 1196 is
1781 1141 1826 1210 qui
1843 1141 1920 1196 satis·

260 1207 402 1262 existimat:
433 1207 505 1276 quod
528 1207 552 1260 si
574 1205 652 1260 datus
676 1207 711 1260 sit
732 1221 815 1274 pure,
839 1211 919 1274 negat
935 1207 1064 1258 Proculus
1116 1207 1161 1260 det
1178 1207 1365 1274 praeferendus
1384 1211 1438 1260 est:
1462 1205 1526 1324 (bum
1543 1205 1611 1258 enim
1628 1207 1652 1258 si
1669 1213 1922 1278 suspectapersona

260 1275 345 1330 calere
362 1273 504 1326 dationem.
529 1273 575 1328 sed
592 1279 633 1328 est
649 1273 750 1336 verius,
770 1273 842 1342 quod
859 1279 886 1326 et
902 1273 1063 1342 Pomponius
1116 1275 1151 1328 sit
1168 1275 1209 1328 vel
1226 1273 1319 1342 turpis,
1347 1273 1390 1328 eni
1415 1277 1499 1326 tutea
1526 1273 1653 1326 committi
1678 1291 1727 1330 nec
1754 1291 1814 1330 cum
1840 1277 1919 1330 satis-

260 1343 307 1406 ait,
331 1345 403 1394 recte
425 1341 508 1394 rideri
531 1341 622 1394 datum
646 1347 673 1396 et
698 1345 763 1394 tunc
787 1339 846 1396 iore
862 1345 985 1404 tutorem,
1004 1357 1065 1394 cum
1116 1341 1224 1396 datione
1247 1341 1361 1396 debeat?
1393 1341 1434 1394 sel
1457 1339 1520 1408 quid
1544 1341 1567 1394 si
1589 1339 1641 1392 iam
1664 1345 1749 1396 multa
1770 1343 1871 1412 flagitia
1893 1345 1921 1396 in

259 1413 275 1462 4
308 1423 400 1474 sapere
426 1409 551 1476 coeperit.
595 1407 690 1462 Servus
718 1409 819 1462 alienus
845 1409 884 1462 ita
909 1407 967 1460 dari
991 1413 1065 1462 tutor
1115 1409 1200 1462 tutela
1217 1409 1339 1462 admisit?
1356 1423 1444 1462 nonne
1457 1407 1539 1476 magis
1557 1407 1649 1474 repelli
1672 1415 1698 1462 et
1713 1411 1777 1462 reici
1795 1427 1812 1464 a
1829 1411 1920 1474 tutela,

259 1479 345 1546 potest
371 1475 402 1528 ‘si
426 1475 494 1528 liber
520 1477 583 1540 erit,
610 1481 684 1528 tutor
709 1475 783 1528 estol
815 1477 879 1544 quin
901 1475 979 1528 immo
999 1481 1025 1528 et
1043 1477 1065 1528 si
1116 1491 1196 1546 quam
1214 1475 1284 1532 solus
1303 1477 1487 1530 administrare
1505 1477 1618 1530 debeat?
1636 1491 1685 1530 nec
1701 1477 1765 1528 satis
1782 1493 1836 1532 non
1855 1477 1920 1530 dan·

259 1557 323 1662 plcre
348 1541 426 1596 datus
452 1543 499 1606 sit,
522 1541 624 1596 uidetur
646 1543 733 1596 inesse
755 1541 823 1596 haec
847 1541 966 1596 condicio
995 1547 1064 1596 ‘curn
1115 1549 1156 1598 tes
1173 1549 1272 1600 11111111
1288 1543 1465 1612 repelluntur,
1484 1543 1546 1622 quia
1563 1543 1715 1612 plerumque
1732 1543 1798 1596 bene
1814 1543 1922 1612 probati

260 1611 332 1662 ‘'ber
350 1609 414 1662 erit’.
439 1615 528 1678 potest
545 1615 633 1664 autem
649 1609 708 1678 quis
731 1615 758 1662 et
776 1615 902 1664 exbaneo
926 1609 1063 1664 11111111-
1116 1615 1143 1664 et
1166 1611 1254 1666 idonei
1277 1617 1304 1664 11
1322 1611 1374 1666 ue4
1397 1611 1503 1666 honesti
1523 1617 1641 1672 tutores,
1665 1609 1767 1664 etiamsi
1784 1613 1849 1666 satis
1867 1627 1920 1666 non

258 1675 364 1732 tendere
382 1691 414 1730 ex
431 1677 482 1732 hac
501 1693 583 1732 carisa
606 1675 878 1730 fideicommissariam
900 1677 1062 1732 libertatem:
1116 1679 1186 1742 dent,
1205 1695 1260 1732 non
1277 1627 1373 1732 debent
1389 1679 1462 1732 reici:
1492 1677 1554 1746 quin
1571 1677 1649 1730 immo
1667 1693 1716 1730 nec
1734 1675 1842 1730 iubendi
1859 1683 1922 1732 sunt

259 1743 320 1814 quid
338 1743 406 1796 enim
422 1745 540 1808 interest,
551 1759 628 1796 suum
644 1759 748 1798 serrum
766 1759 802 1798 an
818 1747 933 1798 alienum
950 1749 1065 1798 tutorem
1116 1749 1131 1798 2
1168 1747 1304 1798 satisdare.
1332 1747 1439 1816 Duplex
1454 1747 1534 1814 igitru
1552 1759 1649 1798 causae
1667 1743 1779 1810 cognitio
1799 1749 1920 1808 estune

260 1811 407 1878 scripserit,
432 1827 492 1864 cum
515 1811 609 1880 pupilli
632 1811 723 1866 facore
746 1815 773 1864 et
796 1813 919 1880 publicae
943 1813 1064 1866 utilitatis
1116 1829 1149 1866 ex
1166 1827 1279 1932 Earsona
1297 1813 1352 1866 eius
1371 1813 1416 1882 qui
1434 1813 1560 1880 optulerit
1576 1811 1788 1876 satisdationem,
1814 1813 1872 1880 quis
1896 1819 1923 1866 et

259 1879 398 1946 adsumpta
422 1879 531 1932 libertas
557 1879 591 1930 sit
616 1879 645 1932 in
670 1893 785 1946 persona
811 1879 883 1942 eius,
916 1879 962 1948 qui
992 1885 1065 1932 tutor
1116 1879 1202 1948 qua's
1221 1885 1269 1944 est,
1287 1879 1339 1932 1111
1357 1885 1539 1944 cantatorum,
1565 1879 1655 1948 quales
1678 1883 1754 1942 sunt,
1772 1895 1836 1932 num
1852 1879 1922 1934 forte

260 1945 370 2014 scriptus
389 1947 448 2000 est?
470 1951 560 2014 potest
581 1945 661 2014 igitur
685 1951 712 2000 et
734 1947 797 2000 huic
821 1945 1065 2000 fideicommissariis
1116 1945 1173 2000 eius
1191 1947 1391 2002 existimationis
1414 1947 1456 2000 vel
1477 1947 1533 2000 eius
1556 1945 1703 2000 honestatis
1727 1951 1802 2012 sunt,
1820 1951 1922 2002 utnon

259 2013 363 2068 libertas
382 2013 500 2078 delendi,
525 2013 548 2068 si
569 2013 691 2068 voluntas
715 2013 880 2082 apertissime
902 2027 957 2066 non
980 2011 1064 2066 retra·
1116 2013 1232 2068 debeant
1247 2015 1318 2068 banc
1337 2015 1521 2068 contumeliam
1538 2013 1719 2068 satisdationis
1738 2013 1836 2068 subire.

258 2085 339 2150 getur.
1150 2077 1191 2138 Ι18
1221 2079 1432 2136 Cannrsrrmros
1462 2083 1530 2136 libro
1562 2083 1638 2134 tertio
1671 2081 1755 2136 edicti
1785 2083 1923 2136 mortitcrie'

294 2145 327 2202 11
349 2147 795 2218 111111111111191111111111111
819 2145 1002 2202 oclSubinum
1037 2147 1065 2200 81
1116 2147 1194 2214 Quod
1220 2149 1242 2202 si
1286 2149 1356 2202 lares
1383 2149 1513 2204 satisdare
1538 2149 1626 2218 parati
1650 2149 1711 2212 sint,
1736 2155 1800 2202 tunc
1817 2147 1922 2202 idonior

213 2249 214 2254 κ
259 2215 314 2284 quis
333 2215 382 2268 sub
401 2215 556 2268 condicione
573 2215 615 2268 vel
632 2229 665 2266 ex
683 2215 724 2268 die
734 2221 848 2270 tutorem
858 2213 968 2278 dederit,
977 2215 1063 2268 medio
1134 2215 1256 2270 11111111
1275 2233 1305 2270 11
1324 2215 1381 2280 erit,
1400 2221 1431 2270 ut
1448 2221 1474 2270 et
1490 2221 1608 2270 tutorum
1616 2231 1747 2284 personae
1763 2215 1832 2268 inter
1849 2231 1878 2270 se
1894 2221 1923 2268 et

258 2289 373 2350 tempore
398 2281 465 2336 abus
488 2287 563 2336 tutor
585 2281 688 2336 dandus
712 2289 760 2348 est,
785 2281 904 2350 quamuis
921 2281 1064 2350 legitimum
1115 2233 1301 2338 ddeiussorum
1319 2287 1512 2352 comparentur.

258 2353 371 2404 tutorem
387 2349 504 2416 pupillus
521 2351 633 2404 babeatr
658 2349 796 2404 sciendum
818 2357 860 2404 est
877 2349 954 2414 enim,
973 2365 1063 2416 quam·
1153 2347 1191 2408 19
1214 2349 1446 2408 1111111111
1470 2351 1605 2422 trigasino
1631 2353 1725 2420 quinto
1748 2349 1784 2404 acl
1807 2347 1920 2404 edietum

258 2417 301 2470 diu
319 2417 518 2470 testamentaria
535 2417 617 2470 tutela
635 2421 772 2484 speratur,
790 2417 933 2484 legitimam
950 2431 1062 2470 cessare.
1116 2415 1145 2470 81
1162 2433 1239 2472 nemo
1256 2423 1374 2472 tutorum
1390 2425 1518 2488 provocet
1535 2419 1570 2470 ad
1586 2419 1793 2482 satisdationem,
1811 2417 1858 2470 sed
1876 2431 1920 2470 ex·

260 2489 271 2538 l
305 2483 343 2536 Et
368 2485 390 2538 si
415 2485 496 2538 semel
522 2485 557 2536 ad
581 2485 810 2538 testamentarium
836 2485 960 2538 devoluta
984 2483 1065 2538 fuerit
1116 2485 1194 2540 sistat
1211 2485 1318 2554 quidam
1341 2487 1386 2554 qrri
1410 2491 1483 2540 tutor
1506 2501 1561 2538 non
1579 2491 1618 2540 est
1635 2485 1873 2554 desideraretquei,
1892 2489 1922 2536 ut

257 2551 346 2614 tutela,
365 2551 458 2606 deinde
476 2557 619 2606 excusatus
637 2551 672 2606 sit
688 2557 762 2606 tutor
775 2551 998 2616 testamentarius,
1016 2551 1063 2606 ad·
1116 2557 1164 2606 aut
1187 2551 1316 2608 satisdent
1337 2559 1440 2608 tutores
1463 2557 1523 2618 aut,
1547 2553 1570 2606 si
1592 2569 1646 2608 non
1669 2553 1740 2618 dent,
1758 2557 1852 2620 parato
1871 2551 1921 2606 sibi

257 2621 308 2674 hac
326 2619 436 2674 dicimus
454 2619 588 2672 inlocum
605 2619 726 2674 1111111111
743 2619 867 2684 dandum,
878 2635 932 2672 non
949 2619 984 2674 ad
1000 2619 1063 2688 legi·
1116 2619 1247 2674 satisdare
1272 2621 1437 2676 committant
1462 2621 1587 2684 tutelam,
1612 2637 1665 2674 noa
1693 2625 1733 2674 est
1759 2619 1919 2674 audiendus:

257 2689 271 2740 2
305 2687 398 2740 timum
415 2691 529 2740 tutorem
547 2687 633 2742 redire
649 2691 768 2740 tutelam.
803 2687 877 2740 Idem
902 2687 1013 2740 dicimus
1038 2693 1065 2740 et
1115 2701 1202 2756 neque
1220 2689 1287 2742 enirn
1304 2695 1352 2742 aut
1370 2695 1464 2744 extero
1478 2689 1664 2742 committenda
1686 2689 1770 2742 tutela
1795 2693 1849 2752 est,
1874 2693 1922 2740 aut

257 2753 375 2808 siluerit
392 2759 524 2808 remotus:
548 2771 609 2808 nam
627 2761 654 2810 et
669 2755 714 2810 hic
731 2755 830 2810 idcirco
854 2755 924 2820 abit,
948 2761 979 2808 ut
996 2755 1063 2808 alius
1115 2761 1274 2810 testamento
1292 2753 1348 2810 dati
1369 2761 1470 2810 tutores
1489 2761 1581 2810 111111
1605 2757 1647 2810 111
1664 2755 1830 2810 satisdationi
1847 2755 1920 2808 subi-

257 2827 272 2876 3
306 2821 390 2876 detur.
426 2821 543 2890 Quodsi
566 2827 639 2878 tutor
661 2827 819 2878 testamento
845 2821 925 2876 datus
943 2821 1062 2878 decesse-
1118 2827 1129 2876 1
1167 2821 1253 2878 ciendi
1270 2829 1338 2876 sunt.
1372 2823 1431 2878 Hoc
1449 2823 1565 2878 edictum
1582 2825 1614 2878 de
1631 2823 1803 2878 satisdatione
1825 2821 1860 2876 ad
1877 2827 1920 2876 tn·

256 2889 297 2954 rit,
315 2889 350 2944 ad
366 2891 508 2958 legitimum
525 2889 609 2944 tutela
626 2891 708 2956 redit,
733 2891 795 2960 quia
812 2889 856 2944 bic
874 2895 982 2944 senatus
1001 2905 1062 2944 con·
1115 2895 1187 2944 tores
1213 2891 1425 2944 testamentarius
1450 2893 1578 2958 pertinet:
1613 2891 1659 2944 sed
1683 2899 1709 2944 11
1732 2891 1755 2944 11
1778 2889 1920 2958 11111111-

257 2963 271 3010 1
305 2957 405 3010 sultum
422 2965 518 3012 cessat.
553 2957 1063 3026 111111111111111111111111111111-
1115 2957 1212 3012 sitione
1237 2957 1293 3010 dati
1318 2959 1371 3012 sint
1395 2963 1512 3022 11111111,
1538 2959 1681 3012 Marcellus
1707 2959 1746 3012 ait
1771 2963 1797 3010 et
1819 2957 1854 3010 ad
1871 2959 1920 3012 bos

256 3033 324 3078 tores
342 3025 549 3090 testamentarii,
572 3027 710 3080 inlocum
735 3025 805 3090 eius,
830 3025 876 3094 qui
893 3025 1007 3080 decessit
1023 3025 1064 3080 vel
1115 3025 1248 3144 Pertinere
1264 3025 1316 3078 hoc
1334 3025 1447 3078 edictum
1472 3031 1499 3078 et
1520 3025 1548 3078 id
1565 3025 1685 3080 oratione
1708 3027 1785 3078 etiam
1803 3025 1920 3078 divorum

255 3093 282 3146 in
300 3091 406 3146 civitate
423 3109 481 3146 esse
499 3093 584 3156 desiit,
602 3093 702 3160 poterit
719 3091 776 3146 dari
801 3093 882 3146 alius:
908 3097 1024 3146 ceterum
1042 3093 1065 3146 si
1126 3097 1229 3146 ratium
1260 3091 1410 3160 significari.
1442 3091 1554 3160 ideoque
1586 3097 1613 3146 et
1636 3093 1674 3144 illi
1700 3092 1833 3148 clausulae
1859 3097 1922 3146 sunt

256 3159 343 3214 nullus
369 3159 485 3228 supersit
510 3161 552 3214 rel
576 3161 603 3214 ia
630 3159 736 3214 civitate
762 3159 813 3226 sit,
839 3159 954 3226 legitima
980 3159 1064 3214 tutela
1115 3157 1236 3224 subiecti,
1253 3163 1291 3222 ut,
1310 3159 1333 3212 si
1350 3159 1393 3214 cui
1409 3159 1494 3212 maior
1516 3175 1579 3226 pars
1601 3163 1719 3214 tutorum
1743 3159 1881 3222 decernat,
1898 3159 1923 3214 11

256 3227 381 3280 succedit.
1018 3263 1019 3266 ,
1058 3271 1060 3274 .
1114 3231 1189 3294 gerat
1207 3241 1284 3294 quem
1301 3227 1385 3280 maior
1401 3241 1464 3294 pars
1483 3227 1576 3294 eligat,
1600 3227 1717 3294 quamvis
1741 3225 1822 3280 verba
1838 3225 1920 3282 edicti

291 3291 329 3350 12
347 3295 427 3348 lanu
441 3295 508 3350 libro
527 3295 662 3366 inc'qesirno
681 3301 774 3348 oetaeo
791 3293 828 3346 nd
845 3291 975 3348 Sabinum
1001 3295 1062 3348 Cer·
1115 3297 1131 3346 1
1167 3295 1201 3346 ad
1218 3293 1431 3364 testamentarios
1448 3295 1606 3360 pertineant.
1647 3293 1816 3348 Testamenta
1842 3293 1920 3348 datus

255 3367 342 3414 tarum
359 3377 447 3416 rerum
464 3361 504 3416 vel
520 3367 830 3416 causarumtestamento
845 3367 919 3416 tutor
936 3361 993 3416 dari
1009 3379 1064 3418 non
1115 3367 1239 3430 postumo
1265 3367 1338 3414 tutor
1362 3361 1480 3414 norrdum
1508 3365 1548 3414 est
1580 3365 1669 3426 tutor,
1702 3361 1753 3412 nisi
1782 3365 1920 3430 postumus

256 3435 342 3500 potest
359 3445 408 3484 nec
425 3429 545 3484 deductis
563 3431 642 3484 rebus
1033 3473 1034 3476 ,
1116 3427 1224 3482 edatur:
1244 3427 1322 3482 datur
1338 3435 1427 3482 tamen
1446 3427 1572 3484 adversus
1589 3445 1649 3484 eum
1666 3427 1809 3484 substituto
1826 3427 1920 3498 pupilli

291 3493 605 3554 reconpensante
629 3497 743 3578 septimo
761 3495 864 3550 decimo
881 3495 918 3550 oct
934 3495 1063 3552 Sabinum
1115 3497 1281 3564 negotiorum
1306 3501 1440 3564 gestorum
1466 3495 1562 3550 111111.
1597 3495 1690 3550 11111
1715 3501 1808 3564 partus
1834 3497 1920 3550 editus

257 3565 321 3618 1111
339 3565 417 3618 datus
434 3563 523 3630 fuerit,
540 3569 597 3618 tata
615 3565 688 3618 datio
706 3563 771 3618 nibil
787 3563 895 3628 valebit,
1114 3563 1202 3628 fuerit,
1221 3563 1314 3618 deinde
1332 3565 1465 3642 bictutor,
1483 3563 1636 3642 priusquam
1649 3563 1794 3684 guicquam
1809 3571 1920 3634 gereret,

291 3631 330 3688 14
347 3631 525 3686 tirrannus
548 3633 616 3688 libro
634 3631 752 3688 secundo
770 3631 967 3686 institutionum
1002 3633 1065 3700 quia
1115 3635 1232 3686 remotus
1250 3647 1266 3684 a
1283 3631 1367 3686 tutela
1389 3631 1482 3696 luent,
1508 3637 1533 3686 et
1556 3633 1599 3686 bre
1616 3647 1647 3686 ea
1667 3647 1708 3686 em
1726 3633 1830 3688 actione
1847 3639 1920 3688 tene·

257 3715 393 3770 personae,
411 3715 465 3754 non
481 3701 519 3754 rei
536 3701 577 3754 rel
594 3715 693 3754 causae
710 3699 795 3754 datur.
1114 3699 1194 3754 bitum
1226 3699 1249 3754 si
1272 3699 1335 3768 quid
1359 3699 1440 3768 plane
1465 3697 1546 3766 gessit
1562 3703 1624 3768 post
1640 3699 1737 3754 editum
1755 3705 1870 3768 partum,
1889 3699 1921 3754 de

291 3767 328 3826 15
352 3767 498 3822 duarenus
521 3769 588 3822 libro
614 3769 750 3838 trc'pccirno
767 3771 863 3822 octavo
881 3767 918 3820 ac
934 3765 1064 3824 Sabinum
1115 3781 1146 3820 eo
1165 3781 1278 3846 quoque,
1296 3767 1366 3838 quod
1384 3773 1446 3820 ante
1457 3767 1545 3834 gessit,
1558 3767 1657 3820 tutelae
1673 3767 1770 3820 iudicio
1788 3767 1921 3824 tenebitur

257 3835 284 3888 Si
300 3843 390 3890 tamen
406 3841 480 3890 tutor
497 3835 575 3890 detur
591 3837 630 3888 rei
643 3835 788 3890 Africanae
804 3835 846 3888 uel
863 3835 902 3890 rei
911 3835 1062 3906 Syriaticae,
1116 3839 1143 3888 et
1160 3849 1245 3888 omnis
1263 3835 1456 3888 administratio
1473 3837 1501 3888 in
1518 3835 1569 3888 bac
1587 3835 1692 3890 actione
1708 3835 1801 3890 veniet.

257 3903 326 3958 utilis
345 3901 488 3976 datioest:
514 3903 566 3958 boc
584 3905 653 3958 enim
669 3905 727 3958 iure
744 3903 852 3958 utimur.
1149 3899 1188 3958 20
1208 3901 1326 3958 Paucos
1355 3901 1422 3958 libro
1454 3903 1588 3976 trigesimo
1620 3907 1713 3958 octavo
1745 3905 1782 3958 ccl
1806 3903 1920 3958 edictum

291 3969 428 4030 1611111
449 3973 516 4026 libro
544 3973 680 4042 trigesimo
707 3987 777 4024 nono
804 3971 842 4024 ad
866 3969 995 4026 Sabinum
1037 3969 1065 4024 Si
1118 3973 1129 4022 1
1166 3969 1251 4024 Tutor
1281 3971 1398 4024 incertus
1430 3969 1488 4024 dari
1518 3985 1572 4024 non
1621 3975 1698 4024 otest.
1751 3971 1920 4028 Testamenta

257 4039 313 4160 guis
335 4039 374 4092 ita
392 4039 494 4094 dederit
517 4039 584 4092 ‘filiis
607 4039 672 4094 meis
695 4045 810 4092 tutorem
834 4039 886 4102 do',
904 4039 932 4092 in
950 4055 982 4094 ea
1000 4053 1063 4092 con·
1115 4039 1258 4116 quemlibet
1283 4053 1423 4108 possumus
1450 4043 1565 4092 tutorem
1608 4055 1668 4104 are,
1691 4039 1746 4094 sive
1767 4039 1789 4094 is
1813 4047 1921 4108 praetor

274 4107 358 4162 icione
376 4111 423 4172 est,
443 4113 473 4161 ιι1
489 4111 545 4160 tam
567 4107 627 4162 tiliis
651 4123 730 4174 quam
746 4105 852 4162 filiabus
872 4105 975 4162 dedisse
992 4106 1063 4160 vide-
1115 4119 1168 4160 sive
1187 4105 1280 4162 consul
1296 4105 1338 4172 111,
1358 4105 1419 4175 quia
1436 4105 1480 4160 lex
1497 4105 1635 4162 duodecim
1652 4107 1803 4162 tabularum
1818 4107 1920 4164 ideon-

257 4181 328 4228 atur:
353 4173 468 4228 filiorum
486 4175 556 4228 enim
579 4175 757 4244 appellatione
780 4181 807 4228 et
830 4173 903 4228 filiae
926 4173 1063 4230 continen-
1114 4173 1210 4228 firmat.

260 4247 270 4294 1
305 4247 355 4296 tur.
392 4241 420 4296 Si
439 4243 498 4312 quis
515 4243 569 4296 fillo
586 4249 701 4296 tutorem
719 4243 822 4296 dederit
845 4247 872 4294 et
887 4243 978 4312 plures
994 4239 1063 4296 filios
1150 4237 1187 4298 21
1208 4241 1288 4296 Ioum
1303 4243 1370 4298 libro
1388 4247 1480 4298 octavo
1499 4243 1623 4298 1111111111.
1659 4243 1830 4296 Testamenta
1847 4247 1920 4298 tuto·
1960 4309 1962 4314 ι

257 4309 359 4374 lrabeat,
378 4325 413 4362 an
430 4309 552 4364 omnibus
564 4309 625 4364 tiliis
635 4309 738 4364 dedisse
754 4309 894 4364 videatur?
918 4315 945 4364 et
962 4309 995 4364 de
1011 4309 1063 4366 boe
1114 4323 1157 4362 res
1173 4309 1203 4364 hi
1220 4309 1278 4364 dari
1295 4315 1416 4378 possunt,
1434 4327 1494 4366 cnm
1511 4311 1605 4382 quibus
1620 4311 1770 4366 testamenti
1778 4309 1860 4364 factio
1870 4315 1919 4362 est.

257 4375 417 4444 Pomponius
427 4377 546 4430 dubitat:
564 4377 646 4446 magis
664 4381 754 4432 autem
765 4383 814 4442 est,
829 4381 861 4432 ut
878 4375 1000 4432 omnibus
1019 4377 1063 4432 de·
1149 4373 1188 4432 22
1212 4377 1357 4434 Uarianos
1371 4379 1439 4432 libro
1457 4381 1563 4450 quadro
1582 4381 1662 4432 coiaco
1680 4381 1773 4448 quinto
1796 4377 1835 4432 ccl
1850 4375 1920 4430 edic-

257 4447 272 4496 1
305 4445 376 4498 disse
392 4445 521 4500 rideatur.
557 4445 585 4498 Si
602 4447 660 4514 quis
677 4445 767 4500 liberis
784 4449 886 4500 tutores
905 4445 1007 4500 dederit
1022 4447 1064 4498 vel
1115 4449 1170 4500 tnnc
1196 4445 1225 4498 Si
1242 4447 1300 4514 quis
1315 4451 1430 4500 tutorem
1439 4447 1540 4502 dederit
1586 4447 1610 4502 'o
1628 4463 1675 4502 suo
1694 4447 1823 4510 servuml,
1841 4459 1920 4512 quem

257 4509 315 4564 filiis
334 4517 360 4566 et
376 4513 476 4568 babeat
493 4511 621 4582 quosdam
638 4529 655 4566 a
675 4511 711 4566 ud
728 4515 828 4578 hostes,
838 4513 918 4568 etiam
935 4513 1001 4582 ipsis
1018 4513 1062 4568 de·
1133 4513 1228 4568 1111111
1249 4513 1362 4570 liberum
1385 4531 1458 4580 esse,
1485 4531 1545 4570 cum
1569 4521 1638 4570 esset
1661 4529 1765 4576 servus,
1788 4513 1811 4564 is
1834 4525 1920 4578 neque

259 4579 326 4634 disse
342 4579 487 4644 ridebitur,
513 4581 536 4634 11
558 4596 612 4633 non
635 4529 708 4634 adud
725 4585 818 4648 aperte
834 4581 965 4650 probetur
981 4585 1062 4634 testa·
1113 4529 1180 4634 bber
1197 4597 1284 4650 aeque
1300 4587 1374 4636 tutor
1393 4583 1449 4636 erit.

258 4651 373 4702 ttorern
386 4649 509 4702 sensisse.
529 4647 558 4702 81
572 4647 630 4716 quis
644 4663 704 4702 cum
720 4649 855 4716 ignoraret
871 4663 900 4704 se
917 4647 1001 4702 filium
1018 4649 1062 4716 Ti-
1149 4645 1793 4718 231111111111111111111111111111111
1836 4645 1920 4700 Tutor

258 4713 320 4768 tium
337 4715 450 4780 habere,
474 4715 535 4768 liliis
559 4719 660 4768 tutores
684 4713 799 4780 dederit,
822 4721 912 4768 utrum
935 4717 977 4768 bis
1000 4717 1062 4770 solis
1113 4717 1152 4768 ita
1169 4721 1242 4770 recte
1267 4733 1320 4772 non
1346 4717 1437 4772 dabir:
1471 4717 1518 4770 ‘illi
1550 4723 1597 4770 aut
1627 4715 1665 4768 illi
1690 4713 1750 4766 filiis
1775 4713 1848 4778 meis,
1866 4713 1920 4768 utri

258 4781 359 4836 dedisse
381 4783 516 4846 videatur,
540 4799 606 4852 quos
629 4783 657 4836 in
698 4787 813 4838 otestate
836 4783 888 4836 scit
904 4797 939 4836 an
957 4783 982 4836 ei
998 4799 1062 4852 quo·
1115 4787 1216 4838 ‘eorum
1232 4785 1308 4850 volet,
1328 4785 1413 4840 Titius
1431 4791 1505 4840 tutor
1522 4785 1602 4852 esto’3
1626 4781 1689 4850 quid
1708 4781 1776 4834 enim
1794 4781 1919 4846 dicemus,

258 4865 321 4928 que,
345 4867 423 4918 quem
446 4849 577 4930 ignoravit
599 4867 629 4904 se
651 4799 768 4930 baberet
797 4853 825 4904 et
848 4867 891 4904 ma
911 4849 931 4930 's
962 4855 1015 4916 est,
1033 4855 1064 4904 ut
1115 4851 1241 4906 siTitius
1269 4853 1428 4906 constituere
1453 4851 1533 4912 nolit,
1561 4851 1614 4902 utri
1637 4865 1670 4902 ex
1694 4849 1755 4902 filiis
1772 4855 1845 4930 tutor
1862 4865 1920 4906 esse

257 4915 316 4970 burc
335 4917 436 4972 dedisse
452 4933 507 4972 non
524 4917 657 4984 vndeatur,
680 4919 744 4972 beet
765 4933 864 4984 nomen
923 4933 999 4972 orum
1016 4917 1063 4972 ad·
1117 4923 1128 4972 1
1164 4919 1245 4972 uelit?
1279 4921 1320 4972 Ita
1343 4927 1431 4974 autem
1454 4925 1527 4972 recte
1549 4921 1623 4970 tutor
1640 4915 1759 4970 dabitur:
1784 4917 1879 4972 ‘Titius
1897 4919 1920 4972 si

257 4983 333 5038 mittit
350 4993 378 5038 11
394 4987 493 5056 ipsum:
519 4985 567 5042 sed
584 4987 645 5056 quia
663 4987 696 5042 de
712 4985 771 5054 ipso
790 5001 846 5040 non
863 4985 1005 5050 sensisset,
1024 4987 1061 5040 di·
1115 4987 1248 5042 ‘volatilli
1264 4987 1317 5044 tilio
1335 5005 1393 5042 mea
1412 4993 1484 5042 tutor
1502 4985 1575 5038 esto'.

258 5053 368 5106 cendum
399 5059 440 5110 est
470 5069 576 5110 cessare
608 5053 637 5108 in
671 5069 813 5122 personam
839 5053 897 5108 eius
922 5053 1062 5108 dationem.
1148 5051 1189 5112 24
1207 5055 1375 5110 lateranus
1396 5055 1463 5110 libro
1487 5053 1579 5124 quinto
1603 5069 1640 5108 ccc
1659 5053 1750 5110 Cossio
1784 5053 1813 5110 Si
1829 5055 1920 5126 plures

257 5125 273 5172 4
305 5121 419 5176 Proinde
443 5125 469 5176 et
491 5123 515 5176 si
537 5127 625 5176 certus
650 5123 702 5176 fuit
725 5121 810 5176 filium
833 5119 995 5186 decessisse,
1018 5123 1064 5190 qui
1114 5129 1215 5178 tutores
1234 5125 1294 5190 sint,
1312 5139 1329 5176 a
1345 5127 1469 5192 praetore
1492 5125 1641 5176 curatorem
1664 5125 1740 5190 posci
1761 5123 1814 5178 litis
1838 5139 1920 5178 causa

257 5197 405 5256 supererat,
428 5189 498 5242 idem
521 5191 571 5244 erit
587 5189 740 5244 dicendum:
764 5205 816 5244 nec
833 5191 903 5244 enim
918 5187 1023 5242 ridetur
1041 5191 1064 5244 ei
1115 5207 1309 5260 supervacuum
1327 5197 1374 5254 est,
1393 5191 1455 5258 quia
1471 5189 1554 5242 altero
1573 5193 1680 5244 auctore
1698 5207 1759 5246 cum
1775 5191 1860 5246 altero
1877 5191 1920 5260 agl

257 5259 271 5308 5
306 5257 417 5322 dedisse,
434 5275 513 5326 quem
530 5257 618 5312 obisse
636 5257 768 5312 credebat.
813 5257 843 5312 81
864 5257 994 5326 postumia
1018 5257 1063 5312 de·
1114 5263 1211 5328 potest.

257 5323 323 5376 derit
341 5331 442 5380 tutores
459 5325 539 5392 bique
555 5325 613 5380 sivo
632 5331 792 5392 nascantur,
816 5341 852 5380 aa
869 5323 940 5378 datio
958 5323 1064 5380 valcat?
1148 5323 1188 5382 25
1207 5323 1397 5378 Moansrrncs
1417 5323 1483 5378 libro
1501 5329 1599 5392 quarto
1611 5327 1809 5398 pandectarum
1844 5327 1919 5380 Duo-

258 5395 283 5444 et
299 5395 381 5460 magis
400 5397 448 5458 est,
473 5399 505 5446 ut
530 5393 602 5448 utilis
629 5393 701 5446 datio
727 5393 775 5448 fiat
802 5393 881 5446 etiam
906 5393 929 5446 si
950 5391 1008 5446 uico
1032 5407 1062 5446 eo
1113 5395 1165 5446 bus
1182 5391 1288 5460 pupillis
1306 5395 1380 5446 tutor
1397 5391 1474 5446 datus
1492 5393 1542 5446 etsi
1559 5393 1667 5448 alterius
1691 5393 1774 5446 tutela
1791 5409 1821 5448 11
1838 5409 1918 5448 excu-

257 5467 409 5514 nascantnr.
1114 5473 1174 5516 sare
1190 5463 1293 5526 potest,
1317 5475 1377 5512 cum
1400 5473 1443 5514 res
1461 5467 1600 5530 separatae
1618 5461 1678 5526 sint,
1697 5461 1833 5516 attamen⁸
1849 5459 1917 5512 alte-

294 5525 331 5584 17
350 5527 431 5582 Ioum
444 5529 514 5584 libro
531 5527 666 5600 trigesimo
684 5527 946 5598 quintoadcdictum
969 5525 1063 5582 Testa·
1113 5527 1169 5582 rius
1185 5531 1260 5578 tutor
1277 5531 1373 5578 manet.

263 5699 291 5760 (t)
308 5699 405 5748 iunaF
500 5701 533 5762 (a)
552 5701 723 5750 confirmatam
736 5701 798 5752 Hal.
902 5699 933 5764 (3)
951 5701 978 5746 et
991 5697 1023 5760 si]
1039 5697 1061 5746 11
1112 5695 1362 5762 partuseditusnon
1379 5697 1614 5752 1111111111.
1731 5701 1762 5760 (tt
1781 5713 1854 5748 suum
1868 5697 1912 5748 ina

263 5769 341 5818 etccr.
410 5767 567 5830 (01111111ιἿ
630 5769 661 5830 (1)
680 5765 853 5830 desideratque
871 5785 917 5818 cer.
986 5767 1018 5830 (t)
1037 5765 1060 5814 si
1112 5765 1146 5830 (8)
1165 5767 1209 5812 tui
1218 5765 1335 5814 1111111111Ἴ
