4366 6258
1669 377 1714 424 Dll
1736 373 1936 424 Ptenoalssbs

908 965 1041 1042 amen
1061 965 1307 1042 rreesmus.

650 1157 691 1220 1¹.
1125 1153 1170 1208 ille
1187 1171 1241 1208 non
1258 1153 1377 1218 habuit⁷,
1396 1153 1444 1208 sed
1462 1153 1525 1222 quid
1541 1153 1569 1206 in
1587 1167 1619 1206 ea
1632 1169 1662 1208 re
1677 1169 1745 1222 quae
1758 1153 1861 1222 pignori
1877 1151 1937 1206 data

272 1255 316 1306 DE
335 1255 536 1306 PIGNORIBUS
551 1255 597 1306 ΕΤ
611 1255 828 1310 HYPOTHEOJS
843 1259 888 1310 ΕΤ
903 1257 1076 1312 QUALITER
1127 1227 1168 1276 est
1185 1221 1288 1277 debitor
1304 1221 1438 1286 habuerit,
1457 1221 1675 1276 considerandum
1694 1227 1740 1276 est.

300 1325 346 1372 a
653 1325 699 1376 a
716 1327 762 1376 a
1127 1287 1938 1426 ,sanationem:tornetrense

344 1421 523 1476 eremmon
538 1421 606 1478 libro
623 1423 764 1480 andecimo
781 1439 971 1496 responsorum
1006 1423 1075 1478 Gon·
1127 1425 1186 1492 quis
1204 1425 1370 1492 paciscatur,
1394 1429 1426 1478 ut
1443 1439 1486 1478 res
1504 1425 1561 1478 eius
1579 1429 1688 1492 propter
1705 1423 1821 1492 aliquam
1839 1423 1937 1492 obhga-

270 1489 355 1544 ventio
369 1489 500 1558 genarahs
514 1489 541 1542 in
555 1489 664 1560 pignore
679 1491 767 1546 dando
782 1491 914 1546 bonorum
927 1490 969 1546 vel
982 1495 1077 1560 postea
1127 1493 1225 1546 tionem
1251 1493 1304 1546 sint
1328 1493 1498 1562 hypothecae
1522 1493 1628 1546 nomine
1654 1491 1800 1558 obligatae:
1827 1507 1876 1546 nec
1902 1491 1936 1544 ad

270 1557 448 1626 quaesitorum
464 1563 572 1628 recepta
595 1563 648 1612 est:
671 1559 700 1614 in
723 1559 838 1628 speciem
863 1563 951 1612 autem
974 1559 1077 1612 alienae
1126 1575 1182 1612 rem
1200 1559 1329 1628 pertinet,
1355 1561 1452 1628 quibus
1469 1559 1500 1612 fit
1517 1559 1617 1624 verbis,
1642 1559 1721 1614 sicuti
1745 1563 1785 1612 est
1808 1565 1833 1612 et
1850 1561 1878 1612 in
1895 1559 1936 1612 his

270 1627 421 1678 reioohata
439 1627 642 1690 conventione²,
668 1627 691 1680 si
713 1641 768 1680 non
791 1625 843 1678 luit
868 1627 891 1680 ei
915 1627 960 1696 qui
982 1627 1076 1746 pipnus
1127 1627 1331 1694 obligationibus
1354 1641 1423 1696 quae
1448 1641 1579 1680 consensu
1602 1627 1803 1682 contrahuntur.
1831 1633 1857 1680 ει
1878 1627 1937 1680 ideo

271 1693 351 1746 dabat
368 1693 470 1760 debita,
493 1699 588 1762 postea
606 1693 719 1750 debitori
737 1693 851 1746 dominio
870 1693 989 1762 quaesito
1024 1693 1076 1744 iffi·
1127 1699 1155 1750 et
1179 1695 1236 1748 sine
1262 1695 1396 1764 scriptura
1419 1695 1443 1750 si
1466 1695 1587 1748 contenit
1610 1699 1642 1748 ut
1663 1695 1833 1766 hypotheca⁹
1856 1695 1890 1748 sit
1913 1701 1937 1750 et

271 1761 344 1816 cilius
360 1761 490 1828 creditori,
527 1763 554 1816 ui
567 1777 621 1816 non
635 1761 765 1830 ignorarit
779 1761 903 1828 alienum,
920 1761 991 1814 utilis
1006 1761 1075 1814 actio
1126 1761 1234 1832 probari
1251 1763 1364 1830 poterit,
1387 1777 1431 1816 res
1450 1763 1566 1828 obligata
1583 1763 1633 1816 erit
1651 1765 1684 1816 de
1702 1777 1755 1830 qua
1772 1763 1936 1816 conveniunt.

272 1833 283 1882 ι
321 1829 432 1896 dabitur,
449 1831 495 1884 sed
508 1779 613 1884 docilior
628 1829 678 1882 erit
691 1827 839 1898 possidenti
847 1831 969 1884 retentio.
996 1827 1075 1882 Servo
1126 1831 1195 1882 fiunt
1213 1831 1282 1884 enim
1300 1831 1332 1884 de
1350 1829 1392 1884 his
1411 1831 1567 1900 scripturae,
1585 1837 1616 1884 ut
1634 1831 1706 1900 quod
1726 1835 1815 1882 actum
1838 1837 1878 1884 est
1892 1847 1938 1900 per

270 1897 373 1966 pignori
396 1897 458 1954 dato
481 1897 614 1966 peculium
632 1897 688 1950 eius
707 1897 823 1950 creditor
841 1897 908 1950 citra
926 1897 1076 1952 conventio·
1127 1913 1173 1952 eas
1190 1897 1296 1952 facilius
1313 1897 1423 1966 probari
1440 1897 1580 1966 poteritffl:
1599 1905 1626 1952 et
1640 1903 1697 1954 sine
1710 1899 1752 1952 his
1767 1903 1856 1952 eutem
1869 1899 1938 1954 valet

269 1981 329 2020 uem
345 1967 494 2034 specialiter
510 1981 590 2032 super
608 1979 639 2018 eo
657 1969 815 2032 conceptam
829 1963 931 2018 frustra
945 1965 1075 2030 distrahit,
1127 1965 1199 2034 quod
1226 1969 1315 2020 actum
1342 1971 1397 2030 est,
1425 1967 1449 2020 si
1474 1965 1573 2020 habeat
1595 1967 1794 2036 probationem:
1822 1967 1890 2020 sicut
1914 1975 1938 2020 et

272 2047 320 2086 neo
338 2033 459 2098 interest,
477 2033 582 2102 quando
600 2047 691 2086 servus
709 2031 815 2086 domiuo
833 2033 966 2100 pecudum
984 2033 1076 2102 adqui·
1127 2033 1236 2102 nuptiae
1254 2039 1325 2100 sunt,
1343 2033 1407 2086 licet
1423 2033 1578 2088 testationes
1597 2035 1624 2086 in
1642 2033 1748 2104 scriptis
1763 2034 1870 2088 habitae
1885 2051 1938 2088 non

270 2105 285 2154 2
320 2101 408 2156 eierat.
444 2101 509 2154 Cum
526 2099 663 2170 praedium
684 2101 789 2170 pignori
812 2101 933 2168 daretur,
957 2101 1076 2156 nomina·
1127 2103 1228 2156 sunt¹¹.

270 2169 324 2236 tim,
341 2175 372 2224 ut
388 2169 491 2224 fructus
509 2185 561 2238 quo
580 2181 614 2222 ue
630 2167 733 2236 pignori
751 2173 854 2232 essent,
873 2169 1003 2224 convenit.
1031 2185 1077 2224 eos
1126 2205 1127 2208 =
1161 2167 1179 2226 5
1197 2167 1375 2224 Maecianus
1395 2167 1464 2224 libro
1487 2169 1623 2240 stupratori
1638 2167 1837 2238 adfectantem
1856 2167 1938 2242 lippe

271 2243 440 2308 consumptos
465 2239 536 2292 bona
560 2185 613 2290 dds
638 2243 743 2306 emptor
765 2235 975 2300 utili-Seruiana
999 2237 1076 2290 resti·
1128 2235 1275 2292 thorneiam
1309 2235 1365 2292 Res
1388 2237 1556 2306 hypothecae
1574 2235 1632 2290 dari
1648 2251 1728 2306 posse
1745 2237 1881 2292 sciendum
1899 2245 1938 2292 est

269 2311 344 2360 tuere
360 2323 414 2362 uon
434 2311 553 2374 cogetur:
571 2305 688 2374 pignoris
707 2305 803 2358 etenim
821 2319 930 2358 causam
947 2321 996 2360 nec
1013 2321 1076 2358 usu·
1126 2323 1176 2374 pro
1194 2319 1362 2374 quacumque
1379 2305 1555 2374 obligatione,
1580 2305 1634 2360 sire
1651 2309 1744 2358 mutua
1761 2305 1874 2374 pecunia
1892 2305 1937 2360 da-

270 2377 381 2444 capione
405 2375 504 2446 peremi
528 2373 643 2444 placuit,
668 2373 792 2444 quoniam
816 2373 936 2444 quaestio
961 2373 1076 2444 pignoris
1127 2381 1171 2428 tur
1188 2375 1242 2428 sive
1261 2373 1317 2440 dos,
1336 2373 1390 2428 sive
1409 2373 1506 2442 emptio
1523 2373 1565 2428 rel
1580 2371 1695 2428 venditio
1711 2375 1884 2428 contrabatur
1898 2377 1938 2428 rel

270 2443 303 2498 ab
326 2443 471 2498 intentione
494 2443 600 2498 dominii
623 2449 775 2512 separatur:
800 2443 873 2512 quod
895 2441 923 2496 in
945 2441 1076 2498 fructibus
1128 2443 1206 2498 etiam
1229 2443 1327 2498 locatio
1355 2447 1381 2494 et
1404 2441 1546 2496 conductio
1572 2441 1614 2496 rel
1638 2441 1807 2508 mandatum,
1833 2449 1861 2496 et
1886 2443 1938 2498 siue

270 2515 284 2566 3
320 2511 444 2567 dissimile
455 2517 502 2578 est,
513 2511 558 2590 oui
566 2527 709 2580 numquam
719 2511 846 2566 debitoris
854 2509 969 2564 innunt.
993 2511 1076 2566 Paeto
1127 2527 1195 2580 pura
1213 2515 1254 2566 est
1271 2509 1395 2580 obligatio
1415 2511 1455 2564 rel
1472 2511 1501 2564 in
1519 2509 1587 2566 diem
1604 2511 1644 2564 rel
1662 2509 1711 2564 sub
1730 2511 1893 2578 condicione,
1913 2517 1938 2566 et

268 2577 1076 2716 stttttrtrittershusianathtatastat·
1128 2579 1939 2716 tittttssttsttrestittatastutissimi

269 2731 323 2770 rae.
356 2715 474 2784 quamuis
497 2715 605 2770 exordio
629 2713 744 2770 minores
767 2715 794 2768 in
818 2713 973 2782 stipulatum
998 2729 1076 2768 vene·
1127 2715 1212 2770 ιιοιι12
1229 2713 1370 2770 solvendae
1388 2713 1474 2770 omnis
1492 2713 1621 2784 pecuniae
1640 2729 1734 2780 causa,
1753 2731 1843 2770 rerum
1862 2717 1938 2770 etiam

269 2783 354 2848 riuti,
377 2799 432 2836 non
449 2799 506 2838 essa
523 2787 612 2836 tamen
629 2781 731 2836 irritam
749 2783 950 2838 conventionem
967 2781 1075 2850 placuit,
1128 2783 1161 2836 de
1177 2787 1253 2852 parte
1271 2783 1342 2836 eius:
1361 2789 1389 2836 et
1406 2783 1448 2836 vel
1464 2799 1513 2852 pro
1532 2781 1599 2836 cirili
1617 2783 1779 2850 obligatione
1796 2785 1837 2836 vel
1854 2785 1936 2838 hono-

270 2869 330 2906 cum
353 2851 386 2904 ad
410 2851 479 2904 diem
501 2851 601 2906 minore
623 2851 732 2904 faenore
755 2869 810 2906 nou
833 2851 921 2904 soluto
946 2851 1077 2920 legitimae
1127 2851 1199 2904 raria
1221 2851 1262 2904 rel
1285 2857 1389 2906 tantum
1414 2851 1538 2904 naturali.
1567 2851 1614 2904 sed
1637 2851 1694 2904 et¹³
1710 2851 1739 2904 in
1764 2851 1938 2906 condicionali

269 2919 381 2974 maiores
406 2935 502 2974 usurae
525 2917 663 2990 stipulanti
686 2923 758 2974 recte
782 2919 900 2990 promitti
923 2923 1075 2988 potueruut.
1128 2919 1287 2986 obligatione
1304 2935 1359 2974 non
1376 2919 1443 2974 alias
1462 2917 1626 2988 obligantur,
1651 2917 1701 2974 nisi
1720 2919 1840 2974 condicio
1859 2921 1937 2974 exsti-

269 2993 284 3040 4
320 2987 385 3040 Cum
410 2989 547 3056 praedium
573 3003 641 3042 uuor
666 2987 723 3042 uiro
748 2989 873 3042 donasset
894 2987 974 3056 idque
999 3003 1076 3056 prae·
1130 2995 1140 3040 t
1178 2989 1248 3040 terit.
1283 2989 1355 3040 Inter
1378 2989 1474 3056 pignus
1493 2991 1581 3040 autem
1598 2991 1625 3040 et
1641 2989 1818 3058 hypothecam
1835 2993 1938 3040 tantum

270 3055 340 3110 dium
357 3055 396 3110 vir
412 3055 516 3124 pignori
533 3057 654 3122 dedisset,
673 3061 735 3124 post
752 3055 892 3112 divortium
906 3055 1000 3110 mulier
1006 3073 1076 3178 AEos·
1127 3061 1142 3110 2
1178 3055 1290 3112 nominis
1308 3071 1389 3112 sonus
1409 3055 1511 3110 differt.¹
1537 3055 1610 3110 Dare
1628 3061 1716 3110 autem
1734 3057 1791 3124 quis
1810 3057 1938 3126 hypothe-

269 3125 412 3178 sessionem
429 3125 530 3194 praedii
554 3125 595 3180 sui
617 3125 672 3178 reci
692 3125 774 3180 oravit
797 3129 824 3180 et
846 3125 915 3178 idem
939 3139 1004 3192 prae
1025 3125 1077 3178 'um
1128 3139 1186 3178 cam
1229 3129 1299 3178 otest
1322 3125 1377 3180 siue
1412 3139 1443 3178 ro
1461 3139 1510 3178 sua
1527 3125 1688 3194 obligatione
1706 3127 1760 3180 sive
1776 3141 1826 3194 pro
1844 3125 1937 3178 aliena.

269 3193 303 3250 ob
323 3193 457 3248 debitunt
474 3193 524 3248 riri
539 3195 643 3264 pignori
680 3193 741 3250 edit.
768 3193 797 3248 iu
814 3209 846 3248 ea
870 3193 1008 3248 dumtaxat
1029 3209 1076 3262 pe·
1163 3141 1350 3252 odiernum
1371 3141 1440 3250 ttlro
1458 3193 1656 3266 scptaopest'mo
1675 3195 1752 3248 tertio
1770 3193 1808 3250 od
1824 3193 1938 3250 edictam

270 3261 348 3316 cunia
370 3267 443 3316 recte
464 3263 558 3330 pignus
582 3279 599 3316 a
622 3263 732 3316 muliere
755 3267 922 3316 contractum
944 3263 1076 3332 apparuit,
1129 3261 1295 3332 Obligatione
1311 3263 1428 3332 generali
1445 3277 1540 3328 rernm,
1559 3277 1626 3332 quas
1644 3263 1702 3332 quis
1719 3261 1815 3316 habuit
1831 3263 1936 3316 habitu-

270 3345 348 3398 qnam
366 3329 461 3386 offerre
477 3331 532 3384 siro
552 3331 642 3386 debuit
658 3331 767 3386 meliore
782 3331 891 3400 praedio
909 3331 1001 3396 ¹iacto,
1025 3331 1076 3384 sei·
1127 3347 1206 3386 rusve
1223 3331 1272 3396 sit,
1291 3345 1323 3384 aa
1340 3347 1395 3386 non
1413 3331 1634 3396 continebuntur,
1659 3347 1727 3400 quae
1744 3331 1882 3384 consimile
1901 3337 1939 3382 est

269 3397 331 3452 licet
347 3399 369 3454 si
386 3399 497 3452 maiores
516 3405 636 3468 sumptus
653 3415 733 3468 quam
749 3397 853 3454 fructus
870 3399 992 3466 fuissmm,
1011 3415 1077 3468 quos
1129 3415 1286 3468 quemquam
1295 3399 1446 3468 speciahter
1454 3399 1630 3466 obligaturum
1645 3415 1698 3454 non
1712 3399 1803 3454 fuisse.
1831 3405 1862 3454 ut
1874 3405 1938 3468 puta

269 3465 307 3520 vir
326 3483 357 3522 ox
374 3467 481 3536 praedio
499 3469 631 3536 percepit:
651 3469 747 3522 etenim
762 3469 790 3520 in
806 3483 837 3522 ea
853 3467 1001 3538 quantitate
1015 3483 1077 3536 pro·
1128 3469 1262 3536 supellex,
1286 3467 1348 3522 item
1365 3469 1446 3522 restis
1464 3467 1638 3536 relinquenda
1655 3473 1696 3522 est
1713 3467 1838 3532 debitori,
1864 3473 1890 3520 et
1908 3483 1938 3520 ex

269 3535 356 3604 prium
373 3535 465 3590 mulier
482 3535 615 3604 negotium
632 3537 759 3604 gessisse,
782 3553 837 3592 uon
855 3535 971 3592 alienum
988 3551 1077 3592 susce·
1127 3535 1266 3604 menapiis
1285 3551 1353 3606 quae
1370 3537 1398 3590 iu
1415 3551 1446 3590 eo
1464 3551 1515 3590 usu
1532 3535 1649 3602 habebit,
1667 3541 1699 3590 ut
1716 3541 1818 3592 certum
1833 3535 1867 3590 sit
1880 3551 1938 3590 enni

271 3603 342 3672 pisse
359 3603 470 3658 videtur.
1127 3603 1231 3672 pignori
1253 3603 1377 3660 daturum
1400 3619 1455 3658 non
1478 3603 1570 3658 fuisse.
1596 3603 1708 3672 proinde
1733 3603 1765 3658 de
1788 3603 1938 3658 ministeriis

303 3667 322 3728 2
340 3669 420 3724 Ioum
434 3671 501 3726 libro
519 3673 597 3724 tertio
614 3687 806 3742 responsorem
840 3671 1007 3736 Fideiussor,
1032 3673 1076 3750 qui
1129 3673 1184 3726 eius
1207 3689 1335 3752 perquam
1360 3673 1383 3726 ei
1401 3673 1559 3726 necessariis
1577 3673 1617 3726 rel
1635 3689 1704 3742 quae
1721 3673 1756 3726 ad
1773 3671 1938 3726 affectionem

269 3739 378 3808 pignora
400 3739 440 3792 uel
463 3739 498 3808 hy
519 3739 628 3792 ethecas
651 3739 769 3808 suscepit
791 3745 872 3808 atque
895 3739 934 3794 ita
950 3753 1078 3808 pecumas
1129 3739 1185 3794 cius
1202 3747 1354 3808 pertineant

270 3807 361 3872 solvit,
386 3807 408 3860 si
424 3821 486 3860 man
506 3805 542 3860 ati
560 3811 622 3874 agat
638 3807 681 3862 rel
698 3823 759 3862 cum
777 3823 808 3862 eo
827 3813 934 3876 agatur,
959 3807 1077 3876 exemplo
1164 3805 1181 3862 7
1199 3809 1319 3862 Poeaus
1334 3809 1402 3862 libro
1415 3809 1584 3880 seropesimo
1600 3815 1694 3864 cetero
1709 3809 1747 3862 od
1760 3807 1874 3862 edictam
1898 3807 1938 3862 vel

271 3873 407 3928 creditoris
429 3875 507 3928 etiam
532 3875 637 3944 eulpam
662 3877 797 3930 aestimari
819 3879 933 3944 oportet.
962 3879 1078 3930 ceterum
1130 3891 1198 3946 quae
1214 3877 1243 3930 iu
1259 3877 1367 3930 usumll
1387 3877 1561 3932 cottidianum
1582 3877 1716 3932 habentur
1735 3877 1862 3932 Sermone
1884 3893 1938 3930 non

269 3943 380 4006 iudicio,
404 3943 474 4012 quod
492 3941 525 3996 de
542 3943 651 4012 pignore
668 3943 731 3998 dato
749 3943 921 4014 proponitur,
945 3943 1079 4000 conveniri
1130 3945 1263 4014 competit.
1448 3985 1453 3998 .

271 4027 324 4066 non
341 4015 438 4078 potest.
1163 4009 1182 4070 8
1205 4011 1350 4068 Uarrones
1371 4011 1440 4068 libro
1457 4029 1486 4066 sc
1508 4015 1655 4084 teoposimo
1673 4015 1752 4068 tertio
1770 4013 1807 4066 ed
1823 4015 1935 4068 edictam

304 4075 420 4136 3lnmr
439 4079 505 4132 libro
523 4079 645 4134 oe'oest'mo
664 4081 848 4150 qaaestionem
885 4081 913 4134 Si
936 4093 968 4132 su
988 4085 1077 4134 eratus
1127 4081 1248 4150 Denique
1272 4081 1449 4136 concubinam
1491 4081 1541 4136 lios
1567 4081 1701 4136 naturales
1728 4080 1848 4136 alumnos
1875 4097 1936 4136 con-

270 4147 304 4202 sit
327 4145 444 4212 debitor,
470 4147 591 4217 quirem
614 4163 691 4202 seam
714 4147 881 4214 vindicabat,
926 4097 986 4202 uod
1002 4163 1078 4204 suam
1129 4149 1196 4204 stitit
1212 4151 1329 4218 generali
1346 4149 1508 4216 obligatione
1525 4165 1578 4204 non
1596 4149 1725 4204 contineri
1744 4153 1769 4202 et
1784 4151 1806 4204 si
1820 4165 1873 4220 qua
1887 4151 1939 4204 alia

270 4231 324 4270 non
349 4217 486 4284 probaret,
513 4231 596 4284 aeque
623 4215 753 4270 servanda
779 4217 828 4270 erit
857 4165 981 4272 creditori
1007 4217 1077 4270 actio
1129 4223 1191 4272 sunt
1208 4217 1359 4272 huiusmodi
1376 4219 1530 4272 ministeria.

271 4283 396 4338 Seruiana
412 4283 536 4352 probanti
552 4297 594 4336 res
612 4285 641 4336 in
658 4285 734 4338 bonis
752 4299 783 4338 eo
801 4291 933 4354 tempore,
952 4301 1002 4364 quo
1020 4285 1077 4354 pig·
1163 4283 1182 4342 9
1203 4285 1295 4340 Gaios
1315 4285 1383 4340 libro
1408 4303 1479 4342 nono
1504 4285 1541 4340 ed
1557 4285 1671 4340 edictam
1684 4285 1854 4356 prooireotole
1887 4285 1938 4338 Sed

271 4369 321 4408 nus
338 4351 552 4414 conuehebatur,
570 4351 642 4406 ihius
658 4351 750 4406 fuisse.
778 4351 825 4404 sed
843 4355 887 4406 et⁵
904 4353 926 4406 si
944 4357 1028 4406 rictus
1044 4353 1078 4406 sit
1130 4357 1156 4408 et
1173 4353 1244 4420 quod
1262 4353 1296 4408 ad
1313 4369 1359 4408 eas
1376 4367 1434 4416 res,
1458 4369 1524 4422 quas
1548 4367 1579 4408 eo
1603 4359 1720 4424 tempore
1745 4369 1797 4422 quo
1820 4353 1937 4422 pacisce-

272 4419 374 4474 debitor
390 4419 525 4474 vindicans
543 4419 729 4484 hereditatem,
746 4417 827 4474 iudex
844 4421 955 4474 actionis
974 4419 1077 4474 Servia-
1130 4425 1141 4474 1
1178 4421 1838 4486 beturinbonis¹⁵habuit,idemobserraridebet.
1863 4421 1938 4488 Quod

272 4505 321 4544 nee
344 4489 462 4558 neglecta
484 4487 517 4542 de
539 4489 686 4544 hereditate
710 4487 781 4542 dicta
808 4489 939 4542 sententia
960 4489 1099 4558 pignoris¹
1130 4489 1288 4558 emptionem
1304 4489 1536 4546 veriditionemoue
1552 4489 1660 4558 recipit,
1685 4489 1764 4544 etiam
1781 4489 1936 4558 pigneratio-

272 4573 379 4612 eausam
401 4555 531 4626 inspicere
556 4557 669 4612 debebit.
698 4557 790 4626 atquin
808 4555 880 4610 abad
896 4557 924 4610 in
941 4556 1033 4624 legatis
1052 4561 1078 4612 et
1129 4573 1188 4612 nem
1206 4559 1326 4626 recipere
1343 4563 1440 4626 potest.

271 4625 436 4680 hbertatibus
452 4623 551 4678 dictum
567 4631 614 4690 est,
634 4641 694 4678 cerm
708 4625 856 4678 seeundum
871 4639 938 4690 eum,
957 4625 1002 4694 qrri
1013 4625 1077 4694 legi·
1165 4623 1203 4684 10
1227 4625 1371 4678 Uerrnros
1386 4625 1455 4680 libro
1469 4627 1666 4696 scptaopesimo
1682 4627 1759 4682 tertio
1775 4627 1812 4678 ml
1826 4627 1936 4680 edictam

272 4695 360 4748 timum
386 4693 557 4748 hereditatem
581 4693 747 4756 dedicabat,
774 4693 906 4746 sententia
932 4693 1002 4746 dicta
1029 4697 1076 4746 εει.
1128 4693 1158 4748 Si
1175 4692 1279 4747 debitor
1295 4709 1338 4748 res
1355 4709 1419 4748 suas
1438 4693 1543 4750 duobus
1560 4693 1638 4748 simul
1658 4693 1761 4762 pignori
1784 4693 1938 4762 obligaverit

272 4761 318 4816 sed
336 4761 448 4816 creditor
464 4777 518 4814 non
535 4761 602 4814 bene
618 4759 753 4828 legatariis
770 4775 819 4828 per
836 4761 924 4812 omnia
939 4777 1076 4828 compara·
1127 4763 1179 4826 ita,
1196 4765 1227 4816 ut
1235 4761 1255 4794 ¹⁶
1272 4761 1378 4830 uimque
1394 4761 1422 4814 in
1441 4761 1554 4816 solidum
1572 4759 1703 4828 obligatae
1719 4767 1820 4826 essent,
1844 4761 1938 4830 singuli

271 4835 328 4894 tur,
353 4845 411 4884 cum
433 4829 519 4896 legata
542 4827 647 4898 quidem
670 4827 747 4882 aliter
768 4827 855 4882 valere
878 4843 932 4882 non
954 4833 1076 4894 possunt,
1127 4829 1155 4882 in
1171 4827 1283 4884 sobdum
1298 4829 1425 4882 adversus
1442 4827 1718 4882 extraneosSerriana
1732 4833 1854 4882 utentur:
1870 4831 1938 4882 inter

272 4913 351 4966 quam
374 4897 397 4952 si
419 4903 604 4952 testamentum
629 4901 717 4948 ratum
741 4909 800 4950 esse
822 4901 970 4950 constaret:
995 4897 1077 4950 enim-
1127 4897 1201 4966 ipsos
1219 4901 1307 4952 autem
1325 4897 1348 4952 si
1366 4897 1485 4976 quaestio
1503 4901 1653 4960 moveatur,
1670 4897 1831 4966 possidentis
1848 4897 1936 4950 melio-

272 4981 332 5020 rero
350 4965 408 5020 fieri
424 4969 520 5036 potest,
538 4969 569 5020 ut
586 4969 612 5020 et
629 4963 723 5034 pignus
741 4969 815 5020 recte
828 4963 864 5018 sit
875 4969 1014 5032 acceptum
1027 4979 1077 5018 nec
1127 4981 1183 5020 rem
1200 4979 1259 5020 esse
1277 4963 1473 5020 condicronem:
1499 4963 1605 5020 dabitur
1622 4963 1691 5020 euim
1708 4963 1855 5034 possidenti
1871 4967 1936 5018 haec

275 5041 284 5086 1
321 5041 411 5088 tamen
436 5035 469 5088 ab
496 5035 546 5086 eoi
568 5033 600 5086 lis
626 5035 694 5088 bene
716 5033 846 5086 instituta.
881 5031 933 5086 Per
955 5031 1077 5086 iniuriam
1129 5033 1263 5100 exceptio:
1283 5035 1312 5086 ‘si
1331 5049 1384 5088 non
1403 5033 1539 5098 convenit,
1563 5039 1594 5086 ut
1618 5033 1709 5086 eadem
1731 5049 1774 5086 res
1792 5033 1856 5086 mihi
1873 5049 1936 5102 quo-

272 5103 356 5156 m'ctus
380 5101 452 5170 apud
467 5101 592 5156 iudicium
610 5115 666 5154 rem
684 5117 762 5170 quarn
780 5101 894 5170 petierat
909 5105 1003 5170 postea
1019 5101 1076 5168 pig·
1129 5115 1179 5170 que
1196 5101 1299 5170 pignori
1316 5101 1405 5156 esset’
1433 5101 1456 5156 si
1474 5099 1607 5154 autemid
1625 5107 1714 5154 actum
1731 5101 1825 5166 fuerit,
1843 5107 1873 5154 ut
1889 5117 1936 5170 pro

272 5171 330 5224 nori
347 5169 483 5236 obhgavit:
500 5185 554 5224 non
567 5167 627 5238 plus
642 5167 741 5222 habere
756 5167 870 5224 creditor
883 5173 980 5236 potest,
998 5183 1077 5248 quam
1127 5169 1249 5236 partibus
1267 5185 1311 5224 res
1329 5169 1518 5236 obhgarentur,
1535 5167 1626 5222 utilem
1643 5169 1776 5224 actionem
1792 5175 1937 5238 competere

273 5237 354 5292 babet
370 5239 414 5306 qui
431 5237 526 5306 pignus
543 5235 624 5290 dedit.
652 5251 712 5304 ergo
731 5237 938 5290 summovebitur
953 5235 992 5290 rei
1008 5235 1076 5290 rudi-
1129 5241 1155 5290 et
1171 5237 1239 5290 inter
1256 5237 1329 5302 ipsos
1347 5243 1374 5290 et
1391 5237 1518 5290 adversus
1535 5241 1684 5302 extraneos,
1703 5251 1750 5306 per
1767 5251 1847 5304 quam
1865 5237 1937 5292 dimi-

273 5309 348 5356 catae
373 5305 540 5374 exceptione,
565 5305 670 5358 tametsi
692 5305 805 5358 maxime
827 5303 927 5358 nullam
944 5305 1077 5374 propriam
1129 5305 1197 5360 diam
1236 5305 1302 5360 artis
1319 5305 1551 5374 possessionem¹⁷
1568 5305 1775 5374 adprehendant
1792 5303 1896 5370 singuli.

274 5371 318 5440 qui
338 5373 401 5426 vicit
423 5373 553 5428 actionem
576 5387 698 5426 sumcere
720 5373 819 5440 possit:
843 5389 898 5426 nou
921 5371 991 5426 enim
1013 5371 1077 5440 quid
1164 5371 1198 5428 ll
1217 5321 1837 5442 1lrrnrromnosatrostamina‹trctfornaoam
1854 5371 1937 5446 lappo-

308 5543 338 5606 (ι)
356 5541 749 5602 Set.ce.o.11.1a1aro;Ed.
766 5551 1077 5602 a..s.1e.1a.14.1t...at;
1130 5541 1389 5608 potheeaeD.l.pem.
1462 5543 1506 5604 (to)
1526 5539 1742 5608 pessimique.
1818 5547 1859 5608 (ιι)
1878 5543 1937 5592 ticet

275 5607 507 5674 Pop.1...3.28...33;
522 5611 586 5674 App.
597 5619 631 5660 et.
641 5621 674 5660 aa.
684 5637 718 5644 -
733 5611 798 5662 Bos.
808 5611 849 5672 25,
860 5619 924 5660 e·-
936 5609 972 5674 Cs-
986 5607 1044 5660 coo.
1055 5611 1076 5670 8,
1129 5609 1230 5660 testatio
1239 5611 1293 5660 sine
1302 5609 1406 5674 scriptis
1415 5607 1503 5658 habita
1512 5609 1590 5660 estD.
1603 5609 1617 5660 l.
1627 5629 1686 5676 pem.
1796 5613 1839 5674 (lat
1859 5611 1936 5662 solum

274 5687 383 5730 tatius
435 5675 676 5734 (iiconrentioneF
724 5677 756 5740 (3)
766 5677 925 5728 venierintF
964 5677 996 5740 (4)
1005 5691 1077 5740 prae·
1129 5677 1245 5728 inaHol.
1315 5679 1357 5740 ((3)
1376 5677 1529 5728 eldadHal.
1591 5677 1634 5740 (14)
1653 5677 1772 5742 ipsumF
1824 5681 1869 5742 (tat
1886 5695 1935 5730 non

273 5739 633 5792 diumobidemdebitumser.
713 5745 746 5806 (a)
766 5745 875 5796 etatsF
945 5745 978 5806 (6)
998 5743 1077 5806 abeo]
1125 5745 1171 5796 t'ns.
1186 5745 1316 5812 Weslplrol.
1394 5745 1441 5812 (ld)
1460 5749 1489 5798 ul
1505 5765 1548 5800 om.
1562 5747 1589 5798 F
1660 5745 1704 5810 (ii)
1723 5749 1838 5800 dimidias
1852 5751 1932 5814 paries

274 5809 396 5876 prioracri
448 5809 480 5866 (ι)
497 5805 637 5860 habeatser
698 5815 729 5870 (ε)
749 5813 929 5872 =D.22,s,s
981 5813 1014 5874 (9)
1032 5811 1076 5878 hy·
1123 5813 1282 5878 possessionis
1295 5833 1342 5864 ser.
