4366 6258
275 371 448 418 esrrrronn
1074 349 1117 418 83

273 537 393 592 heredem
409 551 437 590 se
455 551 511 604 esse
529 541 647 604 putaret,
670 535 816 602 legatorum
840 535 944 590 nomine
967 535 999 588 de
1022 551 1070 588 sno

273 607 360 668 solvit,
386 605 408 656 si
426 605 484 670 quis
503 605 536 656 ab
553 605 678 656 intestato
697 619 754 654 eam
771 603 942 658 hereditatem
960 603 1070 664 evincat,

272 675 330 728 licet
348 673 470 724 damnum
488 669 589 724 videtur
607 685 663 724 esse
680 671 848 736 possessoris,
866 671 936 738 qnod
952 671 1001 724 sibi
1017 685 1071 722 non

272 739 432 810 prospexerit
440 739 609 804 stipulatione
618 737 710 790 ‘encta
719 737 864 790 hereditate
878 739 963 804 legata
979 737 1069 800 reddi,

273 815 385 862 attamen
403 805 464 874 qnia
482 805 538 856 lieri
554 809 656 874 potest,
680 811 709 856 nt
727 821 757 858 eo
775 811 893 872 tempore
910 805 1016 858 solverit
1032 805 1069 858 le·

272 881 343 944 gata,
366 889 417 940 quo
442 871 529 924 adhuc
546 871 620 926 nulla
638 871 815 926 controversia
832 877 902 924 mota
920 873 968 934 sit,
992 877 1018 924 et
1036 871 1068 924 ob

271 943 296 998 id
311 943 409 994 nullam
425 939 612 1008 interposuerit
630 941 787 1004 cautionem,
805 939 894 1006 placet
910 939 938 992 in
956 955 985 992 eo
1005 955 1070 992 casu

271 1011 351 1066 evicta
374 1009 518 1060 hereditate
544 1007 658 1062 dandam
681 1009 705 1060 ci
728 1023 785 1060 esse
807 1007 995 1074 repetitionem.
1023 1005 1070 1060 sed

272 1093 327 1132 cum
346 1081 465 1128 cessante
484 1075 606 1128 cantione
621 1075 741 1144 repetitio
756 1075 841 1138 datur,
860 1075 1006 1142 periculum
1021 1079 1069 1138 est,

271 1161 302 1198 ne
323 1147 429 1210 propter
452 1143 566 1210 inopiam
585 1143 654 1206 eius,
680 1141 723 1194 cui
746 1143 862 1194 solutum
886 1147 925 1194 est
947 1141 1068 1208 legatum,

270 1211 330 1266 nihil
347 1209 429 1276 repeti
446 1209 537 1276 possit,
557 1215 582 1264 et
599 1209 656 1264 ideo
674 1211 818 1264 secundnm
833 1213 940 1262 senatus
957 1207 1070 1262 consulti

269 1277 420 1336 sententiam
438 1275 645 1330 subveniendum
662 1277 685 1330 ei
704 1283 758 1340 est,
783 1281 813 1330 ut
835 1277 892 1344 ipse
916 1273 1020 1342 quidem
1038 1291 1070 1328 ex

269 1345 412 1400 retentione
420 1359 507 1396 rerum
521 1345 737 1398 hereditariamm
752 1345 803 1396 sibi
818 1341 973 1406 satisfaciat,
992 1343 1069 1396 cedat

269 1411 509 1468 autemactionihns
538 1411 631 1476 etitori,
647 1417 677 1466 ut
692 1429 740 1466 suo
756 1411 873 1480 periculo
884 1427 928 1464 eas
938 1417 1068 1464 exerceat.

303 1477 339 1536 18
362 1477 504 1534 1111111111
517 1429 584 1534 libro
594 1481 686 1546 porteto
696 1479 795 1534 deciano
806 1479 843 1534 ad
856 1479 969 1534 edictum
1004 1479 1070 1532 item

269 1547 412 1608 videndum,
431 1547 453 1598 si
470 1561 607 1612 possessor
624 1547 777 1600 hereditatis
794 1547 943 1600 venditione
960 1563 1009 1614 per
1026 1563 1068 1600 ar·

268 1615 410 1684 gentarium
426 1611 499 1666 iacta
516 1615 655 1680 pecuniam
679 1615 750 1682 apud
775 1629 834 1666 eum
856 1615 1011 1682 perdiderit,
1034 1631 1069 1668 an

268 1681 388 1750 petitione
406 1681 558 1734 hereditatis
583 1687 718 1744 teneatur,
744 1681 806 1750 quia
828 1681 894 1734 nihil
915 1681 996 1736 habet
1020 1699 1069 1736 nec

269 1749 388 1816 consequi
405 1753 501 1816 potest.
528 1749 591 1802 sed¹
611 1747 701 1802 Labeo
719 1755 796 1816 putat
814 1765 873 1802 eum
890 1749 988 1814 teneri,
1007 1751 1069 1818 quia

267 1835 312 1872 suo
329 1817 444 1884 periculo
464 1817 531 1870 male
548 1817 696 1884 argentario
712 1817 835 1870 credidit:
854 1817 900 1870 sed
919 1819 1069 1872 Octauenus

267 1885 302 1938 111
319 1885 381 1936 nihil
398 1901 458 1936 eum
474 1891 580 1950 praeter
597 1885 715 1938 actiones
733 1891 942 1952 praestaturum,
968 1885 1001 1938 ob
1019 1885 1068 1938 has

266 1953 340 2020 igitur
355 1951 474 2004 actiones
489 1951 616 2020 petitione
624 1951 776 2006 hereditatis
785 1953 876 2006 teneri.
902 1953 965 2006 mihi
980 1957 1069 2014 autem

266 2021 291 2072 in
309 2035 345 2080 eo,
364 2019 409 2086 qui
426 2017 564 2072 malefido
581 2019 705 2086 possedit,
723 2017 856 2074 Labeonis
872 2021 1068 2088 sententiapla-

267 2093 318 2140 cet:
337 2087 363 2138 in
380 2087 462 2156 altero
478 2103 546 2152 vero,
563 2087 607 2154 qni
621 2087 692 2140 bona
706 2085 758 2140 fide
772 2101 909 2154 possessor
923 2093 971 2150 est,
988 2087 1068 2140 Octa-

271 2159 279 2206 t
314 2155 371 2206 veni
397 2155 527 2208 sententia
552 2155 685 2222 sequenda
712 2169 769 2206 esse
794 2155 905 2206 1111111.
947 2155 975 2206 Si
1000 2155 1068 2222 qnia,

266 2227 472 2288 compateretur
491 2221 524 2274 ab
542 2237 573 2274 eo
591 2221 731 2284 hereditas,
749 2239 835 2290 neque
852 2221 890 2274 ’111
904 2237 989 2290 neque
1004 2222 1068 2276 iuris

266 2289 331 2340 vehit
348 2303 486 2356 possessor
509 2293 580 2352 erat,
605 2305 695 2342 rerum
718 2295 811 2358 postea
835 2289 933 2356 aliquid
956 2289 1068 2356 adeptus

266 2363 310 2418 ost,
325 2371 358 2408 an
374 2357 501 2422 petitione
515 2357 669 2410 hereditatis
685 2357 805 2410 rideatur
820 2357 921 2410 teneri?
940 2363 965 2410 et
977 2355 1068 2410 Celsus

266 2425 326 2476 libro
350 2431 445 2492 quarto
470 2425 629 2492 digestorum
652 2431 723 2478 recte
746 2425 838 2478 scribit
855 2425 925 2478 hnnc
945 2425 1068 2478 condem-

266 2497 278 2544 1
311 2491 437 2556 naiadum,
449 2491 594 2546 licetinitio
605 2491 668 2546 nihil
682 2493 808 2560 possedit.
835 2491 1067 2556 Nuncvideamus,

266 2575 327 2628 quae
345 2559 450 2612 ueniant
467 2561 495 2612 in
512 2559 665 2614 hereditatis
683 2561 817 2626 petitione.
846 2565 873 2614 et
890 2561 990 2626 placuit
1008 2561 1066 2614 uni·

265 2641 348 2680 uersas
365 2643 407 2680 res
425 2627 600 2680 hereditarias
617 2629 645 2680 in
662 2629 714 2682 hoc
737 2627 864 2680 iudicium
887 2629 988 2692 111111,
1014 2629 1068 2682 siue

264 2695 318 2746 iura
334 2695 387 2746 siue
406 2711 517 2762 corpora
535 2695 595 2758 sint,

298 2757 470 2816 19111111
493 2761 560 2816 libro
586 2763 727 2816 uicensimo
753 2761 791 2814 nd
812 2761 926 2816 edictum
961 2767 987 2816 et
1013 2779 1067 2816 nou

263 2835 360 2882 tantum
385 2829 544 2884 hereditaria
567 2845 692 2896 corpora,
720 2827 767 2884 sed
791 2835 816 2882 et
840 2845 908 2898 quae
931 2845 984 2884 non
1002 2837 1065 2884 sunt

263 2897 424 2962 hereditaria,
440 2913 552 2964 qnorum
564 2903 654 2950 tamen
667 2897 813 2964 periculum
829 2899 864 2950 11
872 2899 995 2950 heredem
1003 2913 1063 2964 per-

263 2965 336 3016 tinet:
356 2971 386 3016 11
403 2981 444 3018 111
463 2965 564 3032 pignori
583 2965 661 3018 datae
679 2965 804 3018 defuncto
824 2965 863 3018 rel
882 2965 1063 3020 commodatae

263 3033 431 3098 depositaeue.
460 3039 486 3084 et
503 3033 607 3100 quidem
624 3033 662 3086 rei
679 3033 781 3100 pignori
799 3031 877 3086 datae
902 3033 979 3086 etiam
1002 3049 1061 3100 spe-

263 3101 330 3154 cialis
348 3101 440 3166 petitio
459 3105 506 3164 est,
524 3105 555 3152 ut
573 3105 598 3154 et
615 3099 767 3154 hereditatis
782 3099 909 3166 petitione
923 3101 1059 3152 continea-

262 3173 315 3230 tur,
340 3169 409 3220 sicut
426 3167 486 3220 illae
504 3183 615 3234 quarum
632 3167 736 3220 nomine
753 3167 909 3220 Publiciana
928 3167 1060 3234 competit.

261 3235 304 3286 sed
321 3235 381 3286 licet
400 3249 490 3286 earnm
507 3235 619 3298 nomine,
638 3251 705 3302 quae
724 3235 905 3288 commodatae
922 3235 963 3286 vel
981 3235 1060 3300 depo-

262 3301 322 3356 sitae
339 3309 415 3366 sunt,
433 3301 506 3354 nulla
523 3301 558 3354 sit
574 3301 652 3354 facile
670 3301 753 3364 actio,
773 3301 834 3370 quia
851 3309 940 3356 tamen
957 3301 1060 3370 pericu-

260 3369 310 3424 lum
328 3385 417 3424 earum
434 3369 469 3424 ad
487 3385 534 3422 nos
553 3371 679 3436 pertinet,
698 3385 810 3436 aequum
829 3377 869 3422 est
887 3385 930 3424 eas
948 3371 1059 3422 restitui.

262 3443 272 3490 1
307 3437 381 3504 Quod
398 3437 421 3490 si
438 3451 486 3504 pro
506 3443 623 3504 emptore
641 3439 768 3504 usucapio
787 3439 820 3490 ab
838 3439 936 3490 herede
954 3437 1062 3504 impleta

261 3505 304 3568 sit,
329 3523 381 3558 non
398 3505 485 3558 veniet
502 3505 531 3556 in
548 3505 700 3556 hereditatis
725 3505 864 3572 petitione:
907 3503 952 3558 uia
975 3505 1060 3568 heres,

259 3571 283 3626 id
300 3577 338 3626 est
355 3573 461 3640 petitor,
480 3587 537 3624 eam
554 3571 686 3626 vindicare
703 3577 792 3640 potest
809 3589 858 3626 neo
873 3521 927 3624 uda
941 3571 1060 3640 exceptio

260 3643 273 3692 1
307 3641 383 3694 datur
406 3639 561 3706 possessori.
599 3639 714 3694 Veniunt
737 3645 764 3694 et
785 3639 837 3694 hae
854 3655 897 3692 res
914 3641 941 3692 in
959 3639 1060 3692 heredi-

260 3707 317 3760 tatis
335 3707 497 3776 petitionem,
515 3709 655 3774 inquibus
673 3723 810 3774 possessor
827 3709 999 3760 retentionem
1013 3709 1060 3760 ha-

260 3775 324 3840 buit,
349 3793 402 3830 non
427 3775 506 3830 etiam
529 3775 695 3844 petitionem:
720 3775 802 3830 veluti
824 3775 847 3828 si
864 3775 997 3828 iuraverat
1016 3775 1060 3828 de-

258 3841 360 3898 functus
378 3844 498 3912 petitoris
516 3859 571 3896 rem
589 3859 643 3896 non
662 3859 718 3898 esse
737 3847 762 3896 et
786 3843 941 3908 decesserit,
965 3843 1062 3896 debent

258 3911 303 3964 hae
321 3927 425 3978 quoque
441 3911 554 3964 restitui.
581 3911 659 3964 immo
679 3915 705 3962 et
722 3911 744 3964 si
761 3925 900 3978 possessor
917 3925 966 3964 sua
983 3911 1063 3976 culpa

258 3993 299 4030 eas
317 3979 445 4042 amiserit,
470 3977 603 4030 tenebitur
620 3979 672 4030 hoc
689 3979 802 4030 nomine.
829 3979 951 4046 idemque
968 3979 1018 4030 erit
1036 3983 1062 4030 et

258 4045 281 4098 in
298 4045 444 4114 praedone,
464 4045 526 4098 licet
543 4045 586 4098 hic
605 4051 712 4114 propter
730 4045 836 4114 culpam
853 4063 907 4100 non
924 4051 1060 4098 teneatur:

259 4119 270 4166 3
305 4115 364 4180 quia
388 4127 437 4166 nec
461 4113 505 4166 hic
530 4113 609 4168 debet
632 4111 681 4166 has
698 4127 741 4166 res
758 4113 879 4168 retinere.
916 4111 1061 4166 Servitutes

256 4181 281 4234 in
306 4181 498 4234 restitutionem
523 4181 676 4234 hereditatis
702 4197 756 4234 non
782 4181 869 4234 venire
896 4195 942 4248 ego
974 4181 1060 4246 didici,

258 4267 312 4302 cnm
329 4249 393 4302 nihil
412 4265 441 4302 eo
461 4249 566 4302 nomine
583 4249 668 4318 possit
684 4249 797 4312 restitui,
816 4249 885 4302 sicut
904 4253 944 4302 est
960 4249 987 4300 in
1003 4263 1060 4302 cor-

257 4317 360 4384 poribus
380 4321 405 4370 11
422 4315 561 4380 fructibus,
581 4315 627 4370 sed
642 4315 665 4370 si
678 4331 734 4370 uon
747 4317 866 4386 patiatur
880 4317 918 4370 ire
934 4321 960 4370 et
975 4333 1060 4384 agere,

257 4387 359 4452 propria
377 4385 483 4438 actione
501 4385 680 4438 convenietur.

287 4449 324 4508 ab
340 4453 485 4506 Uternnos
497 4453 564 4504 libro
580 4453 673 4520 patrato
689 4453 788 4506 decimo
804 4451 842 4504 nd
855 4451 970 4504 edictum
995 4451 1062 4504 Item

257 4521 359 4570 ueniunt
383 4519 411 4570 in
434 4519 625 4572 1111111111112
643 4519 722 4572 etiam
746 4535 791 4582 ea,
816 4533 884 4586 quae
907 4519 1061 4572 hereditatis

257 4601 333 4638 cansa
351 4593 506 4654 comparata
529 4591 606 4650 sunt,
631 4591 744 4654 utputa
761 4585 894 4654 mancipia
911 4601 1061 4654 pecoraque

257 4657 279 4704 et
296 4653 318 4706 si
335 4669 387 4722 qua
404 4654 465 4718 alia,
485 4657 570 4722 quae³
587 4655 738 4708 necessario
756 4653 896 4708 hereditati
911 4657 973 4708 sunt
989 4669 1059 4708 com-

255 4727 351 4786 parata.
371 4727 399 4774 et
416 4723 438 4776 si
456 4723 561 4790 quidem
578 4723 693 4788 pecunia
709 4723 869 4774 hereditaria
886 4723 1060 4790 1111111111-

254 4795 322 4852 rata,
346 4789 402 4842 sine
422 4789 501 4842 dubio
518 4791 639 4844 venient:
663 4789 685 4844 si
702 4805 763 4844 tero
782 4805 836 4842 non
854 4789 967 4858 pecunia
984 4789 1060 4844 here·

256 4853 353 4920 ditaria,
371 4855 513 4910 videndum
531 4859 594 4910 erit:
614 4861 640 4910 et
657 4863 721 4924 puto
741 4857 820 4910 etiam
836 4857 903 4910 haec
920 4857 1017 4922 uenire,
1037 4859 1059 4910 si

255 4937 345 4990 magna
362 4925 463 4978 utilitas
486 4923 642 4978 hereditatis
665 4929 799 4988 versetur,
823 4925 937 4990 pretium
961 4925 1061 4978 scilicet

257 4993 267 5040 1
300 4993 455 5044 restituturo
473 4993 577 5044 herede.
614 4991 668 5044 Sed
684 5009 739 5044 non
756 4990 859 5056 omnia,
878 5007 945 5058 quae
965 5007 997 5044 ex
1013 4993 1060 5046 he-

254 5059 373 5112 reditaria
390 5059 504 5128 pecunia
522 5065 677 5128 comparata
695 5065 765 5124 11111,
783 5059 811 5112 11
825 5059 978 5114 hereditatis
994 5061 1060 5130 peti-

255 5125 346 5180 tionem
368 5127 486 5182 veniunt.
515 5127 627 5194 deniqne
651 5125 744 5180 scribit
761 5125 880 5180 hilianus
899 5127 966 5182 libro
985 5135 1060 5182 sexto

255 5191 417 5260 digestorum,
437 5193 459 5248 si
473 5209 612 5262 possessor
627 5209 659 5248 ex
673 5195 786 5262 pecunia
800 5193 961 5248 hereditaria
976 5195 1060 5248 homi-

254 5275 309 5314 nem
327 5263 419 5316 emerit
437 5267 462 5314 11
480 5263 513 5314 ab
533 5279 563 5316 eo
581 5267 688 5330 petatur
704 5263 854 5326 hereditas,
871 5263 910 5314 ita
926 5263 1016 5314 venire
1033 5263 1061 5314 in

253 5325 402 5384 hereditatis
428 5329 596 5398 petitionem,
629 5329 651 5384 si
677 5329 831 5384 hereditatis
856 5329 975 5382 interfuit
1001 5345 1061 5384 eurn

254 5397 267 5446 2
300 5397 363 5452 emi:
383 5403 412 5452 at
430 5397 452 5452 si
470 5397 511 5452 sui
529 5413 612 5450 cansa
629 5397 699 5460 emit,
718 5397 832 5464 pretium
849 5397 945 5450 1111111.
977 5395 1060 5452 Simili

253 5465 326 5518 modo
345 5471 372 5520 et
389 5465 543 5520 silendum
560 5465 748 5518 hereditarium
767 5465 936 5530 distraxerit,
961 5465 984 5518 si
1002 5467 1059 5534 qni-

254 5631 280 5696 (1)
298 5635 348 5698 111]
359 5639 439 5686 etacr.
510 5635 541 5700 (t)
560 5635 587 5684 in
597 5635 746 5686 hereditatis
755 5635 906 5700 petitionem
915 5635 1059 5700 Depenlcolb

254 5701 282 5764 (3)
292 5719 353 5766 quae
363 5705 408 5754 del.
420 5705 477 5756 dett.
529 5703 561 5770 (4)
571 5701 883 5770 Titins1TitnsBorplesi
923 5701 956 5766 (t)
967 5701 1059 5762 Ocnus]

251 5767 498 5850 HoeninsBorplresi
566 5773 597 5836 ‘ti
616 5787 680 5822 anan
685 5789 713 5836 p.
728 5773 783 5822 011.
793 5783 833 5824 129
901 5773 932 5836 (t)
951 5767 1004 5820 1111
1013 5769 1059 5818 ins.

1859 359 1887 422 u
1909 363 1934 420 a·

1124 535 1183 588 dem
1197 535 1254 586 sine
1268 549 1357 600 cansa,
1376 545 1403 592 et
1416 541 1501 606 ipsum
1515 535 1626 592 fundum
1643 537 1670 586 11
1685 531 1789 588 fructus
1806 535 1834 586 in
1851 535 1927 590 here-

1124 601 1213 652 ditatis
1239 601 1390 668 petitionem
1414 607 1514 658 venire:
1541 601 1612 672 quod
1637 601 1659 654 si
1685 601 1753 654 aeris
1778 601 1931 654 exsolvendi

1123 667 1208 736 gratia
1225 667 1375 720 hereditarii
1392 673 1512 736 1111111,
1537 689 1590 726 non
1615 667 1726 736 amplius
1743 667 1833 720 uenire
1850 683 1930 736 quam

1124 739 1137 788 3
1173 735 1293 802 pretium.
1330 735 1396 788 Item
1412 753 1464 790 non
1479 739 1563 792 solum
1578 753 1610 792 11
1626 751 1693 806 quae
1708 733 1929 802 montistempore

1124 801 1245 868 fuerunt,
1270 801 1317 856 sed
1340 803 1362 854 si
1385 817 1439 870 qua
1455 811 1548 870 postea
1566 809 1708 874 augmenta
1724 801 1865 854 hereditati
1883 817 1929 856 ac·

1124 875 1274 934 cesserunt,
1291 869 1379 922 venire
1396 871 1425 922 in
1441 871 1592 928 hereditatis
1610 871 1777 940 petitionem:
1802 883 1864 922 nam
1883 869 1930 922 he-

1124 937 1222 990 reditas
1247 943 1272 990 et
1295 943 1463 1006 augmentum
1488 941 1581 1008 recipit
1598 947 1625 994 et
1642 937 1856 994 deminutionem.
1883 937 1931 990 sed

1125 1021 1170 1072 ea,
1189 1021 1255 1072 quae
1272 1013 1333 1072 post
1351 1003 1449 1058 aditam
1466 1003 1638 1060 hereditatem
1656 1007 1803 1068 accedunt,
1828 1003 1851 1058 si
1870 1005 1927 1072 qui-

1125 1073 1183 1126 dem
1202 1087 1233 1126 ex
1250 1073 1308 1142 ipsa
1325 1073 1485 1136 hereditate,
1503 1079 1566 1138 puto
1584 1075 1724 1128 hereditati
1742 1073 1882 1128 accedere:
1909 1071 1932 1126 si

1125 1141 1295 1204 extrinsecus,
1313 1157 1374 1204 non,
1394 1139 1455 1208 quia
1472 1153 1600 1206 personae
1614 1143 1774 1208 possessoris
1790 1139 1929 1194 accedunt.

1123 1207 1227 1260 fructus
1245 1213 1333 1276 autem
1351 1223 1441 1260 omnes
1460 1213 1555 1272 augent
1577 1207 1763 1274 hereditatem,
1787 1209 1842 1264 sive
1865 1213 1929 1260 ante

1124 1275 1222 1328 aditam
1240 1275 1293 1328 sive
1310 1277 1371 1342 post
1389 1273 1487 1328 aditam
1502 1273 1673 1328 hereditatem
1689 1277 1857 1330 accesserint.
1884 1273 1932 1330 sed

1125 1347 1150 1396 et
1167 1349 1259 1412 partus
1277 1343 1433 1396 ancillarum
1451 1341 1506 1396 sine
1525 1341 1602 1396 dubio
1628 1349 1725 1410 augent
1747 1345 1930 1400 hereditatem.

1124 1417 1140 1464 4
1176 1411 1240 1464 Cum
1258 1411 1435 1480 praediximus
1454 1425 1544 1464 omnes
1568 1407 1742 1466 hereditarias
1766 1413 1884 1468 actiones
1901 1413 1930 1466 in

1124 1479 1276 1534 hereditatis
1294 1479 1448 1546 petitionem
1464 1477 1565 1540 111111,
1589 1477 1740 1546 quaeritur,
1765 1487 1853 1534 utrum
1872 1497 1931 1534 curn

1124 1561 1173 1600 sna
1199 1553 1294 1600 natura
1311 1547 1418 1600 veniant
1435 1561 1470 1600 an
1487 1551 1587 1600 contra.
1615 1549 1645 1596 ut
1661 1549 1727 1612 puta
1745 1551 1785 1600 est
1802 1549 1932 1616 quaedam

1124 1615 1208 1678 actio,
1232 1631 1301 1682 quae
1318 1613 1474 1666 infitiatione
1492 1613 1599 1666 crescit:
1625 1617 1716 1664 utrum
1739 1629 1799 1666 cum
1823 1631 1872 1668 sno
1890 1617 1930 1668 in·

1124 1689 1257 1736 cremento
1273 1699 1307 1734 an
1322 1697 1383 1734 vero
1400 1683 1428 1734 in
1442 1681 1564 1750 simplum
1578 1679 1656 1744 111111,
1674 1683 1707 1732 11
1718 1679 1783 1746 legis
1791 1681 1932 1760 Aquiliae?

1124 1755 1149 1804 et
1173 1751 1290 1804 lulianus
1312 1751 1379 1804 libro
1405 1753 1479 1802 sexto
1507 1747 1665 1816 digestorum
1692 1747 1784 1826 scribit
1809 1751 1931 1818 simplum

1123 1821 1137 1870 5
1173 1819 1329 1870 soluturum.
1364 1817 1437 1870 Idem
1454 1822 1527 1870 recte
1544 1817 1588 1880 ait,
1607 1815 1630 1870 si
1646 1815 1737 1870 noxali
1754 1815 1851 1870 iudicio
1868 1835 1931 1870 con-

1124 1885 1262 1940 demnatus
1280 1885 1314 1938 sit
1331 1901 1470 1954 possessor
1487 1883 1620 1948 defuncto,
1639 1901 1692 1938 non
1711 1899 1791 1952 posse
1808 1899 1868 1936 enm
1886 1885 1930 1938 de·

1123 1953 1227 2008 dentem
1253 1969 1338 2008 noxae
1366 1951 1454 2006 officio
1481 1951 1575 2006 iudicis
1600 1951 1720 2006 liberari:
1748 1951 1810 2020 qnia
1828 1953 1930 2006 tamdiu

1123 2021 1180 2088 quis
1194 2021 1276 2074 habet
1291 2035 1377 2074 noxae
1392 2019 1527 2074 dedendae
1543 2019 1706 2082 facultatem,
1726 2017 1850 2086 quamdiu
1864 2019 1932 2074 1111-

1122 2089 1175 2140 cati
1193 2089 1371 2152 conveniatur,
1389 2093 1452 2156 post
1466 2093 1618 2154 susceptum
1632 2087 1759 2140 indicium
1774 2101 1828 2140 non
1844 2095 1933 2152 potest

1121 2171 1206 2208 noxae
1226 2155 1344 2210 dedendo
1363 2173 1391 2210 se
1408 2155 1533 2208 hberare:
1559 2155 1676 2224 suscepit
1694 2161 1782 2206 autem
1800 2169 1848 2222 per
1864 2155 1931 2222 peti-

1121 2227 1137 2276 6
1171 2225 1269 2278 tionem
1292 2223 1455 2276 hereditatis.
1492 2223 1600 2276 Praeter
1623 2223 1690 2276 haec
1715 2221 1799 2274 multa
1816 2221 1932 2288 repperi-

1121 2305 1179 2344 mus
1196 2297 1311 2344 tractata
1329 2291 1406 2344 etde
1424 2289 1551 2356 petitione
1568 2289 1728 2354 hereditatis,
1748 2289 1780 2340 de
1798 2289 1932 2342 distractis

1121 2359 1200 2412 rebus
1216 2359 1389 2422 hereditariis,
1408 2357 1440 2410 de
1460 2357 1518 2410 dolo
1538 2357 1679 2426 praeterito
1699 2363 1725 2412 et
1742 2355 1775 2410 de
1791 2355 1932 2410 fructibus

1121 2425 1154 2478 de
1171 2425 1266 2494 quibus
1283 2443 1343 2478 cum
1357 2425 1443 2480 forma
1460 2431 1568 2478 senatus
1586 2425 1706 2480 consulto
1724 2425 1758 2478 sit
1775 2425 1845 2488 data,
1865 2425 1932 2492 opti·

1120 2509 1191 2546 mum
1210 2499 1250 2548 est
1267 2493 1350 2560 ipsius
1368 2499 1477 2548 senatus
1496 2495 1610 2548 consulti
1627 2493 1874 2564 interpretationem
1892 2491 1905 2544 i
1922 2523 1932 2534 -

1121 2575 1181 2614 cere
1205 2561 1290 2614 verbis
1316 2563 1371 2614 eius
1395 2563 1494 2614 relatis.
1532 2563 1626 2614 ‘Pridie
1644 2561 1703 2614 1111
1722 2561 1833 2614 Martias
1853 2561 1932 2626 Quin·

1121 2633 1172 2680 ‘tus
1187 2629 1270 2680 Iulius
1285 2629 1386 2682 Balbus
1402 2635 1428 2680 et
1442 2629 1554 2682 Publius
1569 2629 1704 2682 luventius
1721 2627 1812 2682 Celsus
1830 2629 1934 2680 Titius*

1120 2695 1251 2748 ‘Aufidius
1268 2695 1375 2750 Oenus⁵
1391 2695 1548 2748 Severianus
1565 2695 1704 2750 11111111ῢ
1719 2697 1797 2748 rerba
1812 2695 1932 2748 fecerunt

1118 2761 1160 2816 ‘de
1185 2763 1241 2826 his,
1270 2779 1338 2830 quae
1362 2763 1508 2830 imperator
1535 2763 1650 2818 Caesar⁷
1677 2763 1785 2816 Traiani
1812 2763 1930 2814 Parthici

1118 2829 1194 2884 ‘filius
1214 2829 1264 2884 divi
1279 2829 1383 2884 Nervae
1400 2833 1503 2896 1111111Β
1518 2831 1670 2884 Hadrianus
1688 2833 1824 2898 Augustus
1843 2831 1924 2898 impe-

1116 2899 1216 2950 ‘rator⁹
1230 2899 1413 2966 maximusque
1421 2899 1543 2966 princeps
1552 2899 1689 2968 proposuit
1703 2901 1722 2930 ¹⁰
1737 2899 1827 2968 quinto
1839 2915 1922 2952 nonas

1115 2965 1235 3018 ‘Martias
1262 2981 1328 3032 qtrac
1355 2966 1490 3032 proximae
1515 2965 1622 3020 fuerunt
1648 2967 1734 3020 libello
1769 2967 1920 3034 complexus

1115 3039 1206 3096 ι11111,
1232 3031 1294 3100 quid
1311 3031 1368 3086 fieri
1385 3033 1506 3100 placeat,
1531 3033 1563 3086 de
1580 3049 1632 3100 qua
1649 3049 1677 3086 re
1695 3033 1732 3086 ita
1751 3043 1920 3088 censuerunt.

1114 3105 1146 3154 tio
1182 3099 1265 3162 ‘Onna
1284 3105 1427 3166 antequam
1443 3105 1533 3166 partes
1549 3101 1665 3154 caducae
1680 3115 1713 3154 ex
1727 3101 1805 3154 bonis
1817 3101 1920 3154 Rustici

1115 3167 1188 3220 ‘fisco
1207 3171 1374 3236 peterentur,
1392 3167 1434 3230 hi,
1455 3167 1499 3234 qui
1517 3183 1545 3220 se
1561 3169 1669 3222 heredes
1688 3183 1745 3220 esse
1763 3169 1920 3232 existimant,

1115 3235 1293 3288 ‘hereditatem
1310 3235 1518 3298 distraxerint¹¹,
1533 3235 1638 3302 placere
1652 3235 1776 3288 redactae
1793 3249 1825 3286 ex
1835 3235 1920 3302 pretio

1113 3307 1211 3354 ‘rerum
1228 3301 1390 3354 venditarum
1408 3301 1536 3370 pecuniae
1554 3317 1649 3356 usuras
1666 3317 1720 3354 non
1738 3317 1795 3356 esse
1813 3303 1917 3370 exigen-

1114 3375 1144 3424 oe
1181 3369 1237 3424 ‘das
1251 3367 1373 3436 idemque
1383 3367 1411 3420 in
1421 3367 1548 3424 simihbus
1558 3369 1645 3424 causis
1655 3369 1820 3424 servandum.
1856 3371 1921 3424 ltem

1114 3437 1246 3508 placere,
1262 3453 1278 3490 a
1295 3437 1390 3504 quibus
1407 3435 1540 3490 hereditas
1557 3437 1640 3502 petita
1655 3437 1764 3502 luisset,
1788 3437 1810 3490 si
1829 3437 1920 3490 adver·

1113 3509 1167 3556 ‘sus
1187 3519 1230 3556 eos
1248 3505 1392 3558 iudicatum
1411 3509 1492 3568 esset,
1510 3505 1608 3572 pretia,
1634 3519 1702 3582 qnae
1720 3505 1754 3556 11
1772 3519 1816 3558 111
1834 3521 1922 3558 rerum

1114 3577 1155 3624 ‘ex
1181 3571 1327 3624 hereditate
1354 3571 1518 3624 venditarum
1543 3577 1737 3640 pervenissent,
1770 3571 1818 3626 etsi
1845 3573 1922 3626 11112

1114 3643 1184 3694 ‘ante
1193 3639 1303 3708 petitam
1311 3639 1483 3692 hereditatem
1493 3639 1655 3706 deperissent
1665 3637 1845 3694 deminutaeve
1853 3639 1919 3694 fois-

1114 3711 1143 3760 oc
1178 3711 1259 3772 sent,
1284 3707 1423 3760 restituere
1446 3705 1550 3760 debere.
1585 3709 1651 3760 Item
1669 3723 1713 3760 eos
1732 3707 1776 3774 qni
1794 3709 1864 3760 bona
1882 3709 1921 3760 in-

1113 3775 1259 3838 ‘vasissent
1280 3791 1339 3826 cum
1350 3775 1370 3806 ¹³
1388 3775 1485 3828 scirent
1500 3775 1534 3828 ad
1549 3789 1577 3828 se
1592 3791 1647 3828 non
1660 3775 1800 3844 pertinere,
1820 3776 1922 3830 etiamsi

1113 3847 1184 3896 ‘ante
1200 3841 1274 3894 litem
1292 3847 1467 3896 contestatam
1484 3841 1610 3906 11111111,
1629 3859 1680 3910 quo
1698 3843 1785 3896 minus
1803 3843 1921 3910 posside-

1113 3913 1188 3972 rent,
1205 3909 1314 3976 perinde
1332 3909 1560 3972 condemnandos,
1579 3911 1653 3976 quasi
1670 3909 1847 3976 possiderent:
1877 3925 1921 3964 eos

1113 3981 1219 4040 ι1111111,
1240 3977 1284 4044 qui
1301 3977 1385 4030 iustas
1405 3991 1499 4030 causas
1517 3977 1680 4040 habuissent,
1699 3991 1780 4044 quare
1797 3979 1869 4030 bona
1887 3979 1921 4030 ad

1113 4045 1299 4110 ‘sepertinere
1317 4045 1524 4108 existimassent,
1549 4059 1580 4096 us
1599 4061 1632 4098 ne
1651 4061 1680 4098 eo
1700 4045 1851 4108 dumtaxat,
1869 4063 1920 4114 qno

1113 4117 1147 4166 dd
1181 4111 1375 4180 ‘locupletiores
1409 4127 1442 4164 ex
1469 4127 1499 4166 ea
1524 4127 1554 4166 re
1579 4061 1644 4166 111111
1670 4117 1765 4166 essent.
1807 4113 1922 4166 Petitam

1113 4183 1210 4234 ‘antem
1226 4179 1290 4232 fisco
1306 4179 1479 4234 hereditatem
1493 4195 1526 4234 ex
1541 4195 1569 4234 eo
1586 4185 1704 4248 tempore
1720 4179 1921 4234 existimandum

1113 4251 1194 4312 esse,
1220 4261 1272 4314 quo
1289 4247 1402 4314 primunr
1421 4247 1509 4300 scierit
1527 4247 1636 4316 quisque
1655 4263 1712 4300 eam
1730 4263 1746 4300 a
1763 4263 1791 4302 se
1809 4249 1876 4314 peti,
1896 4247 1922 4298 id

1113 4319 1161 4368 ‘est
1179 4331 1239 4368 cum
1256 4315 1370 4382 primum
1388 4321 1435 4368 aut
1450 4315 1632 4370 denuntiatum
1646 4321 1716 4370 esset
1730 4317 1752 4368 ei
1766 4321 1812 4368 aut
1827 4315 1921 4366 litteris

1113 4381 1267 4436 ‘valedicto
1287 4389 1410 4438 euocatus
1430 4389 1507 4438 esset.
1536 4383 1712 4438 censuerunt.
1740 4381 1857 4450 aptanda
1882 4387 1923 4434 est

1112 4451 1191 4518 igitur
1205 4449 1281 4504 nobis
1296 4451 1404 4518 singulis
1419 4453 1505 4506 verbis
1520 4455 1626 4504 senatus
1645 4449 1758 4504 consulti
1774 4465 1920 4516 congruens

1113 4523 1125 4570 1
1162 4519 1353 4586 interpretatio.
1380 4519 1426 4570 Ait
1444 4525 1565 4570 senatus:
1584 4523 1653 4570 ‘cum
1670 4521 1811 4584 antequam
1829 4523 1922 4582 partes

1113 4585 1240 4638 ‘caducae
1264 4585 1328 4640 fisco
1346 4585 1515 4654 peterentur'.
1542 4585 1593 4636 hoc
1618 4589 1753 4648 evenerat,
1778 4587 1807 4636 ut
1832 4591 1921 4652 partes

1112 4653 1230 4708 caducae
1247 4653 1311 4708 fisco
1329 4657 1496 4720 peterentur:
1520 4651 1566 4704 sed
1584 4657 1610 4704 et
1627 4651 1649 4704 si
1667 4665 1700 4704 ex
1718 4665 1777 4704 asse
1792 4651 1854 4716 liat,
1880 4667 1920 4706 se-

1112 4727 1191 4774 natus
1211 4723 1360 4774 consultum
1376 4723 1464 4774 locum
1481 4719 1603 4772 habebit:
1622 4717 1698 4784 idern,
1718 4725 1743 4772 et
1761 4719 1784 4772 si
1798 4721 1922 4774 vacantia

1113 4791 1182 4842 bona
1197 4789 1261 4842 fisco
1271 4789 1438 4842 vindicentur
1452 4789 1494 4840 vel
1507 4787 1530 4840 si
1545 4801 1576 4840 er
1592 4785 1644 4840 111
1659 4801 1825 4856 quacumque
1838 4805 1921 4844 causa

1114 4861 1128 4912 8
1163 4859 1234 4912 bona
1253 4857 1287 4910 ad
1304 4871 1365 4910 eum
1381 4857 1565 4924 pervenerunt,
1583 4857 1692 4906 senatus
1705 4855 1856 4908 consultum
1869 4857 1921 4910 hoc

1114 4929 1128 4978 9
1163 4927 1252 4980 locuni
1274 4923 1396 4978 habebit:
1424 4927 1451 4976 et
1474 4921 1497 4998 si
1525 4919 1624 4972 ciuitati
1641 4927 1783 4988 peteretur.
1818 4923 1850 4976 ln
1867 4925 1921 4992 pri·

1112 4997 1233 5046 vatorum
1243 5007 1345 5062 qnoque
1360 4989 1531 5058 petitionrbns
1547 4993 1653 5042 senatus
1670 4991 1818 5044 consultum
1832 4993 1922 5044 locum

1112 5059 1211 5114 habere
1228 5075 1304 5114 nemo
1325 5065 1364 5112 est
1382 5055 1427 5124 qui
1444 5055 1566 5124 ambigit,
1589 5057 1651 5110 licet
1667 5057 1695 5110 in
1711 5059 1819 5128 publica
1838 5073 1921 5112 causa

1114 5131 1144 5182 10
1178 5127 1280 5186 facturn
1297 5125 1339 5186 sit.
1375 5123 1437 5176 Non
1454 5123 1539 5176 solum
1557 5131 1645 5180 autem
1661 5125 1689 5180 in
1706 5125 1854 5180 hereditate
1868 5125 1920 5178 uti-

1111 5211 1171 5248 1111
1188 5197 1296 5248 1111111
1316 5191 1446 5256 consulto,
1465 5191 1512 5244 sed
1530 5197 1557 5246 et
1573 5193 1600 5248 iu
1617 5195 1720 5264 peculio
1737 5193 1865 5248 castrensi
1880 5193 1921 5248 vel

1113 5267 1142 5314 11
1179 5263 1232 5314 aha
1256 5257 1436 5314 universitate.
1472 5261 1599 5316 ‘Petitam
1624 5269 1713 5316 autem
1739 5261 1920 5314 hereditatem'

1112 5335 1258 5392 etcetera:
1276 5325 1303 5378 id
1321 5331 1362 5380 est
1379 5341 1411 5380 ex
1429 5343 1481 5396 quo
1500 5329 1557 5398 quis
1573 5331 1624 5384 scit
1638 5347 1654 5384 a
1669 5345 1697 5384 se
1711 5329 1779 5398 peti:
1798 5345 1860 5382 nam
1875 5329 1921 5382 nbi

1112 5395 1176 5460 scit,
1193 5395 1287 5464 incipit
1304 5407 1362 5448 esse
1379 5395 1465 5450 malae
1482 5397 1545 5454 fidei
1562 5413 1707 5468 possessor.
1736 5397 1771 5450 ‘id
1795 5403 1836 5452 est
1861 5413 1921 5450 curn

1112 5463 1234 5532 ‘primum
1257 5467 1304 5516 aut
1327 5461 1511 5520 denuntiatum
1535 5469 1626 5522 esset':
1651 5465 1714 5536 quid
1738 5481 1799 5534 ergo
1823 5465 1848 5518 si
1869 5463 1922 5518 scit

1112 5631 1146 5694 (8)
1164 5629 1287 5682 Trfliflffllt
1298 5635 1342 5684 ins·
1387 5639 1420 5698 (9)
1436 5635 1755 5702 imperator]optimusscr.
1800 5635 1844 5696 (11)
1862 5649 1920 5696 pro·

1110 5697 1206 5762 posuit]
1216 5701 1394 5766 paterpatriae
1403 5705 1518 5756 Pithoeus
1642 5705 1683 5768 (11)
1702 5697 1922 5752 111111111111111*

1112 5767 1156 5830 (12)
1175 5767 1239 5818 θᾶΡ
1302 5771 1344 5836 (ts)
1364 5773 1429 5836 cnm]
1440 5787 1558 5838 quaeror.

1670 5851 1719 5904 tt*
