4366 6258
272 349 430 418 XXXXH
452 355 482 420 2.
500 355 567 420 3.4

1085 353 1147 424 tib

1542 379 1588 424 DE
1611 379 1770 426 GESSIONE
1791 379 1953 426 Bonosus

963 453 1271 464 —n-n—-a-n--u-n—u--fl-

276 547 287 592 1
323 553 378 594 non
401 539 460 592 erit.
496 539 526 592 Si
567 539 609 592 uia
630 539 762 594 incertum
785 541 946 596 confiteatur
968 541 1010 596 vel
1028 559 1086 596 cor-

272 621 325 676 pus
343 607 377 660 sit
395 555 672 686 nomenniomen
688 609 860 664 velandum
878 607 942 664 dare
959 625 990 664 se
1007 625 1086 678 opor-

273 681 330 728 tere
339 677 355 740 ¹,
385 691 493 744 unguen
517 675 608 742 debet,
638 681 669 730 nt
694 683 798 732 certum
821 673 994 732 confiteatur:
1023 679 1087 730 item

272 745 359 808 eum2,
378 745 496 812 quirem
514 743 653 800 confessus
673 751 721 810 est,
739 751 770 800 ut
791 749 892 800 certam
909 745 1086 814 quantitatem

274 817 288 864 2
324 811 447 866 fateatur.
483 811 536 866 Sed
554 819 581 864 et
597 811 621 868 si
637 813 750 868 fundum
773 811 906 868 vindicem
922 829 1010 866 meum
1028 829 1087 868 esse

273 885 355 946 tuque
373 877 513 934 confessus
530 879 582 944 sis,
599 881 708 948 perinde
726 879 882 946 habeberis,
899 885 980 948 atque
998 879 1021 934 si
1039 881 1086 934 do-

274 945 346 1000 minii
368 947 420 1000 mei
440 945 554 1000 fundum
581 961 641 1000 esse
668 947 874 1016 pronuntiatum
896 951 975 1000 esset.
1016 949 1086 1000 etsi

274 1013 327 1066 alia
350 1027 516 1080 quacumque
538 1015 645 1068 actione
669 1015 739 1068 civili
759 1015 804 1066 vel
826 1015 969 1080 honoraria
986 1015 1028 1068 vel
1044 1015 1086 1066 in·

273 1081 386 1136 terdicta
410 1081 569 1136 exhibitorio
593 1083 635 1136 vel
656 1081 823 1136 restitutorio
846 1081 889 1134 vel
908 1081 1087 1150 prohibitorio

274 1148 337 1203 dum
353 1147 413 1216 quis
431 1147 600 1216 convenitur,
626 1149 799 1214 confiteatur,
823 1147 876 1202 dici
893 1153 983 1216 potest
998 1149 1026 1202 in
1044 1147 1086 1202 his

275 1217 395 1270 omnibus
427 1217 555 1284 subsequi
582 1221 735 1288 praetorem
767 1217 932 1272 voluntatem
958 1215 1086 1270 credonis

274 1285 326 1338 divi
342 1285 430 1338 Marci
453 1285 550 1338 debere
572 1295 598 1340 et
617 1301 693 1340 omne
710 1285 832 1348 omnino,
872 1285 927 1338 uod
944 1285 1004 1366 quis
1023 1299 1086 1338 con·

274 1351 360 1406 fessus
383 1357 437 1416 est,
461 1367 511 1420 pro
533 1353 651 1406 iudicato
676 1351 784 1406 hahere.
821 1301 929 1404 dsiitur
948 1351 1031 1420 igitur
1055 1367 1087 1404 ex

274 1419 315 1474 his
330 1419 488 1484 actionibus,
507 1435 540 1474 ex
559 1421 654 1488 quibus
672 1419 729 1474 dies
747 1417 828 1472 datur
845 1419 880 1472 ad
894 1419 1087 1474 restituendam

274 1503 344 1552 rem,
367 1485 491 1542 confesso
512 1493 618 1556 tempus
641 1485 677 1540 ad
699 1485 958 1552 restitutionem'ct,
986 1489 1009 1540 si
1032 1501 1088 1540 non

275 1559 288 1606 3
324 1555 489 1622 restituatur,
507 1553 539 1608 lis
558 1553 750 1610 aestimabitur.
788 1553 892 1622 Siquis
911 1555 1020 1610 absente
1039 1553 1086 1606 ad-

275 1621 390 1676 versario
415 1621 554 1676 confessus
577 1621 624 1688 sit,
647 1621 801 1688 videndum,
824 1621 952 1690 numquid
968 1637 1023 1676 non
1041 1621 1086 1674 de-

274 1689 336 1742 beat
361 1705 410 1756 pro
439 1689 558 1744 iudicato
581 1689 675 1744 haberi
683 1689 700 1754 ³,
725 1687 788 1756 quia
810 1705 861 1744 nec
885 1689 931 1758 qui
954 1689 1027 1742 iurat
1054 1689 1087 1742 de

274 1757 387 1826 operisf,
413 1757 547 1826 obligatur
569 1771 619 1810 nec
642 1757 728 1810 soleat
751 1757 810 1826 quis
835 1757 938 1810 absenti
962 1757 1086 1812 condem-

274 1825 342 1878 nari.
367 1831 440 1880 certe
452 1829 660 1894 procuratorem,
679 1829 795 1878 tutorem
809 1831 992 1880 curatoremve
1007 1841 1086 1894 prae·

275 1897 290 1946 4
326 1899 428 1948 εεεεεει
443 1907 501 1948 εεεε
516 1891 624 1946 sufficit.
651 1891 705 1948 Sed
719 1909 755 1946 an
769 1899 796 1948 et
809 1893 819 1948 1
839 1909 884 1948 sos
897 1899 1086 1962 procuratores

275 1963 315 2014 vel
332 1967 435 2014 tutores
456 1961 498 2014 rel
516 1965 653 2014 curatores
677 1961 756 2016 fateri
780 1977 812 2016 su
845 1963 911 2028 ciat,
933 1961 1085 2030 videamus:

275 2035 288 2082 5
309 2035 351 2084 et
367 2045 422 2082 non
438 2035 504 2098 puto
522 2027 654 2084 sufficere.
684 2029 717 2082 ln
733 2029 837 2100 pupillo
854 2031 951 2086 tutoris
968 2029 1086 2086 auctori-

275 2103 289 2152 6
324 2103 407 2152 tatem
425 2097 570 2166 exigirnos.¹
596 2097 729 2152 Minorem
751 2115 768 2152 a
790 2099 959 2154 confessione
977 2113 1026 2154 sua
1043 2113 1086 2154 re-

275 2173 287 2218 i
324 2167 473 2220 stituemus.
524 2165 645 2220 Confessi
677 2167 768 2236 utique
799 2173 862 2236 post
893 2167 1086 2224 confessionem

274 2241 394 2360 tanqpora
411 2235 489 2302 quasi
506 2251 539 2290 ex
557 2251 640 2288 causa
656 2235 769 2290 iudicati
786 2237 933 2290 habebunt.

345 2305 513 2356 Aristaenus
527 2303 596 2358 libro
612 2305 705 2372 qaiato
721 2305 909 2374 quaeritabam
936 2303 1085 2356 Gumfidei-

276 2371 445 2428 commissum
467 2377 616 2440 peteretur,
643 2371 721 2426 heres
746 2371 888 2426 confessus
910 2377 951 2426 est
974 2371 1085 2426 debere:

275 2441 375 2494 arbiter
392 2439 428 2494 ad
444 2439 638 2494 restituendum
656 2437 735 2494 datus
753 2439 884 2508 comperit
900 2439 967 2494 nihil
980 2439 1085 2494 deberi:

277 2509 426 2578 quaesitum
443 2513 498 2572 est,
525 2523 561 2560 an
577 2507 663 2576 possit
680 2509 828 2562 absolvere.
863 2507 990 2578 respondi
1006 2523 1086 2578 posse

275 2579 416 2642 interesse,
443 2591 497 2644 qua
518 2591 651 2630 excausa
675 2575 741 2630 nihil
758 2575 896 2632 debeatur.
931 2591 993 2630 nam
1010 2577 1033 2630 si
1051 2579 1086 2632 ob

275 2645 316 2710 id,
340 2645 411 2714 quod
429 2643 530 2698 nudum
547 2643 780 2698 fideicommissum
797 2643 893 2710 fuerit,
917 2659 972 2698 non
989 2643 1086 2700 dehere

276 2729 336 2766 eum
353 2713 521 2766 absolvere⁵:
539 2713 564 2768 si
580 2727 643 2768 vero
662 2713 723 2782 quia
740 2717 855 2768 testator
872 2711 942 2768 forte
959 2713 1086 2768 solvendo

276 2799 330 2836 non
351 2785 409 2836 erat
431 2787 479 2836 aut
496 2781 567 2850 quod
590 2781 667 2836 heres
686 2797 762 2836 crare
780 2781 897 2836 solutum
915 2783 992 2836 tasse⁶
1013 2783 1086 2852 apud

276 2855 426 2974 ffiemm
445 2849 547 2906 dixerat
564 2857 599 2916 et,
619 2867 678 2904 curn
696 2851 879 2906 conbcversia
890 2857 918 2906 et
930 2849 1084 2920 conputatio

295 2919 300 2930 '
334 2919 408 2974 cilicr
435 2923 517 2986 esset,
545 2919 648 2974 arbiter
673 2919 752 2974 datus
774 2917 869 2986 fuerit,
900 2917 972 2974 salvo
996 2919 1099 2976 officio¹

276 3003 336 3040 eum
353 2987 551 3042 absoluturum:
575 2989 624 3040 has
643 2987 711 3040 eninr
728 2995 819 3056 partes
838 2987 895 3042 eius
914 3001 983 3052 esse,
1001 2995 1043 3056 nt,
1063 2987 1086 3042 si

276 3055 303 3108 in
327 3055 525 3126 computatione
551 3055 617 3110 nihil
639 3055 803 3122 inveniatur,
828 3055 916 3124 possit
938 3056 1084 3112 absolvere.

277 3123 324 3178 sed
345 3127 389 3180 et7
413 3141 447 3180 ex
469 3127 607 3196 superiore
632 3141 697 3180 casu
721 3125 756 3180 ad
778 3131 930 3196 praetorem
943 3127 1086 3182 remittere

276 3193 367 3258 dehet,
386 3199 417 3250 ut
434 3193 595 3250 absolvatur.
959 3255 960 3258 Ἴ

311 3259 328 3320 8
348 3263 466 3318 Paucas
485 3263 554 3318 libro
577 3267 675 3334 quarto
696 3261 735 3316 ad
750 3261 882 3318 Sabinam
917 3263 977 3318 Non
1000 3261 1084 3318 omni-

276 3331 354 3386 modo
374 3331 511 3388 confessus
529 3331 700 3388 condemnari
719 3331 798 3386 debet
814 3331 855 3386 rei
871 3333 987 3398 nomine,
1007 3349 1085 3400 quae,

278 3415 312 3452 an
329 3399 357 3454 in
374 3417 463 3454 rerum
481 3407 578 3454 natura
596 3405 673 3466 esset,
691 3399 822 3454 incertum
841 3399 882 3454 sit.

647 3607 717 3668 111⁸.

471 3709 519 3756 DE
537 3705 701 3758 OESSIONE
719 3707 891 3756 BONORUM.

314 3803 327 3862 l
353 3805 498 3862 Uarianos
510 3807 578 3862 libro
590 3807 703 3890 septimo
714 3807 816 3862 decima
830 3807 867 3862 ad
878 3805 993 3862 edictam
1022 3807 1085 3862 Ure.-

1140 541 1218 596 titate
1236 543 1293 596 eius
1311 541 1383 610 qnod
1400 541 1562 608 adquisitum
1580 547 1621 596 est
1634 555 1669 594 an
1682 557 1745 596 vero
1760 559 1793 596 ex
1808 543 1952 610 qualitate?

1142 615 1168 664 et
1188 615 1281 678 putem
1305 625 1339 662 ex
1361 609 1513 678 quantitate
1538 609 1567 664 id
1592 607 1788 664 aestimandum
1815 625 1873 664 esse
1900 613 1952 666 eius

1142 677 1216 744 quod
1232 675 1355 744 quaesiit,
1374 677 1517 730 dummodo
1534 677 1601 730 illud
1618 675 1743 742 sciamus,
1760 677 1784 730 si
1799 679 1863 744 quid
1877 679 1951 730 mise-

1140 743 1272 798 ricordiae
1295 759 1377 800 carna
1400 745 1425 796 ei
1442 743 1524 798 fuerit
1540 745 1677 808 relictum,
1703 749 1769 812 puta
1791 753 1951 802 menstruum

1139 812 1182 866 vel
1199 829 1318 866 annuum
1334 811 1521 864 alimentorum
1533 811 1647 878 nomine,
1666 827 1722 866 non
1736 817 1860 880 oportere
1874 829 1950 880 prop·

1140 885 1182 932 ter
1198 881 1251 934 hoc
1268 879 1341 932 bona
1358 879 1416 932 eius
1433 879 1530 932 iterato
1548 879 1710 932 venundari:
1728 893 1778 932 nec
1796 877 1866 932 enim
1880 879 1950 932 frau-

1141 945 1244 1000 dandus
1267 951 1309 1000 est
1331 945 1464 1000 alimentis
1487 945 1649 1000 cottidianis.
1688 945 1759 1000 idem
1786 949 1814 998 et
1841 947 1865 1000 si
1889 961 1950 1002 usus

1139 1013 1243 1066 fructus
1262 1013 1287 1066 ei
1304 1013 1340 1066 sit
1358 1027 1503 1066 concessus
1520 1013 1563 1066 vel
1577 1013 1695 1080 legatus,
1719 1027 1753 1066 ex
1776 1027 1828 1078 quo
1850 1017 1950 1070 anton

1139 1081 1212 1150 perci
1231 1079 1293 1144 itur,
1313 1085 1443 1146 quantum
1461 1079 1488 1132 ei
1504 1081 1690 1132 alimentorum
1704 1081 1811 1132 nomine
1823 1081 1887 1132 satis
1904 1087 1949 1136 est.

1175 1143 1192 1202 7
1245 1161 1404 1202 nossemus
1419 1147 1488 1202 libro
1505 1147 1622 1202 secando
1636 1147 1835 1216 pandectarum
1867 1147 1896 1200 Si
1908 1147 1950 1202 de-

1139 1213 1233 1270 bitoris
1246 1217 1318 1270 bona
1331 1213 1469 1280 venierint,
1487 1213 1688 1284 postulantibus
1704 1213 1880 1270 creditoribus
1892 1231 1949 1284 per-

1139 1283 1253 1336 mittitur
1263 1299 1371 1336 rorsum
1382 1281 1500 1336 eiusdem
1514 1283 1639 1336 debitoris
1652 1283 1725 1336 bona
1737 1281 1856 1346 distrahi,
1870 1283 1950 1340 donec

1139 1365 1217 1402 suum
1235 1355 1446 1418 consequantur,
1466 1351 1573 1404 sitales
1590 1357 1681 1404 tamen
1698 1349 1842 1402 securitates
1861 1349 1949 1418 adqui-

1140 1417 1208 1472 sitae
1225 1419 1290 1472 sunt
1307 1417 1430 1482 debitori,
1449 1417 1546 1486 quibus
1564 1423 1675 1486 praetor
1691 1415 1791 1470 moveri
1807 1417 1901 1486 possit.

1174 1479 1192 1540 8
1221 1483 1368 1540 oneraria
1391 1485 1461 1540 libro
1485 1487 1627 1540 vicensimo
1649 1489 1729 1540 sexto
1757 1483 1795 1538 ad
1820 1483 1950 1540 adierunt

1139 1551 1191 1620 Qui
1208 1551 1280 1606 cedit
1297 1553 1387 1618 honis,
1410 1557 1553 1620 antequam
1571 1551 1691 1606 debitum
1708 1553 1866 1620 adgnoscat,
1889 1567 1948 1606 con-

1139 1621 1278 1672 demnettrr
1295 1621 1336 1674 vel
1352 1621 1381 1672 in
1397 1619 1440 1672 ius
1460 1619 1628 1688 confiteatur,
1646 1621 1735 1674 audiri
1751 1635 1806 1672 non
1823 1619 1909 1674 debet.

1173 1683 1191 1744 9
1215 1685 1394 1742 Maecianus
1419 1687 1488 1742 libro
1511 1689 1605 1768 quicto
1630 1687 1733 1744 decimo
1757 1687 1948 1742 factitationem

1139 1755 1221 1810 Bonis
1239 1755 1298 1810 cedi
1315 1771 1370 1810 uon
1388 1761 1494 1810 tantum
1510 1771 1539 1810 111
1555 1755 1625 1822 iure,
1649 1757 1698 1810 sed
1721 1755 1800 1810 etiem
1818 1763 1894 1810 extra
1911 1757 1948 1812 ius

1138 1829 1241 1946 εᾰεεὲεεἸ
1271 1823 1422 1904 εειεε111ε11
1439 1829 1467 1878 et
1483 1839 1532 1894 per
1548 1825 1671 1878 nuntium
1688 1825 1730 1878 vel
1746 1839 1795 1894 per
1813 1825 1948 1892 epistulam

1138 1909 1147 1944 1
1202 1907 1323 1946 eearan.

1498 2101 1596 2160 111120.

1139 2199 1263 2258 QUIBUS
1286 2199 1336 2250 EX
1358 2199 1475 2250 crosis
1498 2199 1536 2250 IN
1559 2201 1810 2252 POSSESSIONEM
1831 2203 1947 2254 EATUR.

1174 2299 1187 2356 1
1221 2299 1368 2356 Uarianos
1393 2299 1461 2354 libra
1484 2299 1640 2354 duodecima
1664 2299 1701 2354 ad
1723 2299 1838 2356 cdc'clam
1883 2301 1947 2356 Tres

1137 2369 1194 2424 fere
1212 2383 1311 2422 causae
1328 2373 1404 2434 sunt,
1430 2383 1463 2422 ex
1481 2369 1577 2440 quibus
1595 2369 1623 2422 in
1638 2369 1864 2440 possessionem¹¹
1882 2371 1948 2426 mitti

1138 2437 1218 2492 solet:
1243 2437 1284 2492 rei
1306 2437 1455 2492 servandae
1478 2453 1573 2504 causa,
1595 2437 1660 2492 item
1677 2437 1826 2506 legatorum
1844 2455 1947 2492 servan

1139 2505 1234 2562 dorum
1250 2505 1338 2574 gratia
1355 2511 1383 2560 et
1399 2505 1499 2560 ventris
1515 2505 1630 2560 nomine.
1667 2505 1756 2560 damni
1775 2507 1842 2560 caim
1859 2507 1948 2562 infecti

1139 2575 1245 2630 nomine
1263 2575 1287 2628 si
1304 2591 1358 2628 non
1376 2581 1514 2642 caveatur,
1538 2591 1593 2630 non
1615 2575 1674 2628 in¹²
1697 2575 1879 2630 universorum
1902 2593 1947 2630 no-

1138 2643 1208 2722 mine
1230 2641 1262 2696 fit
1283 2643 1389 2708 missio,
1415 2643 1463 2698 sed
1485 2645 1524 2698 rei
1547 2647 1664 2710 mutum,
1692 2643 1725 2698 de
1749 2659 1803 2714 qua
1826 2643 1947 2700 damnum

1138 2715 1292 2860 tmlelllrlhn
1305 2779 1489 2860 libraqaiqtq
1505 2779 1673 2860 odncdictam
1707 2779 1888 2860 Praetor'ait:
1915 2781 1947 2834 ‘iu

1139 2849 1218 2904 ‘bona
1241 2863 1313 2916 mus,
1342 2863 1387 2918 qur
1408 2847 1507 2902 rudrcm
1529 2849 1640 2904 sistendi
1663 2865 1746 2904 causa
1768 2847 1947 2904 fideiussorem

1138 2917 1232 2982 dedit,
1258 2917 1282 2972 si
1305 2931 1392 2998 neque
1415 2922 1576 2986 potestatem
1597 2917 1640 2972 sui
1656 2917 1739 2972 faciet
1755 2933 1842 2986 neque
1859 2919 1947 2972 defen·

1140 2991 1149 3038 1
1187 2985 1296 3040 deretur
1306 2987 1335 3050 ¹³,
1352 2985 1387 3040 rri
1403 2984 1519 3040 iubebo’.
1548 2987 1713 3040 Potertctem
1731 2991 1820 3040 autern
1837 2987 1878 3040 sui
1895 3003 1948 3040 non

1137 3055 1215 3120 facit,
1240 3055 1338 3124 quiid
1361 3053 1430 3122 agit,
1456 3069 1490 3106 ne
1512 3053 1680 3112 adversarius
1701 3055 1759 3110 eius
1781 3055 1885 3124 copiam
1908 3055 1947 3110 sui

1138 3127 1152 3178 2
1187 3125 1299 3178 haheat:
1318 3139 1380 3192 ergo
1399 3121 1528 3178 latitantis
1542 3123 1614 3178 bona
1627 3123 1701 3178 iubet
1714 3123 1853 3190 possideri.
1880 3123 1947 3190 Quid

1137 3193 1160 3248 si
1182 3209 1237 3246 non
1259 3193 1361 3258 latitet,
1385 3191 1434 3248 sed
1455 3193 1552 3246 absens
1575 3207 1630 3246 non
1653 3191 1830 3246 defendatur?
1860 3207 1946 3246 nonne

1138 3267 1160 3340 3·
1186 3261 1292 3336 videtur
1304 3265 1467 3342 potestatem
1480 3261 1522 3340 sui
1536 3277 1590 3316 non
1602 3259 1710 3316 facere?
1734 3259 1848 3316 Defendi
1860 3267 1945 3340 auten

1136 3329 1248 3396 utetur,
1267 3345 1313 3400 qur
1330 3345 1379 3400 per
1396 3331 1545 3384 absentiam
1562 3345 1638 3384 snam
1654 3331 1683 3384 in
1699 3331 1773 3382 nullo
1792 3329 1946 3384 deteriorem

1137 3405 1153 3452 4
1189 3397 1608 3454 causamadversariifaciat1t
1649 3397 1724 3452 Haec
1746 3399 1827 3454 verba
1850 3397 1944 3452 ‘defen-

1138 3467 1260 3522 ‘deretur'
1272 3469 1293 3502 ¹⁵
1320 3469 1513 3538 coperuerunt
1521 3467 1542 3500 ¹⁶
1569 3467 1668 3534 scripta
1696 3471 1772 3534 sunt,
1806 3473 1836 3520 ut
1862 3481 1946 3534 neque

1137 3533 1254 3592 sufficiat
1271 3549 1398 3638 umqqpm
1415 3533 1581 3600 defendisse,
1604 3535 1629 3590 si
1650 3551 1706 3588 non
1725 3535 1803 3590 duret
1820 3535 1944 3600 defensio,

1136 3601 1652 3752 ΠθὲῃθΙιεοέεειῄ’1111801111111911ξέ1Ἠο
1675 3687 1747 3726 aaao
1773 3671 1811 3724 ool
1832 3673 1944 3726 edictam

1136 3739 1217 3808 Apud
1238 3739 1373 3794 Iulianum
1398 3745 1547 3808 quaeritur,
1574 3739 1598 3794 si
1619 3755 1785 3794 communem
1807 3755 1863 3794 rem
1886 3755 1945 3792 cum

1137 3809 1207 3862 Titio
1229 3811 1308 3876 pater
1330 3807 1425 3876 pupilli
1448 3808 1573 3864 habuerit
1596 3813 1623 3862 et
1646 3807 1780 3862 communi
1802 3807 1944 3862 dudundo

278 3875 369 3940 ditori,
392 3875 438 3946 qui
459 3877 493 3930 ob
515 3875 709 3932 restitutronem
732 3875 913 3930 aedificiorum
936 3875 1085 3944 crediderit,
1136 3877 1233 3932 iudicio
1254 3877 1374 3946 pupillus
1397 3891 1452 3932 non
1473 3873 1632 3930 defendatur
1649 3877 1767 3946 nihilque
1783 3877 1845 3940 erit,
1870 3877 1944 3932 cuius

278 3943 440 4014 privilegium
458 3943 578 4012 exigendi
595 3944 681 4000 datur.
1136 3947 1242 4000 nomine
1263 3949 1376 4014 propter
1396 3959 1539 4012 personam
1563 3943 1647 4014 patris
1676 3945 1860 4000 condemnatio
1888 3943 1944 3998 fieri

312 4009 331 4068 2
347 4013 428 4066 loen
442 4013 510 4066 libro
527 4015 668 4068 vicensima
678 4013 771 4084 primo
786 4011 824 4066 ad
836 4013 950 4068 edictam
979 4013 1011 4068 In
1023 4029 1085 4082 per·
1137 4013 1246 4068 debeat:
1264 4017 1354 4066 utrm
1371 4013 1461 4068 venire
1478 4013 1549 4068 bona
1564 4013 1648 4082 patris
1667 4019 1791 4082 oporteat
1804 4027 1839 4066 an
1853 4027 1915 4068 vero
1925 4013 1944 4046 ¹⁸

279 4081 414 4138 sodalibus
432 4081 581 4136 actionibus
599 4081 645 4150 qni
656 4085 752 4150 postea
767 4079 872 4150 quidem
887 4085 1085 4150 contraxerunt,
1136 4081 1175 4136 rei
1193 4081 1338 4138 servandae
1355 4095 1438 4136 causa
1455 4081 1650 4150 possideantur.
1678 4086 1705 4136 et
1723 4083 1761 4136 ait
1777 4081 1904 4148 Iulianus,
1922 4081 1944 4136 si

280 4165 369 4204 verum
389 4155 420 4204 ut
442 4149 556 4218 pecunia
578 4165 670 4204 eorum
691 4149 726 4204 ad
743 4151 846 4218 priores
864 4149 1005 4206 creditores
1023 4165 1085 4222 per·
1136 4149 1242 4220 quidem
1262 4153 1342 4218 pater
1364 4149 1469 4220 aliquos
1490 4147 1593 4204 hactus
1615 4151 1736 4220 percepit
1756 4155 1803 4204 aut
1820 4149 1944 4204 1εεε11119

279 4219 373 4282 veniat,
391 4219 420 4272 in
437 4219 525 4272 locum
542 4233 634 4274 eorum
651 4219 807 4274 succedunt.
1136 4237 1191 4274 rem
1209 4219 1375 4284 deteriorem,
1393 4219 1466 4274 hona
1484 4219 1539 4272 eius
1556 4219 1647 4272 venire
1662 4221 1820 4288 possunt²⁰t
1841 4219 1864 4274 si
1880 4233 1942 4274 vero

314 4283 429 4342 31ch
450 4287 516 4340 libro
539 4289 779 4358 quinquepeasimo
797 4291 890 4342 aciaco
913 4285 950 4340 ad
970 4287 1084 4342 edictam
1136 4287 1202 4342 nihil
1221 4287 1270 4352 sit,
1294 4291 1405 4356 propter
1421 4285 1494 4356 quod
1510 4287 1594 4354 patris
1611 4287 1684 4342 bona
1700 4293 1826 4354 veneant,
1849 4285 1944 4356 pupilli

280 4357 320 4420 Is,
344 4355 388 4424 qui
406 4353 483 4408 bonis
502 4357 595 4418 cessit,
614 4359 676 4408 ante
692 4371 783 4410 rerum
799 4355 977 4410 venditionem
992 4355 1033 4408 uti
1051 4371 1085 4410 ue
1134 4355 1274 4426 possideri.
1310 4355 1455 4408 Marcellus
1478 4361 1565 4408 autem
1588 4359 1665 4408 notat
1681 4369 1809 4424 perquam
1826 4357 1942 4422 iniquum

281 4423 355 4478 bonis
373 4423 428 4476 suis
446 4439 499 4476 non
517 4429 604 4478 caret:
628 4429 710 4492 quare
727 4423 749 4480 si
767 4427 877 4498 pystus
894 4423 980 4482 scierit¹
992 4439 1020 4478 se
1034 4373 1083 4478 he·
1136 4439 1194 4478 esse
1212 4439 1280 4488 eum,
1299 4423 1344 4492 qni
1361 4423 1428 4476 nihil
1446 4439 1508 4478 curn
1523 4423 1625 4492 pupillo
1643 4423 1784 4488 contraxit,
1802 4429 1942 4490 expectare

281 4491 394 4558 tendere,
412 4491 484 4546 bona
500 4489 557 4546 eius
574 4507 630 4546 non
645 4497 766 4546 veneunt.
1135 4491 1192 4546 eius
1221 4491 1398 4560 pubertatem.
1439 4505 1508 4560 quae
1536 4491 1668 4546 sonantia
1693 4491 1775 4546 hahet
1799 4491 1941 4544 rationem:

315 4559 334 4618 4
357 4559 437 4612 foen
461 4559 527 4614 libro
551 4561 792 4630 qaiaqaaqansa'mo
815 4577 885 4614 nona
912 4559 948 4614 ad
971 4559 1085 4616 edictam
1134 4559 1248 4628 ideoque
1265 4575 1326 4614 cum
1344 4565 1500 4614 contractus
1516 4573 1550 4612 ex
1563 4573 1679 4626 persona
1691 4561 1776 4628 patris
1788 4559 1941 4624 descendat,

281 4631 307 4684 Is
322 4629 367 4698 qui
381 4627 457 4684 bonis
471 4627 550 4684 cessit
563 4627 585 4682 si
599 4627 662 4696 quid
674 4633 768 4696 postea
783 4627 944 4696 adquisierit,
958 4629 986 4682 in
1000 4645 1084 4698 quan·
1135 4627 1276 4682 dicendum
1293 4627 1344 4684 erit
1361 4643 1416 4684 non
1434 4643 1493 4684 esse
1511 4627 1717 4696 exspectandam
1733 4627 1827 4696 pupilli
1844 4627 1941 4696 puber·

284 4707 294 4752 1
332 4705 387 4750 tum
404 4697 494 4752 facere
510 4701 599 4764 potest
617 4699 779 4750 convenitur.
808 4695 922 4750 Sabinus
939 4697 1085 4752 ethssius
1137 4703 1149 4750 1
1184 4701 1275 4750 tatem.
1312 4697 1485 4752 conuectum
1508 4711 1568 4750 cum
1585 4695 1789 4766 pupillo'potest
1806 4695 1858 4750 dici
1876 4701 1902 4750 et
1920 4695 1941 4750 si

281 4767 411 4836 putabant
433 4781 493 4820 enm
515 4765 559 4834 qui
580 4765 657 4820 bonis
681 4765 760 4820 cessit
782 4781 816 4818 ne
839 4765 943 4834 quidem
964 4765 998 4834 ab
1016 4765 1084 4830 aliis,
1136 4781 1196 4818 cum
1217 4779 1294 4820 servo
1316 4765 1373 4818 eius
1394 4771 1561 4818 conuectum
1583 4763 1630 4818 sit:
1655 4765 1781 4832 competit
1804 4765 1872 4816 enim
1893 4765 1939 4816 ad-

283 4837 378 4904 quibus
395 4833 480 4900 debet,
498 4849 577 4904 posse
593 4831 743 4902 inquietari.
914 4893 917 4896 ,
1134 4849 1226 4888 versus
1249 4849 1307 4888 eum
1330 4831 1362 4888 de
1385 4831 1491 4900 peonio
1514 4831 1592 4888 actio.
1627 4831 1698 4886 unde
1716 4831 1883 4900 probandum
1901 4837 1941 4884 est

317 4901 334 4960 5
353 4901 470 4956 Paucos
484 4903 551 4956 libro
569 4903 810 4972 qaiaqaaqeasimo
824 4905 903 4956 sexta
920 4901 958 4956 od
970 4901 1084 4954 edictam
1136 4917 1168 4954 ex
1179 4901 1302 4954 omnibus
1315 4901 1412 4966 causis,
1430 4901 1571 4968 exquibus
1584 4901 1711 4954 adversus
1727 4901 1857 4968 pupillum
1869 4899 1939 4954 actio

283 4971 365 5038 Quem
386 4971 504 5038 paenitet
525 4969 603 5024 bonis
621 4969 743 5034 cessisse,
766 4975 857 5038 potest
873 4969 1038 5024 defendendo
1055 4983 1086 5024 se
1135 4969 1221 5034 datur,
1238 4969 1290 5024 hoc
1307 4969 1377 5022 iden
1395 4969 1562 5022 sumendum.
1587 4975 1615 5020 et
1628 4967 1734 5024 facilius
1749 4969 1799 5020 erit
1813 4969 1864 5020 hoe
1877 4985 1939 5036 pro-

284 5039 417 5106 consequi,
435 5053 469 5092 ne
485 5039 556 5092 bona
573 5037 630 5090 eius
647 5043 767 5092 veneant.
1134 5035 1251 5092 bendum
1268 5037 1296 5090 in
1310 5051 1395 5102 servo,
1414 5035 1503 5104 quiin
1520 5051 1574 5088 rem
1591 5035 1691 5092 domini
1706 5035 1785 5090 vertit
1802 5041 1849 5088 aut
1865 5035 1940 5090 iussu

317 5103 502 5164 coarianos
516 5107 583 5160 libra
600 5107 789 5174 seaapcasimo
804 5113 902 5176 quarto
920 5105 957 5160 ad
969 5105 1085 5158 edictam
1135 5107 1150 5158 2
1184 5105 1272 5158 eins²¹
1293 5109 1341 5158 aut
1361 5105 1385 5160 si
1406 5103 1540 5158 institoria
1561 5119 1622 5158 cum
1644 5119 1675 5158 ec
1694 5103 1738 5170 egi
1753 5103 1846 5170 possit.
1881 5103 1938 5170 Ego

284 5173 333 5242 Qui
350 5173 426 5230 bonis
444 5173 498 5228 suis
515 5173 606 5238 cessit,
631 5173 654 5226 si
670 5173 804 5228 modicum
820 5173 920 5242 ahquid
935 5179 998 5244 post
1014 5173 1086 5230 hona
1133 5177 1212 5242 puto:
1236 5177 1263 5228 et
1280 5173 1304 5226 si
1322 5189 1382 5226 cum
1398 5177 1488 5226 tutore
1505 5173 1561 5226 eius
1578 5177 1746 5226 contractum
1763 5177 1818 5236 ert,
1837 5187 1869 5226 ex
1887 5185 1939 5240 qua

284 5257 333 5296 sua
345 5241 451 5296 vendita
465 5241 615 5310 adquisivit,
632 5239 728 5294 iterum
740 5243 813 5296 bona
824 5241 882 5296 ε1εε
894 5259 948 5296 non
960 5249 1083 5296 veneunt.
1135 5257 1218 5300 causa
1234 5241 1305 5296 actio
1322 5241 1350 5296 ia
1367 5239 1498 5310 pupillum
1515 5239 1601 5306 datur,
1619 5239 1703 5310 magn
1721 5245 1774 5306 est,
1800 5245 1830 5294 ut
1853 5239 1938 5294 edicto

284 5309 352 5362 unde
362 5325 423 5378 ergo
433 5311 540 5364 modum
550 5311 623 5362 hunc
635 5307 840 5376 aestimabimus,
854 5317 942 5364 utrum
955 5327 987 5364 ex
998 5325 1083 5378 quan·
1134 5313 1149 5362 3
1183 5311 1258 5364 locus
1271 5309 1314 5374 sit,
1330 5309 1521 5380 quasicumeo
1535 5315 1701 5364 contractum
1714 5307 1756 5364 sit.
1784 5307 1811 5362 Si
1822 5309 1938 5378 pupillus

284 5483 312 5542 (t)
330 5479 369 5530 vel
386 5495 475 5546 corpus
491 5481 523 5532 sit
540 5481 663 5532 censemus
677 5479 790 5530 Stichum
806 5479 846 5532 vel
863 5481 967 5534 fundum
984 5481 1044 5530 dare
1060 5497 1086 5532 se
1169 5485 1212 5544 (10)
1231 5479 1365 5542 Ed.1...1t;
1383 5481 1583 5548 Pop.13...1s.-
1596 5481 1660 5534 Bas.
1671 5485 1718 5546 9,t
1800 5483 1842 5546 (11)
1861 5483 1937 5534 bono

283 5549 450 5614 oporteredel.
518 5553 549 5614 (a)
569 5549 680 5600 eumdel.
749 5551 781 5612 (s)
800 5551 925 5602 hahereF
991 5553 1023 5612 141
1041 5549 1084 5598 ah·
1133 5549 1369 5616 rumienKracqcr
1416 5551 1460 5614 (tt)
1478 5549 1626 5602 indeledd.
1676 5551 1720 5614 (ts)
1738 5551 1935 5602 defendeturoer.

282 5619 467 5682 eentepatrcno
482 5617 527 5668 ias.
595 5621 627 5680 (st
645 5615 819 5668 absolveresll'
883 5621 915 5684 (o)
934 5617 1085 5670 omnesclu-
1134 5619 1176 5680 (itt
1195 5617 1304 5668 1εε11112
1359 5619 1402 5682 (rs)
1421 5617 1735 5684 ‘nequedafendetnr'edd
1792 5623 1835 5684 tto}
1854 5623 1936 5674 idest:

283 5689 453 5736 tnrumsescr.
523 5687 555 5750 (7)
575 5687 655 5738 etdel.
1134 5689 1233 5738 εκ1εεεε
1268 5687 1312 5752 (a)
1330 5685 1494 5740 sidefuitias.
1530 5691 1574 5752 (18)
1588 5687 1735 5758 pnpilliiaa
1771 5693 1815 5754 (ts)
1830 5689 1936 5742 1εε111’2

317 5751 689 5812 (stEd.1...t;Sct.s.e.—
705 5753 769 5806 Bas.
779 5755 803 5818 9,
818 5765 838 5806 s.
852 5783 885 5792 -
902 5755 939 5824 Os.
951 5755 1008 5806 Ood.
1020 5757 1044 5818 t,
1060 5765 1084 5808 tt
1134 5755 1181 5820 (ab)
1199 5757 1355 5822 possuntdel.
1425 5757 1470 5824 (21)
1487 5757 1725 5812 autinssuoiusdel.

284 5823 316 5884 [9)
334 5819 365 5868 ad
374 5819 480 5870 edictum
491 5837 533 5872 om.
545 5821 572 5872 F
