4366 6258
248 379 422 432 suariorum
691 337 692 340 ¹
1045 353 1111 426 131
1715 349 1872 416 XXXXV
1895 361 1913 418 s

250 547 359 604 ·Maevio
382 545 494 598 fundum
511 545 575 598 dare
598 543 749 612 spondesl',
776 547 838 612 quia
855 547 987 600 incertum
1004 549 1053 606 est,
1106 541 1218 596 ditarius
1242 541 1368 598 demucro
1386 547 1434 592 aut
1452 541 1530 592 etiam
1547 535 1638 590 heredi
1661 535 1752 614 futuro
1769 533 1914 614 stipulatus

250 615 300 674 utri
315 629 408 668 corum
426 613 581 680 adquisierit
598 613 744 678 actionem,
769 613 869 666 idcirco
887 613 987 666 inutilis
1005 611 1052 666 sti-
1105 607 1209 664 fuisset.
1244 611 1290 664 sed
1307 609 1336 664 in
1352 609 1404 662 hae
1421 607 1510 688 specie
1526 621 1619 660 servus
1636 601 1915 684 lihocxaequabrtur:

221 697 225 702 ’
249 681 349 758 palatio
366 679 543 736 exhumanda
560 687 608 734 est.
1105 681 1218 730 namet
1241 679 1263 734 si
1280 677 1351 730 filius
1376 677 1473 746 captrvi
1499 673 1571 744 patri
1597 687 1645 728 suo
1670 669 1813 740 stupidatus
1835 669 1917 726 fuant

282 747 317 808 11
343 747 487 802 Uarianos
509 745 1054 818 11111111111191111111111111111ιί81-
1105 743 1178 808 dari,
1204 761 1246 802 res
1270 745 1298 800 in
1341 745 1446 800 endcnti
1469 745 1519 798 erit
1542 749 1570 798 ct
1592 743 1615 822 si
1637 747 1713 820 pater
1730 737 1803 820 apud
1825 739 1916 820 hostes

251 821 336 878 uirium
371 815 423 870 Sed
446 815 469 868 si
491 817 542 868 sibi
564 821 612 870 aut
628 817 717 870 Primo
735 823 783 870 aut
800 817 923 870 Secundo
941 813 1054 868 dominis
1105 811 1257 880 decesserit,
1275 829 1293 866 n
1333 811 1656 868 'usmanaentividebrtur
1672 809 1754 870 fmsse
1769 809 1916 878 stlpulatro,

250 887 301 946 suis
319 883 462 952 stipulatus
478 883 521 948 sit,
539 889 566 936 et
581 883 626 936 hic
640 881 797 938 tantundem
810 883 861 936 erit
877 881 1053 950 probandum,
1106 889 1120 932 3
1157 881 1281 948 quoniam
1299 881 1356 946 alii,
1379 897 1434 934 non
1457 881 1508 934 sihi
1531 879 1674 948 stipulatus
1693 883 1740 934 θεῖ.
1775 877 1842 930 (lum
1860 893 1916 932 ser·

251 953 317 1024 quod
329 953 456 1016 Iulianus,
472 949 591 1004 inutilem
606 967 664 1004 esse
679 951 885 1018 stipulationem.
904 949 951 1006 sed
965 955 1055 1002 utrum
1105 965 1153 1002 vus
1176 947 1341 1002 fructuarius
1365 965 1460 1018 operas
1484 963 1546 1002 suas
1569 949 1686 1002 locasset
1709 953 1735 1000 et
1758 963 1788 1000 eo
1811 947 1917 1000 nomine

251 1021 360 1078 adiectio
384 1019 484 1072 inutilis
509 1023 549 1072 θεῖ
572 1021 636 1072 aut¹
666 1025 723 1072 tota
746 1019 880 1086 stipulatio
903 1017 977 1072 utilis
1001 1033 1055 1070 non
1124 1015 1246 1068 eauniam
1272 1015 1300 1068 iu
1329 1031 1413 1072 annos
1444 1015 1560 1084 singulos
1583 1014 1643 1070 dari
1671 1016 1812 1084 stiprdatus
1837 1021 1916 1078 esset,

251 1089 307 1146 est?
332 1093 396 1158 puto
415 1087 589 1140 adiectionem
607 1087 690 1142 solam
709 1103 768 1140 esse
784 1085 917 1138 inutilem:
936 1101 968 1138 eo
986 1085 1055 1138 enim
1105 1033 1180 1136 1111111
1199 1083 1288 1136 fructu
1312 1083 1418 1138 domino
1442 1085 1541 1138 residui
1563 1087 1690 1154 temporis
1708 1087 1810 1156 adquiri
1829 1087 1915 1154 stipu-

251 1155 318 1228 quod
336 1157 374 1210 ait
391 1155 480 1222 ‘miti’,
499 1155 619 1210 omnibus
638 1153 763 1222 adquisiit
779 1171 810 1206 ex
826 1153 956 1222 stipulatu
971 1153 1054 1208 actio·
1105 1153 1231 1204 lationem
1244 1151 1363 1204 Iulianus
1381 1153 1509 1222 scriptum
1526 1153 1634 1222 reliquit
1641 1157 1671 1208 ¹⁰.
1698 1169 1766 1222 quae
1784 1153 1917 1210 sententia

250 1241 314 1282 nem.
350 1241 384 1276 an
407 1239 468 1292 ergo
490 1225 517 1276 in
541 1229 690 1276 ceterorum
712 1237 827 1288 persona
849 1221 947 1276 solutio
967 1221 1055 1276 locum
1105 1221 1170 1274 mihi
1193 1219 1296 1272 videtur
1317 1219 1467 1276 firmissima
1490 1221 1593 1276 radone
1611 1223 1739 1276 subnixa:
1769 1231 1830 1276 nam
1849 1225 1872 1278 si
1888 1223 1917 1276 in

251 1295 345 1348 habeat
373 1291 491 1360 exemplo
521 1297 662 1344 extraneae
690 1291 838 1358 personae?
873 1295 900 1342 θῖ
921 1297 987 1358 puto
1014 1291 1055 1344 vel
1106 1303 1191 1342 annos
1214 1287 1284 1342 forte
1305 1287 1421 1356 quinque
1443 1289 1540 1344 locatio
1565 1289 1638 1344 facta
1661 1291 1709 1358 sit,
1734 1291 1916 1360 1111111111-

251 1361 313 1416 solvi
336 1361 374 1414 eis
397 1375 489 1428 posse,
519 1357 738 1426 quemadmodum
767 1373 827 1410 cum
851 1371 898 1426 ego
923 1359 987 1412 mibi
1008 1365 1056 1412 aut
1106 1363 1209 1412 certum
1233 1361 1285 1422 est,
1316 1355 1419 1410 fructus
1447 1357 1476 1408 in
1505 1373 1582 1426 quem
1613 1357 1682 1414 diem
1706 1359 1850 1414 duraturus
1873 1361 1915 1426 sit,

251 1429 318 1482 Titio
347 1425 467 1496 stiptder.
509 1443 556 1480 cur
580 1441 641 1492 ergo
667 1441 726 1480 oum
747 1425 836 1478 Primo
860 1431 907 1480 aut
932 1425 1054 1482 Secundo
1106 1425 1272 1492 singulorum
1298 1437 1428 1476 annorum
1451 1423 1526 1478 initio
1557 1425 1686 1494 cuiusque
1709 1429 1773 1480 anni
1802 1429 1917 1496 pecunia

251 1495 359 1550 dominis
377 1495 512 1564 stipulatio
530 1509 585 1546 non
609 1493 728 1546 constitit
744 1507 793 1546 uec
811 1493 906 1548 solutio
926 1495 984 1548 est?
1009 1495 1055 1550 illa
1106 1493 1256 1546 fructuario
1280 1497 1464 1558 quaereretur:
1493 1495 1639 1546 secundum
1663 1511 1731 1562 quae
1747 1513 1803 1550 uon
1819 1495 1917 1550 transit

251 1565 316 1620 ratio
335 1569 387 1628 est,
407 1563 468 1630 quia
486 1579 540 1616 non
557 1561 717 1624 invenimus,
735 1561 762 1614 in
782 1561 856 1616 ouius
874 1573 989 1630 persona
1007 1565 1053 1618 sti·
1106 1561 1141 1614 ad
1159 1561 1272 1614 alterum
1289 1559 1435 1628 stipulatio,
1454 1561 1500 1616 sed
1518 1561 1660 1630 unicuique
1678 1569 1781 1616 tantum
1799 1563 1915 1632 adquiri-

250 1631 348 1702 pulatio
368 1631 493 1694 constitit,
511 1633 540 1684 in
557 1629 632 1684 cuius
651 1628 757 1684 solutio.
1106 1639 1160 1696 tur,
1179 1635 1307 1696 quantum
1325 1629 1392 1682 ratio
1409 1627 1474 1684 iuris
1492 1629 1629 1696 permittit.
1647 1645 1709 1684 uam
1727 1637 1755 1684 et
1772 1633 1917 1686 cumidem

284 1695 457 1756 11111111
479 1699 665 1754 iibrodecimo
687 1701 872 1768 quaestionum
907 1699 977 1752 Nam
995 1715 1055 1752 cum
1107 1713 1198 1752 servus
1222 1699 1260 1750 ita
1283 1697 1437 1764 stipuletur:
1462 1701 1597 1764 ‘quautam
1618 1699 1758 1766 pecuniam
1779 1699 1828 1752 tibi
1845 1701 1917 1754 intra

251 1773 359 1834 uterque
383 1767 548 1834 obligationis
572 1783 657 1834 capax
675 1769 720 1828 sit,
745 1783 799 1822 non
815 1769 977 1832 invenimus,
996 1767 1054 1836 quis
1108 1767 1191 1820 ‘illum
1209 1765 1278 1818 diem
1296 1765 1406 1828 dedero,
1433 1769 1536 1816 tantam
1554 1765 1612 1818 dari
1630 1765 1773 1834 spondes‘i'
1800 1769 1828 1820 in
1850 1783 1916 1836 peu·

250 1835 366 1888 adiectus
386 1835 431 1900 sit,
449 1835 528 1904 quia²
545 1851 599 1888 nou
617 1841 669 1902 est,
687 1837 732 1906 qui
749 1843 840 1906 petere
857 1837 951 1906 possit.
989 1861 991 1866 .
1107 1835 1251 1898 denuost,
1277 1833 1335 1900 quis
1355 1849 1386 1886 ex
1405 1833 1532 1900 stipulatu
1556 1833 1590 1888 sit
1612 1833 1752 1888 habiturus
1769 1835 1915 1888 actionem:

230 1927 231 1930 ¹
284 1897 320 1958 13
345 1901 489 1958 narrares
510 1903 576 1958 libro
596 1903 1054 1974 111111191111111111111111111811-
1106 1903 1130 1956 si
1152 1903 1221 1956 enim
1243 1917 1276 1954 err
1302 1917 1331 1968 re
1355 1901 1495 1954 fructuarii
1519 1901 1561 1954 tel
1584 1903 1672 1980 operis
1698 1903 1753 1956 suis
1776 1903 1917 1970 pecuniam

251 1971 336 2026 tinum
372 1969 438 2024 Oura
461 1971 530 2026 enim
557 1971 700 2040 stipulatur
724 1973 828 2026 domiuo
853 1979 900 2026 aut
928 1977 1053 2026 extraneo
1107 1969 1243 2034 dedero¹¹,
1268 1969 1430 2034 fructuario,
1455 1969 1557 2024 sivero
1574 1969 1689 2034 abunde,
1708 1969 1812 2024 domino
1831 1973 1916 2040 stipu-

251 2053 351 2102 servus,
375 2043 517 2108 utramque
547 2041 691 2094 consatet³
716 2047 741 2094 et
762 2041 791 2094 in
818 2041 918 2094 domini
939 2053 1056 2108 persona
1107 2039 1170 2092 latio
1190 2045 1341 2106 quaeretur.

251 2107 384 2174 stipulatio
407 2113 435 2160 et
453 2107 483 2162 in
501 2107 621 2162 extranei
641 2107 753 2162 solutio:
779 2113 806 2160 at
822 2107 866 2160 hia
887 2107 919 2158 τὸ
944 2107 1056 2168 cattoit
1144 2103 1211 2162 19²²
1235 2105 1385 2160 Scaevoia
1411 2105 1478 2160 libro
1502 2105 1579 2158 tertio
1604 2105 1705 2158 decimo
1730 2107 1916 2172 quaestionum

250 2175 393 2242 corrumpit
411 2175 609 2242 stipulationem
626 2181 653 2228 et
670 2177 836 2230 solutionem.
1107 2173 1135 2226 Si
1161 2173 1263 2228 alienus
1290 2191 1381 2228 servus
1408 2173 1512 2228 duobus
1541 2173 1629 2228 bonae
1653 2171 1716 2224 fidei
1741 2173 1857 2226 serviens
1883 2189 1917 2224 ex

284 2239 321 2296 14
344 2243 487 2296 lustrans
514 2243 581 2298 libre
612 2245 689 2296 tertie
718 2245 754 2296 ari
785 2241 903 2296 Urseium
928 2243 1054 2296 Ferocem
1107 2243 1186 2296 unius
1211 2257 1302 2298 eorum
1319 2257 1347 2296 re
1366 2241 1500 2310 adquirat,
1518 2241 1588 2294 ratio
1605 2239 1682 2302 iacit,
1700 2245 1731 2292 ut
1748 2239 1772 2292 ei
1789 2253 1822 2292 ex
1841 2239 1916 2294 cuius

251 2311 344 2362 Servus
362 2325 436 2364 meus
454 2327 514 2364 aum
532 2311 604 2380 apud
620 2311 707 2364 furem
725 2317 803 2374 esset,
821 2311 875 2364 furi
894 2311 953 2364 dari
970 2311 1054 2380 stipu-
1106 2325 1136 2364 re
1154 2311 1280 2378 adquisiit
1291 2311 1310 2344 ¹³
1332 2311 1359 2362 id
1377 2317 1464 2364 tatum
1479 2311 1504 2362 ei
1520 2309 1658 2374 adquirat,
1682 2307 1736 2360 sive
1752 2305 1777 2360 ei
1794 2306 1844 2360 soli
1862 2305 1917 2362 sive

250 2379 317 2430 latus
341 2383 394 2432 est:
422 2383 501 2446 negat
521 2377 575 2432 furi
598 2377 688 2432 deberi
705 2377 833 2446 Sabinus,
859 2377 922 2446 quia
939 2395 970 2432 ea
989 2385 1054 2432 tem·
1107 2379 1183 2456 quasi
1207 2379 1311 2432 duobus
1334 2379 1443 2432 serviat:
1462 2391 1524 2430 uam
1540 2381 1567 2430 θῖ
1584 2377 1612 2428 in
1628 2375 1697 2428 veris
1720 2373 1830 2428 dominis
1850 2389 1914 2440 quo-

250 2459 323 2514 pore,
347 2461 398 2514 quo
423 2445 565 2514 stipulatus
590 2453 643 2514 est,
668 2447 692 2500 ei
714 2463 768 2500 non
792 2447 914 2500 serviret:
942 2447 989 2500 sed
1006 2461 1055 2500 nec
1106 2451 1176 2500 aens
1194 2445 1300 2514 utrique
1319 2445 1474 2514 adquiritur,
1492 2443 1589 2500 totiens
1598 2449 1689 2512 partes
1707 2443 1824 2512 adquiri:
1844 2449 1915 2496 octe-

251 2527 295 2580 ego
314 2527 347 2566 ex
365 2527 396 2566 ea
414 2513 584 2580 stipulatione
602 2529 679 2580 agere
695 2521 798 2582 potero.
830 2515 877 2568 sed
894 2515 918 2568 si
935 2515 1056 2566 detracta
1106 2531 1165 2566 rum
1182 2515 1206 2566 si
1219 2515 1265 2566 alii
1277 2531 1332 2568 non
1347 2515 1509 2582 adquiratur,
1529 2513 1610 2566 alium
1625 2511 1738 2566 solidum
1754 2509 1917 2582 habiturum.

250 2581 313 2632 furis
331 2595 446 2648 persona
464 2581 606 2650 stipulatus
624 2587 677 2648 est,
701 2581 766 2634 mihi
783 2581 888 2650 quidem
906 2581 1056 2702 adpiuiritur
1105 2581 1188 2650 igitur
1205 2583 1296 2636 eadem
1310 2583 1379 2636 ratio
1397 2583 1448 2636 erit
1462 2587 1489 2636 et
1505 2581 1532 2632 in
1550 2581 1696 2700 preposito,
1715 2585 1745 2632 ut
1760 2579 1806 2658 hio¹
1822 2593 1914 2658 servus

250 2647 330 2712 actio,
354 2647 402 2702 sed
424 2647 477 2702 furi
494 2665 543 2704 nec
560 2647 680 2702 mandati
696 2665 746 2704 nec
767 2649 821 2702 alia
838 2649 909 2704 actio
927 2665 944 2702 a
964 2665 1055 2704 versus
1107 2651 1223 2714 ahenos,
1249 2651 1293 2718 qui
1310 2649 1374 2704 mibi
1391 2655 1419 2704 et
1436 2649 1485 2704 tibi
1501 2651 1572 2702 bona
1601 2647 1641 2702 ‘de
1660 2647 1752 2712 servit,
1770 2647 1835 2698 mrhr
1853 2647 1915 2700 soh-

250 2729 288 2768 me
307 2713 366 2768 dari
384 2715 470 2770 debet.
1107 2717 1170 2772 dum
1192 2731 1226 2770 ex
1245 2733 1275 2770 re
1298 2733 1357 2770 mea
1380 2717 1516 2786 adquirat,
1541 2717 1603 2785 quia
1624 2717 1674 2770 tibi
1690 2731 1744 2770 non
1761 2719 1851 2784 potest
1867 2713 1916 2768 ad-

284 2779 340 2838 lit-'³
358 2783 563 2836 Fuoasarrrvus
579 2785 646 2838 libro
665 2789 758 2838 octauo
776 2785 972 2838 institutionum
996 2785 1056 2838 Sive
1108 2785 1185 2854 quiri,
1203 2785 1293 2854 quia²⁴
1311 2803 1365 2838 non
1383 2785 1417 2840 sit
1435 2801 1467 2840 ex
1484 2801 1513 2838 re
1530 2789 1586 2838 tua.
1799 2829 1800 2832 ,

251 2849 312 2902 mihi
335 2851 389 2906 sive
412 2851 464 2904 sibi
482 2851 535 2904 sive
553 2867 679 2906 conservo
698 2867 746 2906 suo
770 2851 824 2906 sire
841 2851 1055 2920 impersonaliter
1142 2851 1181 2908 20
1197 2853 1314 2906 Paucas
1325 2855 1392 2908 libro
1409 2857 1501 2920 quinto
1517 2853 1618 2908 decim
1632 2855 1817 2922 quaesticmrm
1835 2850 1917 2905 Liber

251 2917 306 2972 dari
322 2935 414 2972 servus
431 2935 504 2972 meus
523 2919 673 2988 stipuletur,
690 2919 755 2990 mihi
773 2917 903 2986 adquiret.
1106 2921 1185 2974 homo
1212 2921 1283 2974 bona
1306 2921 1358 2974 fide
1379 2923 1443 2974 mihi
1466 2921 1560 2974 servit:
1590 2921 1734 2988 stipulatur
1757 2935 1790 2974 ex
1810 2935 1839 2974 re
1857 2933 1917 2972 mea

284 2979 321 3040 16
339 2983 458 3040 Patruus
474 2985 540 3040 libro
558 2991 829 3068 quartoreputurunu
865 2985 962 3040 Servus
979 2989 1054 3040 here·
1106 2989 1149 3040 vel
1166 3003 1200 3040 ex
1217 2989 1305 3056 operis
1324 2989 1378 3040 suis
1393 2989 1518 3054 Stichum,
1538 2989 1583 3056 qui
1600 2989 1683 3056 ipsius
1698 2995 1749 3040 est:
1768 2987 1852 3054 mams
1865 2993 1915 3050 est,

254 3053 361 3112 titurius
393 3051 484 3106 futuro
516 3055 609 3108 heredi
642 3055 798 3108 nominadm
824 3053 883 3108 dari
913 3055 947 3106 sti
966 3055 1055 3108 ulatus
1109 3061 1140 3108 ut
1156 3055 1221 3108 mihi
1238 3055 1271 3106 ad
1290 3057 1374 3118 uirat,
1402 3055 1464 3124 quia
1481 3061 1508 3110 et
1525 3057 1548 3108 si
1565 3071 1655 3110 servus
1674 3061 1743 3110 esset
1759 3071 1848 3118 meus,
1868 3055 1914 3106 ad-

251 3121 314 3174 nihil
332 3121 398 3190 agit,
424 3121 486 3190 quia
503 3121 681 3190 stipulationis
698 3129 818 3190 tempore
834 3121 912 3178 heres
952 3123 1055 3176 ominus
1109 3125 1225 3190 quireret
1247 3125 1281 3174 m·
1303 3125 1324 3178 i:
1351 3139 1401 3176 nec
1419 3125 1488 3176 enim
1505 3123 1570 3176 iliud
1595 3125 1648 3178 dici
1666 3123 1754 3190 debet,
1778 3121 1856 3192 quasi
1871 3121 1917 3176 ille

251 3191 305 3244 eius
322 3203 377 3252 nou
392 3189 451 3244 fuit.
1107 3207 1213 3310 guoque
1241 3191 1269 3244 in
1296 3191 1399 3258 peculio
1430 3191 1485 3244 eius
1511 3199 1590 3244 essct.
1625 3193 1673 3244 scd
1701 3193 1725 3244 si
1748 3207 1782 3244 ex
1805 3207 1834 3244 re
1856 3205 1916 3244 mea

285 3253 321 3314 17
341 3255 510 3310 Postremus
532 3259 599 3310 libro
621 3273 692 3310 nono
716 3255 902 3310 aestatuum
937 3257 1054 3312 81111111-
1127 3259 1239 3322 tichum,
1270 3259 1316 3326 qui
1343 3273 1416 3310 meus
1446 3265 1498 3324 est,
1525 3259 1681 3328 stipulatur,
1709 3259 1760 3314 sibi
1784 3259 1914 3328 adquiret.

251 3325 335 3380 munis
353 3341 443 3378 servus
467 3339 541 3376 meus
563 3331 592 3378 et
608 3331 671 3378 tuus
688 3325 758 3376 viam
776 3325 816 3376 vel
839 3325 890 3376 iter
907 3325 950 3380 vel
967 3331 1056 3378 actum
1110 3331 1121 3376 1
1157 3325 1238 3394 Apud
1253 3325 1404 3378 Labeonem
1421 3327 1459 3378 ita
1477 3325 1604 3394 scriptum
1622 3333 1674 3380 est:
1693 3327 1776 3378 filium
1793 3331 1819 3380 et
1834 3327 1915 3378 liliam

251 3391 392 3460 stipuletur
421 3393 477 3444 sine
500 3391 649 3446 adiectione
671 3391 784 3444 nominis
806 3389 904 3456 nostri,
929 3407 989 3444 cum
1007 3407 1055 3460 ego
1106 3393 1135 3444 in
1152 3407 1202 3446 sua
1224 3397 1356 3460 potestate
1379 3397 1455 3460 pater
1475 3393 1617 3446 intestatus
1638 3393 1744 3460 reliquit
1754 3397 1786 3446 ¹⁵:
1810 3393 1864 3448 iilia
1883 3409 1914 3446 eo

251 3461 321 3514 solus
338 3459 448 3512 fundum
466 3457 580 3512 vicinum
597 3459 718 3522 habeam,
737 3457 788 3512 soli
804 3457 868 3510 mihi
886 3473 944 3514 earu
963 3459 1055 3526 adqui·
1106 3459 1195 3514 animo
1212 3459 1264 3510 1111
1281 3475 1392 3526 semper,
1412 3465 1442 3512 ut
1459 3459 1620 3514 existimaret
1637 3461 1701 3514 nihil
1719 3461 1753 3514 ad
1771 3475 1800 3514 se
1817 3477 1851 3516 ex
1867 3461 1914 3514 he-

251 3527 801 3594 111111111111111111111111
825 3525 890 3582 mihi
907 3541 1012 3596 quoque
1028 3527 1056 3580 iu
1106 3527 1220 3580 reditate
1243 3527 1327 3594 patris
1349 3527 1495 3594 pertinere:
1526 3529 1620 3582 deinde
1649 3529 1731 3582 frater
1754 3529 1810 3582 cius
1834 3529 1914 3582 filiam

251 3595 364 3650 solidum
381 3595 493 3648 servitus
510 3595 667 3662 adquiritur.
1106 3595 1257 3664 procreavit
1274 3601 1301 3648 et
1322 3611 1381 3648 eam
1397 3595 1525 3650 infantem
1547 3595 1653 3664 reliquit
1661 3599 1693 3650 ¹⁵:
1719 3603 1821 3652 tutores
1839 3613 1914 3652 servo

286 3659 324 3720 18
342 3661 525 3718 Papinianus
546 3661 613 3718 libro
632 3663 773 3716 uicensimo
791 3663 902 3732 septimo
922 3663 1055 3730 quaestio·
1107 3663 1177 3714 avito
1196 3663 1252 3716 eius
1269 3663 1476 3730 imperaverunt,
1499 3669 1530 3716 ut
1548 3665 1581 3718 ab
1601 3679 1638 3732 eo,
1658 3665 1700 3718 cui
1717 3681 1760 3718 res
1778 3667 1820 3718 avi
1838 3667 1914 3720 here·

251 3749 312 3786 num
348 3731 377 3784 Si
401 3745 492 3786 servus
514 3731 660 3796 communis
677 3729 777 3784 Maeuii
798 3735 825 3784 et
848 3729 991 3784 castrensis
1010 3745 1055 3798 pe·
1108 3729 1198 3784 ditatis
1216 3731 1403 3794 vendiderunt,
1427 3731 1612 3800 stipularetur,
1631 3739 1731 3800 quauta
1747 3735 1862 3802 pecunia
1880 3733 1914 3788 ad

252 3799 314 3854 eulii
335 3799 460 3854 defuncto
485 3799 540 3852 tilio
561 3799 675 3852 familias
692 3797 787 3864 milite,
812 3805 954 3866 antequam
977 3799 1057 3850 adeat
1108 3813 1167 3852 euru
1188 3799 1364 3868 pervenisset:
1389 3813 1422 3850 ex
1439 3815 1471 3852 ea
1493 3799 1663 3868 stipulatione
1689 3801 1779 3868 ¹6quid
1795 3803 1914 3870 pupillae

251 3867 384 3922 institutus
411 3865 600 3928 hereditatem,
623 3865 777 3934 stipuletur,
800 3865 885 3928 socio,
916 3865 961 3932 qui
984 3865 1056 3918 solus
1106 3865 1268 3932 adquisitum
1286 3865 1334 3928 sit,
1358 3871 1421 3934 peto
1439 3867 1577 3922 rescribas.
1613 3867 1728 3922 Paulus:
1751 3875 1791 3922 est
1809 3869 1914 3936 quidem

252 3937 356 3988 interim
374 3933 495 3988 dominus
512 3933 659 3998 iuvenitur,
676 3939 734 3988 tota
752 3933 887 4000 stipulatio
906 3939 1056 4000 quaeretur,-
1106 3949 1198 3988 verum
1223 3933 1294 3988 bona
1316 3931 1368 3986 fide
1391 3949 1542 4000 possessum
1568 3949 1672 3988 servum
1694 3949 1727 3988 ex
1743 3949 1773 3988 re
1795 3937 1852 3990 eius
1871 3937 1915 3988 cui

253 4003 375 4070 quoniam
389 4009 492 4070 partem
509 4017 562 4054 non
579 4001 645 4054 facit
661 4001 794 4054 hereditas
812 4001 885 4054 eius⁷
905 4015 972 4068 quae
989 4017 1055 4054 uon·
1107 3999 1188 4054 servit
1211 4001 1382 4068 stipulantes:
1403 4001 1552 4068 possessori
1575 4003 1727 4070 adquirere:
1756 4003 1803 4056 sed
1821 4003 1844 4056 si
1861 4019 1913 4068 res,

252 4071 313 4124 dum
335 4075 382 4124 θεῖ.
419 4085 473 4124 111
496 4069 577 4134 enim,
601 4069 624 4124 si
647 4069 706 4138 quis
724 4069 846 4124 heredem
869 4069 984 4122 existere
1001 4067 1056 4124 filio
1107 4081 1176 4136 quae
1203 4083 1236 4120 ex
1258 4067 1406 4122 hereditate
1430 4069 1471 4120 avi
1489 4079 1641 4122 communes
1657 4067 1776 4136 fuerunt,
1805 4069 1834 4122 iu
1850 4085 1912 4124 ven-

251 4137 364 4192 familias
386 4137 483 4192 dixmit
501 4137 592 4192 statim
609 4143 636 4192 ct
653 4137 827 4192 hereditatem
844 4135 901 4190 eius
917 4135 972 4190 iarn
990 4153 1056 4202 esse,
1107 4135 1234 4190 ditionem
1255 4135 1409 4190 hereditatis
1433 4141 1599 4202 venerunt¹⁷,
1627 4153 1681 4192 nou
1703 4137 1811 4192 videau-
1829 4153 1863 4192 ex
1884 4153 1914 4192 re

253 4221 414 4276 consequeus
432 4207 493 4270 erit,
520 4223 579 4260 cum
604 4207 759 4260 beneficium
782 4205 969 4274 principalium
992 4221 1055 4258 con·
1106 4205 1224 4274 pupillae
1250 4211 1335 4258 totum
1367 4205 1480 4274 pretium
1508 4205 1631 4274 stipulari
1659 4205 1770 4276 ideoque
1793 4207 1913 4274 nmisque

253 4275 420 4330 stitutionem
435 4275 463 4328 in
481 4291 511 4328 ea
530 4275 617 4330 locum
634 4275 728 4340 habet,
752 4279 782 4326 ut
798 4273 869 4328 filius
892 4273 1005 4326 familias
1025 4273 1056 4328 de
1107 4273 1231 4338 adquirit.
1864 4307 1865 4310 =

251 4343 354 4410 peculio
373 4343 466 4396 testari
478 4343 575 4412 possit:
595 4343 665 4410 quod
677 4341 841 4410 privilegium
855 4347 951 4408 cessat,
969 4343 1056 4410 prius·
1142 4339 1179 4398 21
1208 4341 1376 4396 Vernantes
1391 4343 1458 4396 libro
1470 4343 1561 4412 primo
1580 4339 1783 4462 stipulationum
1811 4339 1839 4418 di
1856 4357 1911 4418 ser-

254 4415 265 4462 1
302 4427 380 4480 quam
395 4417 581 4466 testamentum
594 4411 711 4466 aditione
724 4411 804 4466 fuerit
817 4411 1008 4464 confirmatum.
1029 4411 1056 4464 Si
1107 4425 1155 4464 vus
1173 4411 1317 4464 eommunis
1334 4411 1373 4462 ita
1391 4411 1544 4480 stipuletur:
1568 4407 1697 4462 ‘kaendis
1715 4407 1844 4462 Ianuariis
1866 4409 1911 4462 de-

253 4495 342 4532 servus
361 4477 426 4534 Titii
442 4485 471 4534 et
485 4479 582 4532 Maeuii
599 4485 713 4546 partem,
733 4495 801 4546 quae
819 4477 918 4534 Maevii
935 4483 987 4544 θεῖ,
1006 4477 1057 4534 sibi
1108 4483 1173 4532 ‘aem
1195 4479 1266 4532 Titio
1294 4483 1341 4530 aut
1367 4477 1470 4532 Maesio
1499 4477 1623 4542 dominis,
1654 4479 1713 4528 uter
1735 4491 1825 4528 eorum
1847 4483 1912 4530 tunc

253 4545 311 4600 dari
332 4547 487 4616 stipuletur,
508 4547 582 4600 nulla
605 4547 741 4614 stipulatio
765 4553 817 4612 est,
846 4563 918 4610 eum,
944 4547 967 4600 si
985 4547 1055 4600 Titio
1108 4547 1197 4612 ‘viret,
1220 4547 1284 4600 dare
1307 4545 1457 4616 spondes‘i',
1485 4543 1604 4596 inutilem
1631 4557 1687 4596 esse
1713 4543 1911 4612 stimulationem

254 4613 309 4666 dari
331 4615 472 4682 stipulatus
493 4615 600 4678 fuisset,
625 4615 694 4668 Titio
718 4615 908 4684 adquireretur.
945 4615 1057 4684 quodsi
1106 4615 1225 4668 Iulianus
1243 4615 1346 4680 scribit,
1370 4613 1431 4682 quia
1452 4627 1506 4666 nou
1527 4611 1613 4682 possit
1624 4611 1643 4642 ¹³
1664 4611 1911 4690 111θ1111111111θεεε

254 4681 406 4750 simpliciter
432 4687 562 4750 concepta
585 4687 626 4736 est
650 4683 798 4750 stipulatio,
821 4685 917 4738 veluti:
946 4689 1056 4754 ‘partem
1107 4683 1141 4738 sti
1160 4683 1244 4738 ulatio
1265 4697 1314 4736 nec
1337 4697 1478 4750 apparere,
1502 4679 1555 4732 utri
1578 4693 1669 4734 eorum
1686 4683 1721 4732 srt
1739 4679 1910 4748 adquisitum,

254 4753 345 4814 ‘cami
365 4765 432 4818 quae
448 4749 546 4802 Maedi
563 4757 615 4814 est,
635 4751 699 4804 dare
716 4751 856 4820 spondesl'
880 4767 933 4804 uon
952 4753 1056 4804 adiecto
1142 4699 1182 4806 12
1199 4751 1352 4804 Nanassos
1367 4751 1434 4804 libro
1451 4747 1566 4804 secularia
1577 4763 1773 4826 ¹responsorum
1802 4747 1911 4804 Servum

255 4819 340 4882 111111,
368 4833 450 4886 prope
476 4821 530 4882 est,
552 4823 597 4882 ut,
621 4819 683 4886 quia
707 4819 764 4870 sine
787 4817 849 4872 vitio
868 4825 999 4888 concepta
1016 4825 1057 4872 est
1106 4819 1282 4872 fructuarium
1300 4833 1332 4872 ex
1355 4833 1384 4870 re
1403 4817 1500 4870 domini
1517 4815 1645 4870 inutiliter
1662 4815 1808 4870 fructuario
1827 4817 1910 4886 stipu-

254 4884 403 4952 stipulatio,
437 4889 564 4952 sequatur
592 4885 648 4938 eius
674 4901 828 4952 personam,
860 4887 936 4940 cuius
959 4893 1055 4954 potest.
1106 4885 1165 4948 lari,
1185 4885 1290 4940 domino
1310 4901 1343 4936 ex
1360 4901 1389 4938 re
1405 4885 1544 4938 fructuarii
1560 4885 1662 4954 utiliter
1679 4883 1809 4952 stipulari.

254 4953 268 5002 1
303 4951 400 5006 Servos
428 4957 505 5020 capto
535 4951 639 5004 domiuo
662 4955 697 5006 ab
724 4953 846 5006 hostibus
871 4953 975 5008 domiuo
999 4955 1057 5008 dari
1141 4949 1181 5008 23
1204 4951 1323 5008 Plutus
1343 4953 1410 5008 iiiro
1433 4967 1503 5006 nono
1528 4951 1564 5004 ed
1588 4951 1725 5006 Plautium
1759 4951 1859 5008 Eadem
1877 4957 1909 5010 de

254 5021 287 5074 sti
306 5021 395 5074 ulatus
419 5025 467 5074 est.
503 5021 619 5086 quamvis
644 5035 712 5088 quae
735 5021 889 5088 simpliciter
912 5023 1057 5090 stipulatur
1107 5037 1139 5074 eo
1157 5021 1269 5074 1111111111
1286 5027 1356 5086 sunt,
1375 5019 1419 5074 aui
1435 5035 1500 5074 1ε1ε
1516 5019 1618 5086 legatus
1636 5025 1683 5074 θεῖ.

254 5037 344 5142 11111
362 5089 413 5142 alio
431 5089 545 5156 accepit,
570 5089 650 5140 etiam
667 5087 702 5140 ad
719 5089 842 5142 heredem
860 5089 958 5158 captivi
975 5089 1056 5158 perti-
1142 5085 1183 5146 24
1206 5089 1359 5144 Nuaarrus
1379 5087 1446 5144 libro
1470 5089 1585 5144 secundo
1607 5105 1794 5160 responsorum
1832 5089 1910 5144 Etsi

254 5161 317 5208 ueni
329 5157 453 5224 aliudque
470 5157 504 5210 sit
521 5155 586 5210 iuris
600 5157 628 5208 in
644 5171 759 5224 persona
776 5157 831 5220 filii,
849 5157 912 5224 quia
929 5173 978 5210 nec
992 5163 1056 5210 tunc
1108 5157 1221 5212 duorum
1243 5173 1307 5212 usus
1325 5157 1426 5212 fruetus
1445 5155 1491 5222 sit,
1514 5155 1585 5226 quod
1602 5173 1635 5212 ex
1656 5157 1743 5228 operis
1760 5157 1815 5212 suis
1833 5157 1909 5212 alteri

253 5221 303 5276 fuit
325 5225 353 5278 iu
374 5231 520 5292 potestate,
543 5241 603 5278 cum
621 5225 803 5292 stipularetur,
827 5239 876 5278 nec
899 5231 993 5294 postea
1011 5225 1057 5278 de·
1108 5241 1199 5280 eorum
1217 5227 1358 5294 stipulatus
1376 5225 1419 5290 sit,
1436 5241 1485 5294 pro
1504 5241 1535 5278 ea
1551 5225 1687 5282 dumtaxat
1703 5233 1787 5296 parte,
1805 5237 1909 5292 es'qua

254 5293 424 5356 prehenditur
442 5297 482 5358 (11
496 5295 597 5358 servus>
613 5293 642 5344 in
658 5293 804 5346 hereditate
811 5293 829 5356 ⁹,
846 5299 935 5346 tamen
952 5293 980 5344 in
994 5309 1057 5362 pro·
1107 5309 1173 5348 usus
1190 5293 1293 5348 hactus
1311 5295 1368 5346 eius
1385 5293 1426 5360 sit,
1444 5293 1555 5362 adquiri.

255 5359 339 5422 posito
360 5365 449 5428 potest
472 5363 575 5428 quaeri,
599 5377 662 5414 num
680 5375 712 5414 ex
727 5361 779 5414 hac
802 5359 974 5428 stipulatione
991 5361 1058 5412 nihil
1142 5357 1182 5416 25
1206 5361 1375 5416 Vernantes
1389 5363 1455 5416 libro
1475 5363 1628 5418 duodecimo
1646 5365 1846 5434 stipulationum
1880 5361 1908 5414 Si

255 5425 413 5494 adquisitum
429 5427 521 5482 heredi
536 5431 654 5494 videtur,
677 5427 807 5498 quomodo
826 5429 849 5482 si
872 5443 963 5482 servus
980 5427 1057 5482 here·
1109 5443 1200 5482 servus
1223 5431 1398 5482 hereditarius
1425 5431 1563 5500 stipulatus
1587 5431 1670 5486 fiuent
1689 5439 1716 5486 et
1739 5429 1908 5484 fideiussores

254 5595 380 5656 (1111Ρῖ
445 5601 477 5662 (11
495 5599 528 5650 sit
537 5601 603 5664 quia]
613 5599 738 5662 sititaque
746 5619 791 5650 scr.
858 5599 1062 5660 (1111111111Ἱ
1106 5611 1125 5662 1,
1134 5609 1191 5662 aas
1248 5603 1290 5662 (13)
1310 5601 1332 5650 ei
1343 5617 1371 5650 es
1380 5603 1450 5652 euius
1459 5621 1485 5654 re
1494 5605 1613 5668 adquisiit
1622 5605 1668 5656 del.
1725 5605 1767 5664 (11)
1786 5595 1905 5664 quodscr.

255 5669 285 5728 11)
304 5669 387 5716 idest:
406 5667 567 5728 aequabilitas
618 5671 651 5730 (5)
669 5671 770 5734 cflnst.
780 5671 804 5730 3,
813 5677 837 5718 17
844 5687 883 5732 pr.
938 5667 970 5728 (6)
989 5665 1055 5728 quod
1106 5669 1149 5728 (15)
1169 5665 1325 5730 relinquitF
1403 5673 1585 5734 (1111111111Ἶ
1667 5671 1710 5734 (11)
1728 5663 1908 5734 venieruutF²

254 5731 274 5778 si
284 5735 307 5780 et
316 5751 362 5782 ser.
432 5735 588 5794 (11111111θὶ.
658 5743 690 5798 (ε)
708 5737 822 5784 meamF
882 5733 1056 5794 (1111111Ιί11-
1106 5735 1151 5796 (ts)
1171 5735 1425 5798 quiapossituouser„

254 5797 336 5848 teni*
380 5803 423 5864 (11)
442 5799 598 5864 relinquitF
639 5805 678 5864 (11)
698 5803 822 5850 dederit-S
865 5803 909 5866 (11)
929 5801 1055 5866 cf.D.il,

1673 5887 1706 5938 91
