4366 6258
1055 349 1114 426 aot

266 365 310 414 ro
332 361 402 412 suu.
425 331 518 416 cous.
542 367 795 416 runrrnnrrnum
1587 403 1588 406 =
1647 355 1846 430 XXXXVIII
1871 367 1908 434 16

265 547 324 590 rum
349 529 503 588 alterutrum
527 533 592 604 ipsis
605 531 707 612 ,ambis
732 537 953 604 pronuntiationis
980 537 1063 592 mani-
1114 557 1167 598 non
1190 543 1329 598 intervenit
1351 541 1485 598 coercitio:
1528 541 1555 594 ui
1577 541 1692 594 aomar
1709 539 1772 592 dicit
1788 557 1864 610 quem
1881 545 1908 598 in

266 603 390 678 testatur,
426 615 487 656 nam
515 601 539 680 si
567 599 672 680 quidem
699 605 738 654 ιιι
765 607 972 670 pronuntiaverit
1001 609 1063 658 ‘non
1113 609 1164 664 hoc
1188 617 1296 666 senatus
1319 611 1439 664 consrdto
1462 609 1596 674 incisae,
1624 609 1763 660 accusator
1783 623 1836 660 non
1859 615 1907 662 est.

266 667 408 794 ‘frobastrt
432 673 552 736 pepercit
573 683 611 720 er:
635 683 675 722 sm
698 673 785 724 autem
807 673 986 738 pronuntiavit
1009 677 1063 726 ιιι·
1115 681 1145 728 13
1179 679 1276 732 Incidit
1297 679 1325 730 in
1346 679 1397 730 hoc
1421 681 1527 730 senatus
1550 673 1668 730 consrdto
1693 677 1720 724 et
1736 673 1781 740 qui
1798 689 1907 726 accusa-

265 735 414 794 ‘umniatus
431 735 468 788 es’
477 739 492 800 ¹,
517 733 697 790 condemnavit
714 751 782 790 eum.
820 743 849 790 et
864 741 981 806 quamvis
998 739 1062 792 nibil
1112 745 1197 796 torem
1214 745 1351 798 summittit
1367 749 1415 796 aut
1435 743 1554 808 instigat,
1577 745 1623 794 aut
1645 739 1689 808 qui
1704 739 1812 792 mandat
1828 739 1907 792 alicui

264 809 297 862 de
318 817 405 874 poena
427 801 580 870 subiecerit,
603 809 690 856 tamen
713 803 778 870 legis
796 809 918 884 potestas
935 807 1061 860 adversus
1113 813 1140 862 et
1164 809 1272 862 instruit
1297 827 1356 864 eum
1381 809 1416 862 ad
1439 809 1635 862 accusationem
1658 805 1797 874 capitalem
1820 805 1906 858 dando

264 889 324 932 enm
347 869 523 926 exercebitur:
553 887 627 936 nam,
657 877 687 924 ut
709 871 889 940 Ριιιιιιιιιιι2
916 871 1062 940 respondit,
1112 875 1290 942 probationes,
1308 875 1445 944 adegando
1463 877 1658 930 accusationes:
1681 879 1709 928 et
1724 871 1829 928 merito:
1846 885 1908 924 narn

264 941 328 1000 sacti
346 937 448 1008 quidem
467 939 585 1006 quaestio
602 939 630 994 in
648 939 755 994 arbitrio
773 943 815 994 est
830 937 980 1006 iudicantis,
997 955 1060 1006 poe·
1112 939 1254 994 diffidendo
1279 943 1380 996 crimini
1402 943 1473 1010 quod
1494 947 1582 996 movet
1598 947 1624 994 et
1641 941 1775 994 edmundo
1792 955 1821 994 se
1837 937 1907 1006 peri·

264 1025 314 1068 nac
335 1021 397 1062 vero
419 1007 567 1086 persecutio
593 1023 647 1060 non
670 1009 726 1062 eius
754 1007 885 1062 voluntati
912 1007 1060 1072 mandatur,
1112 1009 1172 1060 culo
1197 1009 1343 1064 calumniae
1367 1009 1408 1064 vel
1433 1007 1589 1064 desertionis
1609 1007 1700 1064 merito
1724 1005 1907 1062 calumniantis

264 1087 278 1132 ι
313 1077 360 1132 sed
376 1075 440 1144 legrs
458 1075 610 1130 auctoritati
626 1079 783 1130 reservatur.
811 1073 908 1142 Quaeri
924 1073 1021 1144 possit,
1039 1075 1062 1128 si
1111 1079 1139 1128 et
1156 1075 1304 1130 desistentis
1321 1091 1422 1144 poenae
1439 1077 1516 1132 subdi
1525 1079 1545 1110 ¹⁵
1562 1075 1663 1142 debuit,
1680 1075 1731 1130 nisi
1748 1077 1907 1132 subornatus

263 1149 301 1204 ita
321 1143 403 1204 fuerit
419 1143 606 1212 interlocutus:
630 1143 736 1198 ‘Lucius
754 1141 841 1196 Titius
863 1147 961 1196 temere
982 1157 1061 1196 accu-
1111 1147 1252 1220 accusator
1268 1145 1419 1212 probauerit
1436 1145 1533 1198 crimen
1548 1145 1619 1212 quod
1635 1145 1768 1198 intendere
1782 1143 1906 1212 suscepit.

264 1219 346 1272 ‘sassa
367 1211 487 1276 videtur',
515 1227 551 1268 an
573 1211 789 1266 calumniatorem
836 1209 1003 1264 renuntiasse
1023 1211 1061 1264 vi·
1112 1225 1162 1262 nec
1178 1215 1299 1276 mterest,
1322 1225 1371 1278 per
1392 1225 1422 1266 se
1442 1211 1577 1266 mandavit
1597 1213 1792 1276 accusationem
1809 1225 1844 1264 an
1860 1225 1909 1282 per

263 1285 363 1340 deatur.
397 1285 423 1334 et
439 1279 601 1348 Papinianus
617 1279 791 1334 temeritatem
806 1227 942 1334 ldcditatis
959 1279 1061 1334 veniam
1111 1277 1205 1330 aliumz
1229 1293 1319 1330 verum
1337 1279 1428 1358 hunc,
1441 1279 1487 1348 qui
1508 1279 1559 1334 lroc
1575 1279 1716 1336 ministerio
1734 1297 1799 1336 usus
1817 1285 1857 1334 ιιι
1875 1279 1909 1332 ad

263 1349 396 1406 continere
424 1355 450 1402 et
472 1347 650 1402 inconsrdtum
679 1347 793 1402 calorem
821 1347 967 1402 calumniae
993 1347 1061 1402 vitio
1110 1343 1289 1398 mandandam
1312 1351 1520 1414 accusationem,
1549 1363 1603 1400 non
1631 1363 1664 1402 ex
1685 1347 1782 1412 verbis,
1807 1347 1853 1402 sed
1877 1363 1908 1402 ex

262 1433 352 1476 carere
366 1423 393 1472 et
407 1417 439 1470 ob
457 1415 485 1468 id
501 1417 572 1470 hunc
587 1417 685 1470 nullam
699 1429 812 1486 poenam
827 1417 915 1470 subire
929 1421 1060 1486 oportere.
1111 1413 1242 1468 sententia
1265 1417 1371 1468 senatus
1394 1415 1506 1468 consrdti
1527 1415 1614 1484 puniri
1637 1415 1798 1486 Papinianus
1808 1417 1829 1448 ¹⁶
1853 1429 1909 1470 res-

261 1491 276 1544 6
309 1483 551 1542 Praevaricatorem
574 1499 633 1538 eum
656 1501 714 1538 esse
736 1483 911 1552 ostendimus,
939 1485 984 1552 qui
1006 1485 1059 1540 col·
1109 1481 1211 1552 pondit.
1247 1479 1401 1536 summissus
1424 1483 1493 1536 enim
1515 1489 1656 1538 accusator
1679 1483 1797 1538 similiter
1818 1483 1910 1538 eodem

260 1553 328 1612 ludit
355 1569 414 1610 cum
439 1567 488 1622 reo,
514 1557 541 1606 et
566 1553 730 1608 translaticio
758 1555 885 1608 munere³
914 1551 1060 1606 accusandi
1110 1555 1219 1606 senatus
1238 1549 1357 1602 consulto
1373 1549 1512 1618 plectitur,
1529 1549 1557 1604 id
1574 1557 1614 1606 est
1631 1557 1739 1620 propter
1754 1553 1807 1606 boc
1825 1551 1911 1606 solum

261 1621 423 1690 defungitur,
455 1635 486 1674 eo
513 1621 583 1688 quod
611 1621 733 1690 proprias
759 1621 863 1690 quidem
889 1621 1060 1690 probationes
1089 1619 1235 1688 punitur,
1266 1615 1338 1684 quod
1367 1615 1538 1672 ministerium
1565 1619 1645 1672 alieni
1671 1619 1773 1674 timoris
1800 1621 1908 1688 recepit.

261 1687 449 1752 dissimularet,
466 1687 549 1744 falsas
566 1705 628 1744 vero
646 1691 684 1744 rei
701 1689 884 1746 excusationes
902 1691 1059 1744 admitteret.
1112 1693 1143 1740 tr
1177 1687 1250 1740 Reus
1268 1683 1458 1738 condemnatus
1475 1687 1641 1752 provocavit,
1660 1687 1752 1742 deinde
1769 1695 1911 1742 accusator

262 1763 275 1810 ι
310 1755 417 1826 Siquis
440 1759 528 1810 autem
549 1757 584 1812 ab
606 1759 774 1814 accusatione
801 1759 868 1814 citra
891 1757 1060 1814 abolitionem
1090 1753 1223 1810 destitit:
1242 1769 1277 1808 an
1293 1753 1320 1806 in
1337 1753 1388 1806 hoc
1406 1759 1513 1810 senatus
1532 1753 1650 1808 consulto
1661 1757 1681 1788 ¹³
1697 1753 1810 1810 incidit?
1828 1771 1911 1824 prope

260 1829 275 1880 8
309 1823 451 1892 destiterit,
473 1825 591 1894 punitur.
625 1827 742 1884 abolitio
758 1827 882 1898 privatim
898 1843 915 1880 a
932 1825 1059 1894 praesidi·
1110 1827 1158 1888 est,
1176 1827 1207 1876 ut
1223 1819 1347 1900 incidisse
1361 1819 1489 1888 videatur,
1507 1821 1568 1890 quia
1584 1823 1778 1890 provocationis
1795 1825 1911 1878 remedio

260 1893 308 1948 bus
325 1893 456 1960 postulari
472 1909 504 1948 ac
520 1893 657 1964 impetrari
673 1895 753 1962 solet,
777 1895 841 1948 item
857 1911 906 1962 pro
923 1893 1059 1960 tribunali,
1111 1891 1337 1946 condemnatroms
1354 1887 1516 1958 extinguitur
1533 1891 1720 1960 pronuntiatio.

259 1975 312 2016 uon
330 1959 363 2014 de
379 1959 473 2028 plano:
495 1975 545 2016 nec
560 1975 687 2032 praesens
704 1963 774 2016 hanc
791 1963 965 2030 cognitionem
981 1961 1060 2014 alteri
1144 1955 1163 2014 2
1183 1957 1300 2014 Pactus
1319 1957 1386 2012 libro
1407 1957 1542 2026 copulare
1563 1957 1596 2012 dc
1613 1961 1711 2030 poeuis
1734 1959 1851 2014 omnium
1876 1961 1912 2014 ic-

260 2031 275 2080 o
309 2027 468 2084 demandare
483 2035 581 2098 potest.
617 2029 645 2086 si
666 2029 745 2098 plura
762 2029 872 2084 crimina
888 2029 957 2084 idem
974 2027 1059 2084 eidem
1109 2043 1173 2150 gom
1207 2025 1260 2094 Qui
1277 2025 1419 2092 destiterit,
1436 2041 1514 2094 agere
1532 2025 1643 2096 amplius
1661 2031 1688 2080 et
1704 2041 1833 2082 accusare
1848 2043 1911 2098 pro-

257 2095 353 2162 intulit,
371 2097 532 2166 singulorum
548 2097 627 2152 debet
641 2099 811 2152 abolitionem
823 2103 924 2166 petere:
942 2095 1059 2166 alioquin
1128 2095 1224 2150 ibatur.

258 2169 339 2234 prout
356 2165 418 2232 qnid
433 2165 593 2232 admiserim,
617 2167 673 2220 eius
695 2167 801 2218 nomine
818 2171 926 2218 senatus
945 2165 1059 2218 consrdti
1144 2161 1257 2220 diuam
1270 2161 1338 2218 libro
1350 2161 1441 2234 primo
1452 2163 1473 2194 ¹⁷
1489 2163 1679 2216 santonicorum
1700 2161 1742 2214 Et
1757 2161 1785 2216 in
1802 2161 1911 2230 privatis

260 2235 290 2284 ιο
324 2245 436 2300 poenam
458 2233 582 2302 patietur.
617 2233 823 2288 Accusationem
845 2231 986 2300 isintulit‚
1014 2233 1059 2302 qui
1109 2233 1186 2286 etin
1209 2229 1425 2286 extraordinariis
1442 2229 1626 2284 criminibus¹⁸
1651 2245 1738 2284 omnes
1757 2229 1911 2286 calumniosi

257 2299 465 2368 praescriptione
485 2301 642 2356 summoveri
658 2305 776 2368 poterat,
794 2301 841 2354 ut⁵
858 2299 969 2368 quilibet
982 2301 1059 2354 adul·
1110 2305 1185 2354 extra
1202 2299 1319 2356 ordinem
1335 2313 1385 2368 pro
1400 2299 1530 2368 qualitate
1542 2295 1655 2352 admissi
1670 2297 1831 2368 plectuntur.

258 2367 317 2426 terii
339 2369 456 2422 masculo
480 2375 543 2438 post
564 2369 628 2436 quin
646 2383 679 2422 ue
701 2383 786 2424 annos
809 2369 948 2424 condures
964 2383 998 2422 ex
1016 2369 1058 2422 die
1143 2367 1392 2426 circumrorans
1411 2367 1476 2422 libro
1494 2367 1587 2440 quicto
1605 2365 1704 2422 decimo
1722 2381 1911 2436 resporrmrum

258 2435 389 2514 commui
413 2435 537 2490 adulterii
563 2437 605 2492 vel
629 2385 743 2492 deminae
770 2441 833 2506 post
861 2437 924 2490 sexi
955 2451 1059 2492 menses
1109 2437 1221 2502 Mulier,
1247 2451 1315 2506 quae
1331 2435 1392 2492 falsi
1410 2437 1508 2490 crimen
1524 2433 1637 2514 iniuriae
1653 2433 1776 2506 propriae
1792 2439 1854 2504 post
1871 2435 1935 2488 in·¹

257 2503 334 2558 utdes
358 2517 391 2558 ex
412 2503 454 2558 die
472 2503 588 2558 divortii:
612 2521 660 2572 an,
683 2505 706 2560 si
731 2505 885 2572 destiterit⁷,
908 2505 960 2560 hoc
980 2521 1057 2560 sena·
1109 2503 1506 2572 terpositam'denuutiationem
1524 2503 1653 2558 desrstcns
1671 2503 1767 2568 omisit,
1784 2517 1818 2556 ex
1834 2517 1911 2560 sena-

257 2575 300 2626 tus
317 2569 438 2626 considio
455 2571 537 2640 plecti
554 2571 644 2638 debet,
662 2573 747 2626 ιιιιι8
765 2573 909 2628 dubitatur.
945 2575 1056 2638 movete,
1090 2577 1122 2626 ,t
1159 2577 1204 2626 tus
1223 2573 1344 2626 consrdto
1359 2573 1524 2644 Turpilliano
1542 2571 1626 2626 teneri
1643 2587 1697 2626 nou
1712 2571 1823 2626 ridetur.
1846 2571 1913 2626 Post

257 2637 327 2706 quod
344 2653 427 2708 paene
443 2639 516 2692 nulla
533 2641 584 2694 erit
595 2641 738 2706 accusatio,
758 2655 837 2712 quam
851 2641 975 2708 temporis
995 2657 1057 2710 spa·
1109 2641 1280 2696 abolitionem
1302 2641 1371 2696 idem
1396 2639 1495 2696 crimen
1520 2641 1554 2696 ab
1579 2641 1670 2694 eodem
1692 2641 1720 2694 in
1743 2639 1854 2694 eundem
1870 2639 1908 2694 in·

255 2707 321 2764 tium
337 2711 384 2760 aut
401 2721 529 2776 personae
549 2707 642 2762 vitium
665 2707 813 2764 omnimodo
835 2715 981 2764 removeret
996 2725 1056 2764 reo-

256 2789 306 2842 que
315 2775 483 2830 securitatem
497 2773 597 2830 timoris
607 2791 639 2830 ac
653 2775 765 2844 periculi
772 2777 946 2844 promitteret.
965 2783 1059 2830 contra

255 2845 357 2908 movet,
380 2841 450 2910 quod
473 2843 669 2912 qualiscumque
691 2843 827 2898 accusatio
850 2845 924 2896 illata
947 2859 1057 2912 cognos-

257 2907 339 2966 centis
361 2909 531 2974 auctoritate,
553 2927 608 2964 non
630 2911 783 2964 accusantis
803 2911 939 2966 voluntate
957 2909 1059 2966 aboleri

256 2977 335 3030 debet
356 2977 507 3046 maioreque
528 2977 588 3032 odio
611 2977 703 3046 dignus
725 2977 932 3044 existimaretur,
956 2977 1001 3046 qui
1017 2983 1057 3032 te·

255 3059 325 3116 mere
346 3043 381 3098 ad
401 3049 457 3098 tarn
480 3043 629 3112 improbam
656 3045 852 3100 accusationem
874 3047 1056 3112 processisset.

256 3127 316 3180 ergo
333 3111 420 3166 verius
438 3115 480 3166 ιιι
495 3127 555 3166 eum
579 3127 684 3178 quoque
701 3111 734 3166 de
752 3129 805 3180 qno
822 3113 954 3180 loquimur
970 3115 999 3168 in
1016 3127 1057 3166 se-

254 3185 333 3234 natus
350 3179 499 3234 consultum
515 3179 632 3234 incidere
650 3183 780 3248 oportere.
816 3181 913 3248 adquin
931 3179 1056 3250 Papinia-

254 3263 303 3302 nus
313 3249 334 3280 ¹⁰
362 3247 499 3316 respondit
529 3247 676 3310 mulierem,
709 3261 777 3316 quae
805 3247 905 3300 idcirco
935 3247 970 3300 ad
995 3247 1057 3300 falsi

254 3313 450 3370 accusationem
462 3331 516 3368 non
530 3313 720 3382 admitteretur,
738 3313 810 3382 quod
827 3331 902 3370 suam
916 3331 1057 3370 suorumve

254 3381 376 3438 inimiam
389 3397 443 3440 non
458 3385 669 3450 persequeretur,
687 3381 857 3436 desistentem
870 3387 977 3436 sanatus
993 3397 1056 3438 con-

254 3451 324 3506 sulto
343 3449 506 3520 Turpdliano
524 3465 577 3502 non
594 3449 681 3518 plecti.
711 3465 775 3502 num
792 3463 854 3516 ergo
872 3455 900 3502 ιι
915 3451 944 3502 in
962 3449 1056 3504 ιιιιιιι

253 3517 321 3572 idem
343 3531 519 3636 responsurus
533 3517 597 3570 sit?
629 3517 691 3584 quid
710 3517 779 3570 enim
800 3517 923 3582 interest,
947 3521 1057 3584 propter

254 3597 332 3640 sexus
355 3583 381 3638 in
401 3583 533 3638 rmitatem
556 3599 592 3636 au
617 3589 727 3652 propter
755 3589 842 3638 status
867 3583 1057 3652 turpitudinem

255 3651 411 3722 temporisve
432 3651 512 3706 finem
534 3649 569 3706 ad
591 3651 788 3704 accusationem
805 3649 920 3730 aliquam
938 3667 992 3704 non
1010 3649 1056 3704 ad-

252 3719 391 3774 mittatur?
424 3719 564 3788 mrdtoque
587 3719 670 3784 ιιιςιι
698 3717 855 3772 excludendi
883 3723 958 3784 sunt,
985 3717 1056 3786 quod

252 3787 369 3844 mulieris
386 3787 490 3856 quidem
508 3785 643 3842 accusatio
661 3785 703 3838 vel
719 3791 829 3866 propter
845 3785 982 3856 proprium
1000 3785 1056 3840 eius

230 3885 231 3888 =
253 3855 371 3912 dolorem
384 3853 508 3910 ,effectum
524 3853 624 3910 babere
644 3853 743 3922 potuit,
767 3853 874 3908 allorum
895 3869 957 3908 vero
974 3869 1055 3908 accu-

252 3923 319 3980 satio
337 3937 402 3978 voce
419 3923 558 3976 dumtaxat
573 3925 652 3976 tenus
668 3923 816 3976 intervenit.
843 3921 943 3990 adquin
959 3919 1070 3982 idem¹¹¹

252 3993 317 4050 adas
336 3991 498 4048 scribitnon
514 4005 594 4060 posse
612 3991 725 4060 aliquem
743 3991 810 4044 duos
828 3989 919 4044 eodem
937 3993 1056 4056 tempore
1094 4017 1095 4022 κ

252 4057 375 4114 ιιιιιιιιιιι
392 4073 533 4124 accusare,
551 4073 651 4112 marem
667 4063 695 4112 ιι
711 4057 845 4122 feminam,
863 4063 1010 4124 ettamen,
1033 4057 1056 4110 si

252 4127 357 4194 utrique
379 4125 458 4180 simul
486 4125 690 4192 denuntiaverit,
720 4127 749 4178 in
776 4125 861 4178 utrius
880 4141 913 4178 ue
940 4139 1056 4192 persona

252 4195 423 4248 abolitionem
443 4207 503 4246 eum
524 4197 614 4262 petere
641 4193 750 4258 debere,
774 4207 807 4246 ne
827 4191 855 4244 in
897 4207 929 4244 oc
947 4197 1055 4246 serratus

254 4261 375 4316 consulto
391 4259 501 4314 incidat.
536 4261 600 4329 quid
615 4275 696 4328 porro
714 4259 808 4324 refert,
833 4263 942 4328 propter
959 4273 1055 4312 causas

252 4331 363 4396 ιιιιιι12
384 4327 497 4396 scriptas
518 4329 655 4384 accusatio
680 4345 735 4384 non
756 4327 870 4382 valuerit
891 4343 926 4380 an
946 4331 1056 4396 propter

251 4411 389 4450 numerum
405 4411 579 4464 personarum
596 4411 651 4450 non
667 4397 799 4450 manarit?
833 4411 867 4450 an
890 4395 957 4448 haec
973 4393 1056 4448 inter·

252 4465 317 4528 sint,
341 4465 445 4534 plenam
467 4465 592 4518 habuerit
613 4463 708 4531 aliquis
731 4461 876 4518 accusandi
893 4461 1055 4526 facultatem,

252 4531 298 4586 sed
318 4537 429 4600 propter
449 4545 624 4600 personarum
652 4531 864 4586 coniunctionem
887 4529 921 4584 ab
944 4543 1055 4584 accusa-

251 4597 322 4652 tione
347 4603 552 4664 summoveatur,
576 4615 612 4652 an
627 4613 689 4652 vero
713 4597 809 4654 stricta
824 4597 928 4652 ratione
946 4597 1056 4666 quibus-

251 4663 312 4720 dam
329 4665 473 4720 accusandi
489 4667 605 4722 iacrdtas
621 4681 675 4720 non
689 4667 840 4734 competat?
856 4665 951 4720 merito
964 4665 1056 4734 itaque

251 4731 389 4790 dicendum
405 4741 447 4790 ιιι
463 4749 552 4788 omnes
570 4739 681 4804 excepta
698 4735 808 4788 muliere
825 4739 852 4788 et
869 4735 981 4798 minore,
1004 4733 1056 4788 nisi

251 4801 419 4858 abolitionem
439 4801 579 4870 petierint,
600 4803 630 4856 in
650 4803 702 4856 hoc
719 4807 828 4856 senatus
847 4801 998 4856 consulto¹³
1014 4801 1054 4856 in-

255 4873 280 4920 lt
317 4867 412 4926 cidere.
455 4869 579 4940 Suspecti
594 4869 690 4924 tutoris
708 4869 846 4924 accusatio
860 4885 910 4938 pro
927 4869 1056 4924 tribunali

213 4963 214 4966 ¹
250 4939 352 4990 mutum
366 4937 519 4990 examinari
538 4941 639 5006 potest,
664 4943 691 4990 et
713 4937 801 4992 nullus
827 4937 895 4990 alius
913 4937 947 4990 de
962 4939 1055 4992 huius

250 5005 320 5058 modi
333 5003 488 5074 quaestione
500 5021 582 5074 quam
598 5019 707 5086 praeses
721 5005 894 5072 pronuntiare
908 5009 1010 5074 potest:
1028 5009 1056 5060 et

249 5071 337 5126 tamen
354 5071 400 5140 qui
416 5071 450 5126 ab
469 5087 501 5126 ιι
519 5071 627 5136 destitit,
645 5077 753 5126 senatus
771 5071 893 5128 consulto
909 5089 965 5126 non
980 5077 1055 5128 tene-

251 5139 281 5212 Ι12
315 5145 367 5194 tur.
402 5139 470 5198 Item
485 5139 510 5194 si
532 5137 604 5194 dicat
620 5139 714 5206 aliquis
732 5139 888 5194 incenatus
905 5139 1056 5194 consrdtum

248 5203 372 5284 incidisse
401 5207 606 5278 Turpillianum,
635 5205 767 5276 praesidis
793 5213 834 5262 est
862 5225 944 5278 super
971 5223 1005 5262 ea
1025 5223 1056 5264 re

248 5275 334 5328 nouo:
361 5277 388 5328 ιι
409 5279 611 5332 mercorina
632 5275 795 5332 desertorem
811 5281 921 5332 senatus
938 5277 1056 5332 consulti

248 5441 369 5520 (ri-estd’
413 5445 447 5512 (ι)
458 5449 497 5500 D.
508 5449 612 5512 50,ι,ιι
618 5467 658 5514 pr.
712 5449 743 5510 (ι)
761 5449 895 5500 muneriF
940 5449 972 5514 (4)
991 5449 1053 5500 omi-

247 5513 306 5564 sent
314 5511 354 5562 F²
365 5525 435 5576 reete,
449 5517 495 5570 sed
505 5527 590 5570 contra
602 5517 625 5568 Β
692 5515 726 5578 (ι)
743 5515 852 5584 inlamir,
865 5517 906 5568 vel
918 5517 992 5568 etiam
1007 5521 1051 5572 ina.

247 5573 281 5644 (ι)
297 5581 362 5628 ιιι
417 5583 450 5646 (ι
469 5581 629 5636 maner
678 5585 718 5648 (a)
736 5583 835 5634 verer
894 5587 927 5650 o)
944 5587 1057 5638 moues

247 5645 291 5704 ιιι)
308 5649 340 5712 os.
351 5649 420 5698 ιιι.
429 5659 445 5700 ι.
539 5653 580 5716 (ιι)
597 5653 631 5704 D.
641 5653 682 5716 48,
692 5663 714 5716 ι,
722 5663 782 5716 ιιι
874 5653 918 5716 (ιι)
936 5655 1059 5718 euprmF

248 5707 290 5786 (ιι)
306 5713 447 5766 consultum
456 5717 497 5766 ΕΞ
564 5723 608 5784 (ιι)
626 5719 671 5784 qui
684 5719 776 5784 autem]
791 5719 851 5784 quia
863 5721 908 5786 qui
920 5739 967 5772 scr.
977 5723 1052 5786 (simi-

248 5773 300 5828 liter
314 5779 386 5844 Hal.)
485 5786 529 5847 (ιι)
547 5787 645 5836 subdiri
658 5787 685 5836 F
778 5789 824 5852 (ιιι)
842 5789 875 5838 D.
889 5791 931 5852 48,
946 5799 979 5854 ιι,
993 5799 1050 5854 ιιι

1109 2709 1225 2764 staurari
1242 2723 1296 2764 non
1313 2715 1411 2778 potest.
1707 2775 1708 2780 η

1143 2773 1161 2832 5
1181 2777 1299 2830 Paucos
1318 2777 1385 2830 libro
1402 2775 1519 2830 secando
1536 2791 1580 2830 res
1599 2779 1724 2830 cneorum
1758 2773 1912 2842 Quaesitum

1091 2891 1092 2894 ,
1109 2847 1163 2908 ιιι,
1187 2859 1222 2898 an
1238 2843 1275 2910 is,
1294 2843 1340 2912 qui
1356 2843 1445 2898 libello
1462 2843 1576 2912 principi
1592 2845 1605 2878 ⁰
1626 2845 1686 2898 dato
1703 2841 1800 2898 falsum
1818 2857 1846 2898 se
1863 2843 1911 2898 ob·

1107 2911 1239 2964 lecturum
1255 2911 1370 2966 minatus
1388 2917 1440 2978 est,
1465 2911 1488 2964 si
1504 2927 1559 2966 non
1576 2911 1728 2974 obiecisset,
1746 2911 1912 2980 Turpilliano

1108 2983 1218 3034 senatus
1241 2979 1362 3034 consulto
1385 2983 1498 3034 tenetur.
1542 2977 1642 3032 Pardus
1664 2977 1802 3046 respondit
1823 2977 1910 3034 verbis

1108 3051 1218 3100 senatus
1242 3046 1356 3100 consrdti
1379 3045 1537 3116 Tmpilliani
1557 3061 1617 3100 eum
1641 3045 1673 3100 de
1697 3061 1749 3114 quo
1776 3045 1912 3112 quaeritur

1107 3127 1161 3166 non
1179 3113 1317 3168 contineri.

1142 3177 1161 3238 6
1179 3181 1260 3234 Inna
1273 3181 1341 3236 libro
1353 3181 1445 3250 primo
1463 3181 1653 3232 sententiarum
1681 3179 1724 3234 Ab
1742 3181 1913 3234 accusatione

1108 3247 1217 3314 destitit,
1236 3247 1282 3316 qui
1297 3263 1358 3302 cum
1372 3247 1523 3302 adversario
1538 3263 1587 3302 suo
1601 3247 1634 3302 de
1649 3247 1839 3316 compositione
1855 3247 1913 3302 eius

1110 3321 1121 3368 t
1159 3315 1275 3370 criminis
1300 3315 1371 3382 quod
1392 3315 1548 3370 intendebat
1568 3313 1649 3368 fuerit
1665 3313 1781 3370 locutus.
1815 3315 1911 3370 Animo

1108 3385 1142 3436 ab
1160 3383 1332 3436 accusatione
1350 3383 1464 3448 destitit,
1489 3383 1534 3450 qui
1550 3381 1674 3436 affectum
1690 3387 1717 3436 ιι
1733 3383 1849 3436 animum
1867 3397 1911 3436 ac-

1108 3453 1122 3502 2
1159 3449 1269 3504 cusandi
1298 3449 1428 3518 deposuit
1463 3449 1604 3502 Destitisse
1630 3449 1746 3514 videtur,
1775 3451 1820 3518 qui
1841 3451 1913 3504 intra

1092 3517 1277 3586 praefinitum
1299 3517 1506 3572 ιιιιιιιιιιιιιι21
1531 3531 1548 3568 a
1568 3515 1690 3584 praeside
1712 3521 1817 3586 tempus
1838 3531 1913 3572 reum

1108 3589 1124 3638 3
1159 3599 1236 3638 suum
1253 3599 1307 3636 non
1323 3583 1432 3652 peregit.
1457 3583 1639 3650 Nuntiatores,
1658 3583 1704 3662 qui
1719 3599 1769 3652 par
1781 3583 1914 3638 notoriam

1106 3649 1206 3704 indicia
1234 3649 1365 3718 produnt,
1395 3651 1506 3706 notoriis
1536 3651 1592 3706 suis
1621 3651 1748 3706 adsrstere
1778 3651 1913 3706 iubentur.

1107 3723 1124 3772 4
1158 3717 1311 3772 Calumniae
1333 3733 1416 3772 causa
1436 3717 1597 3784 puniuntur,
1622 3719 1666 3786 qui
1682 3717 1710 3770 in
1726 3717 1848 3772 fraudem
1865 3719 1914 3772 ali-

1107 3783 1184 3838 cuius
1213 3785 1310 3840 librum
1338 3785 1380 3840 ιιι
1412 3785 1592 3840 testimonium
1624 3785 1727 3840 adudve
1755 3785 1818 3854 quid
1849 3801 1913 3840 con-

1107 3851 1218 3922 quisisse
1241 3853 1283 3906 vel
1306 3853 1443 3922 scripsisse
1464 3853 1506 3908 sel
1524 3853 1551 3906 in
1568 3853 1694 3906 iudicium
1713 3853 1856 3922 protulisse
1874 3853 1913 3906 di-

1108 3925 1213 3974 cuntur.

1142 3985 1159 4042 7
1184 3987 1328 4064 Horremus
1348 3987 1416 4042 libro
1437 3991 1530 4042 octauo
1554 3987 1781 4058 disputationum
1802 3987 1831 4042 si
1853 3987 1913 4056 quis

1105 4057 1226 4122 repetere
1242 4053 1306 4108 velrt
1320 4055 1419 4108 crimen
1434 4055 1545 4122 publica
1559 4055 1701 4108 abolitione
1715 4053 1922 4120 interveniente,

1106 4137 1138 4176 eo
1151 4121 1209 4176 iure
1223 4123 1326 4200 repetit,
1342 4139 1394 4190 quo
1409 4123 1568 4176 accusabat:
1586 4123 1700 4188 ιιιιιιιι22
1717 4123 1787 4174 enim
1799 4125 1914 4240 possunt

1095 4189 1329 4258 praesoriptrones
1352 4189 1377 4242 ei
1394 4187 1477 4258 obici,
1505 4205 1573 4256 quae
1591 4195 1651 4242 ante
1667 4201 1773 4242 reorum
1790 4203 1806 4240 a
1826 4187 1912 4242 olitio-

1106 4273 1166 4310 nem
1184 4273 1239 4312 ιιι
1256 4261 1318 4310 ιιιι
1336 4257 1461 4310 obiectae.
1497 4261 1524 4310 et
1542 4257 1580 4312 ita
1597 4255 1671 4312 divus
1688 4255 1839 4310 Hadrianus
1856 4271 1913 4310 res·

1109 4329 1121 4378 1
1157 4325 1257 4394 cripsit.
1291 4324 1318 4394 Si
1335 4325 1544 4378 ιιιιιιιιιιιιι23
1561 4325 1620 4394 quis
1637 4323 1763 4382 obiecerit
1779 4321 1821 4378 vel
1839 4323 1913 4394 expi-

1105 4393 1177 4446 latae
1190 4391 1346 4446 hereditatis
1362 4393 1461 4446 crimen
1478 4397 1504 4446 et
1517 4393 1619 4446 destitit
1625 4393 1656 4456 ιι,
1673 4405 1786 4460 poenam
1803 4397 1913 4444 senatus

1107 4459 1223 4514 consrdti
1240 4459 1399 4528 Turpilliani
1415 4475 1470 4512 nou
1487 4459 1600 4524 subibit,
1622 4475 1671 4514 nec
1688 4459 1712 4512 si
1732 4457 1798 4510 furti
1814 4459 1856 4512 vel
1871 4459 1912 4512 in-

1104 4525 1248 4582 iuriarum:
1275 4525 1322 4582 sed
1340 4525 1428 4582 officio
1445 4525 1541 4582 iudicis
1565 4527 1645 4594 culpa
1661 4525 1719 4580 eius
1737 4525 1910 4580 coercebitur.

1141 4591 1159 4650 8
1173 4593 1357 4648 Pacuuianus
1371 4593 1438 4648 libro
1453 4593 1569 4648 semaco
1583 4595 1617 4648 de
1629 4593 1770 4648 adulterius
1793 4593 1924 4648 Abolitio

1106 4667 1162 4786 affl
1170 4661 1278 4730 publice
1295 4661 1325 4714 fit
1343 4663 1376 4716 ob
1394 4661 1463 4716 diem
1484 4661 1614 4732 insignem
1632 4665 1678 4716 aut
1700 4657 1836 4732 publicam
1850 4677 1911 4730 gra-

1104 4735 1117 4784 t
1162 4731 1262 4786 tionem

1140 4795 1158 4858 9
1177 4787 1284 4852 Macae
1301 4799 1368 4852 libro
1385 4797 1501 4854 secundo
1514 4797 1686 4870 publicorum
1693 4801 1716 4834 ²⁵
1744 4797 1787 4854 ιιι
1803 4799 1839 4854 ob
1855 4815 1911 4854 rem

1105 4883 1168 4936 pros
1190 4881 1233 4920 ere
1250 4871 1351 4936 gestam

1142 4883 1187 4994 td
1197 4919 1382 4990 Ριιιιιιιιιι
1396 4933 1463 4990 libro
1480 4933 1597 4988 scmcudo
1615 4933 1649 4988 dc
1655 4935 1677 4966 aa
1694 4933 1836 4990 adulteriis
1865 4939 1913 4990 aut

1104 5001 1228 5072 privatim
1245 5007 1338 5056 actore
1354 5003 1514 5072 postulante.
1550 5001 1629 5056 tertio
1646 5017 1740 5070 genere
1756 5003 1788 5058 tit
1804 5003 1912 5074 exlege

1105 5071 1215 5126 abolitio
1239 5077 1396 5126 accusatore
1418 5077 1522 5124 mortuo
1544 5071 1586 5124 ιιι
1611 5085 1645 5124 ex
1665 5071 1737 5126 iusta
1758 5089 1841 5128 causa
1861 5071 1911 5126 im-

1107 5145 1119 5194 1
1155 5139 1260 5208 pedite,
1291 5155 1343 5208 quo
1366 5139 1452 5194 minus
1473 5153 1602 5192 accusare
1625 5139 1718 5206 possit.
1759 5141 1912 5194 Abolitionc

1106 5215 1196 5262 autem
1223 5209 1329 5278 publice
1356 5207 1430 5262 facta
1455 5223 1510 5262 non
1538 5207 1728 5262 retractabitur
1757 5209 1787 5262 in
1813 5207 1911 5264 iudicio

1106 5281 1121 5332 2
1155 5277 1300 5346 repetendo
1318 5275 1352 5332 de
1368 5275 1456 5330 mariti
1472 5275 1539 5330 iure.
1565 5275 1686 5344 Triginta
1703 5275 1758 5332 dies
1775 5275 1913 5346 repetendi

1105 5449 1149 5512 (ιι)
1169 5453 1203 5502 ιιι.
1213 5463 1227 5504 ι
1236 5461 1279 5504 na
1355 5449 1401 5514 (18)
1417 5451 1442 5500 ιι
1453 5449 1482 5500 in
1494 5449 1599 5516 privatis
1612 5449 1638 5500 ct
1648 5449 1676 5498 in
1688 5447 1797 5514 publicis
1811 5447 1912 5500 iudiciis

1103 5519 1199 5572 Paulus
1301 5521 1346 5584 (19)
1364 5521 1396 5584 cf.
1413 5519 1454 5572 dt
1472 5525 1484 5578 d
1499 5529 1524 5572 10
1540 5519 1561 5568 Ιι.
1579 5529 1595 5570 t.
1697 5517 1744 5580 (ab)
1761 5515 1875 5584 principe
1890 5519 1914 5566 F

1103 5587 1147 5650 (ιι)
1166 5587 1319 5640 accusationi
1331 5605 1377 5638 scr.
1430 5587 1477 5650 (ιι)
1494 5585 1741 5652 neque1nonequel⁷
1789 5587 1836 5648 (ιι)
1848 5585 1910 5636 etel-
1931 5631 1932 5634 ,

1101 5655 1276 5776 lionagmedd.
1322 5657 1370 5722 (ιι)
1388 5653 1540 5708 desistititF
1580 5655 1626 5720 (ιι)
1643 5651 1792 5704 indiciorum
1802 5653 1860 5704 cdd.
1872 5653 1911 5704 pa

1103 5725 1150 5788 (ιι)
1187 5727 1289 5778 comm
1872 5749 1873 5752 ¹

1658 5869 1704 5918 toa
