4366 6258
269 361 331 422 llll
353 359 372 412 4
398 413 399 416 ,
1087 349 1127 420 61)
1688 357 1733 402 44
1755 355 1964 406 4444444444-

269 541 324 586 144
343 535 375 586 414
392 535 520 588 universis
538 535 648 602 negotiis
665 531 787 600 gerendis
806 531 907 598 alleget,
926 547 981 586 non
998 533 1077 586 debet
1106 537 1107 540 ’
1127 533 1168 586 414
1186 537 1291 598 tempus
1309 529 1463 598 largiretur,
1487 526 1572 604 414414
1595 523 1694 604 indicio
1721 523 1840 578 defuncti
1865 539 1943 594 repu-

269 599 363 652 audiri.
1129 599 1230 652 dietum
1248 597 1406 652 beneficium
1422 599 1556 664 praetoris
1574 595 1780 646 emstrmaretur.

304 663 343 720 26
362 665 482 720 Pronus
496 665 563 718 labro
580 663 729 718 uudemmo
746 663 784 718 od
805 665 919 718 edictum
953 665 1032 732 Quod
1055 665 1078 718 si
1162 661 1200 720 31
1220 663 1303 718 Inest
1316 665 1384 718 libro
1403 679 1473 718 nono
1490 675 1683 730 responsorum
1709 659 1737 712 Si
1752 661 1854 728 mulier,
1869 665 1942 730 post-

269 731 302 784 de
319 733 428 798 speciali
445 729 571 784 mandatu
589 731 738 796 dubitetur,
758 745 818 784 cnm
833 733 966 786 restitutio
984 735 1077 800 44414·
1129 745 1207 800 qnam
1224 731 1302 786 heres
1321 731 1415 796 extitit,
1432 733 1544 798 propter
1562 733 1677 782 aetatem
1694 727 1847 784 abstinendi
1863 745 1944 784 causa

269 797 349 862 letur,
375 797 531 866 interposita
554 797 728 864 stipulatione
752 801 838 850 ratam
863 813 920 852 rem
943 799 1078 852 dominum
1128 799 1157 852 in
1172 799 1304 866 integrum
1328 799 1452 852 restituta
1474 795 1570 862 luerit,
1595 811 1686 850 servos
1709 797 1886 852 hereditarios
1911 811 1944 852 ex

270 867 282 916 1
318 865 471 918 habiturum
488 865 527 916 rei
543 863 756 932 potest‘mederi.
784 863 860 930 Quod
878 865 948 930 4114,
967 865 1078 944 441414-
1128 865 1332 920 fideicommissa
1351 867 1385 920 ab
1403 879 1436 918 ea
1452 871 1526 918 recte
1542 865 1721 920 manumissos
1736 865 1851 920 retinere
1865 867 1944 920 liber-

269 931 469 998 cumseripsisse
486 931 692 994 dieitur,‘absit,
711 929 835 986 defensor
854 931 992 988 4141444144
1010 931 1077 986 iudi·
1130 937 1211 988 tatem
1229 933 1368 1002 respondi:
1387 949 1437 986 nec
1456 936 1535 986 erunt
1553 931 1664 1000 cogendi
1678 933 1770 1000 viginti
1785 949 1881 988 aureos
1896 949 1943 1000 444

269 1003 360 1052 catum
377 997 444 1050 solui
461 997 524 1050 dare
542 997 654 1050 debebit.
1128 999 1252 1054 libertate
1266 999 1404 1054 retinenda
1419 999 1577 1068 dependere,
1596 1015 1677 1068 quam
1691 1001 1749 1054 1444
1764 1003 1864 1070 optimo
1881 1015 1944 1054 cou-

303 1063 342 1120 27
373 1063 465 1118 Geras
487 1063 555 1118 libro
578 1069 679 1142 quarto
711 1063 749 1116 od
772 1063 887 1128 edictum
907 1063 1080 1134 provinciale
1129 1069 1215 1122 secuti
1236 1067 1367 1122 videntur.
1394 1081 1456 1120 nam
1481 1071 1509 1122 et
1531 1067 1554 1122 41
1577 1069 1685 1138 quidam
1711 1085 1744 1126 ex
1769 1069 1944 1124 creditoribus

268 1131 343 1186 Patri
364 1147 413 1198 pro
437 1129 497 1208 filio·
515 1129 665 1208 amurmodo
686 1131 850 1210 praestanda
872 1129 1004 1186 restitutio
1030 1137 1079 1198 est,
1129 1135 1271 1204 pecuniam
1280 1151 1356 1190 suam
1364 1141 1427 1190 ante
1435 1135 1630 1190 restitutionem
1646 1138 1680 1191 ab
1697 1151 1729 1190 ea
1742 1137 1943 1206 reciperassent,

267 1197 416 1276 1144111144
434 1201 539 1276 44414144
556 1197 630 1262 44111,
648 1213 710 1266 qma
727 1199 811 1268 patris
828 1197 976 1268 pericnlum
993 1197 1080 1266 egitur
1130 1207 1279 1256 ceterorum
1296 1203 1413 1272 querella
1431 1207 1526 1258 contra
1544 1219 1589 1258 eos
1607 1203 1653 1272 qui
1671 1209 1833 1274 4444444441
1850 1208 1943 1272 4144-

268 1283 313 1334 444
331 1265 363 1318 414
381 1263 484 1332 4444144
503 1269 616 1318 1444144.
644 1279 747 1334 exque
765 1271 879 1336 4444441
904 1269 1005 1318 4414444
1032 1281 1077 1320 co·
1130 1269 1211 1324 cunia
1229 1271 1446 1336 communicetur,
1464 1287 1520 1324 non
1537 1271 1700 1324 admittetur.

267 1333 378 1402 gnatos¹
397 1331 439 1384 vel
447 1331 548 1384 adfines
558 1333 665 1386 alterius
682 1349 740 1388 esse
755 1333 925 1396 condicionis,
943 1347 993 1386 nec
1003 1333 1080 1386 aliter
1164 1333 1205 1394 32
1223 1337 1344 1392 Paneas
1355 1339 1520 1408 lttropn'mo
1536 1339 1723 1408 quaestionum
1749 1339 1840 1394 Minor
1853 1337 1944 1408 viginti

268 1399 354 1454 audiri
377 1403 515 1468 oportere,
539 1417 618 1470 qnam
642 1401 665 1456 41
689 1417 721 1456 ex
742 1401 879 1456 voluntate
902 1399 1079 1454 adulescentis
1148 1405 1248 1474 uinque
1274 1405 1350 1458 annis
1376 1405 1449 1462 441114
1478 1405 1602 1474 praeside
1633 1423 1666 1462 ex
1690 1413 1802 1476 4444414
1826 1409 1944 1474 44444414

266 1469 402 1548 poenitent
420 1471 470 1546 441Ι
485 1469 540 1548 eins
558 1469 927 1550 411444111411444141444444Ξ
945 1471 977 1522 41
985 1469 1077 1522 merito
1130 1423 1198 1528 ialso
1217 1473 1340 1540 probarit
1356 1473 1504 1540 perfectam
1522 1477 1650 1530 aetatem:
1670 1479 1809 1530 curatores
1827 1491 1888 1528 eum
1905 1475 1944 1528 in-

270 1543 281 1588 1
320 1537 762 1592 414444444444144441414441444.
790 1535 818 1590 St
832 1551 981 1606 pecumam,
1016 1551 1079 1590 uam
1130 1541 1294 1594 tellexissent
1317 1555 1375 1594 esse
1399 1543 1527 1596 minorent
1550 1549 1788 1612 perseveraverunt
1809 1543 1838 1596 in
1862 1543 1944 1596 admi·

266 1611 387 1660 mutuam
410 1605 496 1660 minor
518 1607 636 1676 accepit,
666 1605 817 1676 dissiparit,
839 1603 978 1684 'denegare
998 1553 1081 1660 debet
1130 1609 1302 1664 nistratioue:
1326 1609 1432 1662 medici
1449 1615 1570 1678 tempore
1586 1617 1649 1680 4441
1666 1611 1808 1680 probatam
1832 1615 1945 1666 aetatem

266 1673 411 1742 proconsul
429 1675 552 1730 creditori
570 1675 696 1730 aduersus
714 1689 775 1728 eum
793 1679 933 1726 actionem.
962 1673 1033 1744 quod
1057 1673 1080 1728 si
1131 1681 1193 1732 aute
1215 1675 1353 1744 impletum
1376 1677 1548 1732 vicensimum
1573 1681 1695 1746 quintum
1718 1695 1818 1732 annum
1843 1679 1946 1734 solutae

267 1743 352 1810 egenti
369 1741 454 1796 minor
472 1743 620 1808 crediderit,
638 1741 750 1798 ulterius
758 1741 955 1810 procedendum
965 1757 1020 1796 non
1030 1749 1078 1808 est,
1131 1749 1193 1800 4441
1210 1745 1375 1798 adulescenti
1397 1747 1527 1814 pecuniae
1552 1747 1656 1800 debitae
1680 1763 1778 1816 easque
1796 1747 1866 1800 male
1883 1759 1945 1800 444-

267 1825 346 1880 quam
364 1817 394 1864 41
410 1813 537 1866 iubeatur
553 1811 653 1878 iuvenis
671 1811 822 1864 actionibus
840 1809 903 1876 suis,
923 1811 1080 1880 qnasbabet
1131 1813 1251 1882 sumpsit.
1280 1827 1380 1882 quaero
1398 1813 1475 1868 cuius
1494 1815 1528 1868 sit
1545 1813 1707 1884 periculum:
1727 1815 1825 1884 etquid
1835 1813 1857 1868 si
1869 1831 1945 1870 cura-

268 1879 393 1934 adrersns
413 1895 473 1932 4444
499 1879 541 1932 441
563 1879 621 1948 1444
644 1877 812 1944 credidisset,
836 1877 930 1932 cedere
954 1877 1080 1932 creditori
1130 1881 1482 1950 14444444444144441444
1502 1897 1590 1936 errore
1607 1887 1830 1962 perseverassent,
1848 1885 1945 1950 4144-

267 1963 324 2002 444.
351 1947 489 2014 praedium
507 1963 612 2016 444444
629 1945 651 2000 41
670 1963 702 2002 ex
721 1963 752 2002 ea
768 1945 883 2014 4444414
899 1945 984 2014 414414
1000 1963 1079 2016 quam
1132 1953 1221 2004 tarent
1238 1951 1364 2004 maiorem
1383 1965 1441 2004 esse
1459 1955 1486 2004 et
1504 1951 1696 2006 abstinmsseut
1713 1965 1743 2004 se
1761 1951 1795 2004 ab
1820 1949 1945 2004 adminis-

267 2019 403 2084 oporteret
421 2017 498 2080 emit,
515 2015 554 2068 ita
571 2015 746 2086 temperanda
761 2029 804 2068 res
823 2013 888 2080 erit,
908 2019 938 2070 nt
954 2015 1080 2070 iubeatur
1130 2019 1254 2084 tratione,
1271 2017 1435 2074 curationem
1450 2017 1530 2074 etiam
1545 2017 1734 2084 restituissent,
1751 2033 1785 2072 an
1800 2017 1946 2088 periculum

267 2083 388 2164 venditor
404 2083 507 2164 reddito
530 2085 615 2152 pretio
629 2083 789 2164 'reciperare
810 2083 964 2164 praedium,
988 2083 1026 2138 ita
1049 2089 1080 2136 nt
1103 2135 1104 2138 ,
1130 2085 1595 2210 144444414444414441414414144
1613 2091 1728 2140 aetatem
1746 2087 1833 2152 cessit,
1853 2083 1947 2164 441444

267 2153 456 2208 4444114444
481 2153 576 2206 damno
602 2159 681 2206 enam
705 2153 820 2206 credrtor
844 2167 861 2206 a
882 2167 978 2206 444444
1001 2167 1079 2206 sunm
1130 2155 1282 2224 pertrncat?
1304 2155 1442 2224 respondi:
1479 2155 1553 2224 iqui
1576 2155 1665 2210 debita
1690 2153 1860 2208 exsolverunt
1881 2153 1944 2208 hbe-

267 2227 455 2290 consequatur.
481 2237 513 2276 ex
531 2239 584 2290 quo
602 2221 705 2274 seilicet
722 2221 800 2274 simul
813 2219 996 2290 intellegimus,
1016 2221 1080 2290 quid
1130 2223 1182 2278 rati
1208 2223 1267 2278 iure
1291 2223 1350 2292 ipso
1377 2239 1431 2278 non
1455 2223 1553 2278 debent
1574 2221 1669 2278 iterum
1694 2221 1836 2278 conveniri.
1868 2221 1947 2290 41444

266 2291 402 2344 observari
417 2295 547 2360 44441441,
565 2289 588 2344 41
604 2305 653 2344 444
667 2287 874 2358 4444414414414
884 2293 1080 2360 quamoportet
1131 2299 1278 2356 curatores,
1298 2291 1344 2362 441
1361 2293 1475 2346 44144144
1494 2307 1555 2346 cunr
1571 2291 1701 2346 minorem
1719 2305 1778 2344 4444
1795 2303 1945 2360 persevera-

267 2359 374 2426 emerit,
398 2365 429 2412 ut
451 2365 540 2412 tamen
563 2359 615 2412 hoc
638 2359 684 2412 et²
701 2359 838 2428 superiore
862 2373 927 2414 4444
948 2359 1078 2424 uenditor,
1130 2359 1271 2414 44444114
1289 2359 1381 2414 eodem
1399 2357 1499 2426 officio,
1517 2375 1572 2414 444
1590 2359 1740 2414 debuerunt
1755 2373 1815 2412 eum
1827 2357 1887 2438 4411
1902 2373 1946 2412 ao-

266 2427 312 2498 qui
329 2427 444 2496 pretinm
461 2425 582 2492 reddidit,
602 2427 681 2482 etiam
695 2441 800 2492 usuras,
818 2443 885 2496 quas
905 2443 937 2482 ex
952 2443 984 2482 ea
996 2443 1078 2496 pecu·
1132 2429 1219 2498 cipere
1235 2427 1364 2496 pecunias
1382 2427 1486 2482 debitas
1505 2433 1532 2482 et
1550 2427 1684 2482 debebunt
1696 2425 1749 2482 hoo
1763 2441 1869 2480 nomme
1884 2441 1946 2482 cou-

266 2497 311 2550 nia
328 2497 447 2566 percepit
464 2501 511 2548 aut
527 2497 665 2566 percipere
682 2495 777 2564 441411,
795 2495 904 2560 44414141,
923 2503 949 2550 41
965 2495 1078 2560 fructus,
1130 2497 1221 2552 444141.
1249 2497 1362 2564 quodsi
1380 2495 1475 2564 411441
1493 2495 1599 2550 decreto
1623 2493 1753 2564 praesidis
1778 2493 1947 2550 crediderunt

266 2563 362 2634 quibus
380 2563 537 2632 locupletior
554 2563 642 2618 factus
668 2569 708 2618 est
731 2563 847 2630 iuvenis,
870 2565 990 2634 recipiat.
1016 2563 1079 2618 item
1132 2569 1159 2620 et
1175 2563 1362 2618 administrare
1379 2569 1551 2620 cessaverunt
1574 2563 1615 2618 rel
1639 2563 1719 2618 etiam
1741 2563 1872 2616 rationem
1889 2563 1947 2618 red-

266 2647 297 2688 44
317 2633 418 2688 41144444
438 2631 461 2686 41
476 2631 578 2686 minore
595 2631 681 2700 pretio
700 2647 780 2700 quem
804 2637 910 2702 oportet
932 2631 1080 2686 vendiderit
1132 2631 1265 2698 diderunt,
1280 2631 1378 2686 similes
1388 2635 1451 2686 sunt
1466 2631 1561 2686 ceteris
1577 2631 1749 2698 debitoribus,
1765 2629 1878 2700 ideoque
1894 2647 1947 2686 non

266 2701 438 2764 adulescens,
465 2705 569 2768 emptor
594 2699 701 2768 quidem
727 2699 811 2754 iuberi
837 2699 944 2754 debebit
969 2699 1080 2770 praedia
1132 2701 1334 2754 conveniuntur.

267 2785 328 2824 cum
345 2767 477 2824 fructibus
495 2767 649 2834 restituere,
674 2767 774 2822 iuvenis
798 2773 887 2824 autem
912 2773 1023 2824 eatenus
1047 2785 1080 2822 ex
1166 2765 1205 2826 33
1224 2769 1380 2824 Ancarius
1392 2767 1946 2836 741444111444414414444444414444444

265 2837 351 2906 pretio
369 2835 494 2900 reddere,
518 2843 649 2906 quatenus
675 2851 708 2890 ex
731 2851 762 2892 ea
785 2835 899 2906 pecunia
921 2837 1080 2906 locupletior
1131 2839 1160 2890 Si
1175 2837 1264 2892 minor
1279 2837 1371 2908 viginti
1388 2837 1505 2906 4414444
1520 2835 1597 2890 44414
1613 2851 1717 2890 serrum
1730 2851 1816 2902 suum,
1835 2833 1947 2906 quiplu·

266 2911 281 2960 2
317 2911 366 2962 est.
401 2905 430 2960 Si
452 2905 538 2960 minor
561 2905 638 2960 annis
663 2905 753 2974 viginti
795 2905 893 2976 uinqne
916 2905 974 2960 sine
997 2921 1080 2960 causa
1130 2907 1167 2962 ris
1175 2905 1194 2972 ⁷,
1212 2921 1293 2976 44444
1309 2907 1337 2962 in
1353 2909 1514 2960 testamento
1532 2905 1557 2960 ei
1573 2905 1689 2974 legatum
1702 2905 1745 2970 sit,
1763 2905 1947 2960 manumittere

266 2973 380 3030 debitori
397 2979 537 3044 acceptum
555 2973 658 3040 tulerit,
682 2989 737 3028 non
754 2923 840 3028 edium
856 2975 885 3028 in
907 2973 1008 3044 ipsum,
1033 2975 1080 3028 sed
1130 2979 1240 3044 rogatus
1258 2973 1340 3028 144411
1357 2979 1385 3028 41
1406 2975 1524 3044 legatum
1550 2973 1698 3044 acceperit,
1722 2989 1778 3028 non
1792 2973 1947 3044 ¹cogendum

266 3049 293 3098 et
309 3043 338 3098 in
354 3041 524 3098 fideiussores
542 3047 568 3096 et
584 3043 612 3096 in
635 3043 747 3112 pignora
771 3043 841 3098 actio
865 3043 969 3098 restitui
993 3043 1079 3098 debet.
1150 3049 1269 3100 raestare
1286 3043 1450 3110 libertatem,
1474 3043 1498 3098 41
1514 3043 1630 3112 legatum
1646 3039 1759 3098 reddere
1775 3049 1887 3112 paratus
1906 3043 1947 3108 sit,

266 3115 293 3166 et
302 3111 325 3166 si
335 3127 369 3166 err
377 3109 481 3166 duobus
491 3111 543 3166 reis
551 3111 629 3166 alteri
638 3127 702 3166 acce
722 3117 778 3166 turn
787 3113 885 3178 tulerit,
902 3113 930 3166 in
938 3117 1080 3182 41444444
1130 3061 1410 3184 iulianusrespondit:
1429 3115 1460 3166 ut
1477 3109 1700 3182 quemadmodum
1718 3109 1865 3166 maioribus
1882 3111 1947 3166 libe-

266 3185 281 3236 3
317 3179 483 3236 restituenda
509 3185 549 3234 est
575 3181 654 3236 actio.
696 3129 739 3234 lix
764 3181 815 3236 hoc
842 3181 1031 3250 intellegimus,
1058 3181 1081 3234 si
1130 3199 1190 3236 rum
1208 3181 1243 3236 sit
1259 3195 1314 3238 non
1332 3181 1462 3250 accipere,
1482 3179 1506 3236 si
1522 3179 1608 3236 nolint
1624 3179 1819 3246 manumittere,
1838 3181 1947 3236 sicbnic

267 3247 421 3304 damnosam
440 3249 491 3304 sibi
508 3251 675 3304 4444114444
692 3249 795 3316 iecerit,
812 3251 882 3304 forte
896 3249 919 3304 41
934 3249 969 3304 ab
983 3249 1080 3304 idoneo
1130 3249 1253 3304 reddenti
1270 3249 1387 3320 legatum
1403 3247 1551 3304 necessitas
1568 3247 1770 3304 manumittendi
1787 3247 1946 3304 remittatur.

268 3317 388 3372 debitore
412 3317 447 3370 ad
470 3319 576 3386 inopem
594 3317 710 3372 novandi
728 3333 810 3372 causa
827 3317 995 3372 transtulerit
1012 3319 1080 3372 obli·
1166 3313 1207 3376 34
1232 3319 1351 3374 Paucos
1372 3317 1441 3372 libro
1462 3319 1557 3390 primo
1582 3319 1775 3372 sententiarum
1809 3315 1839 3370 Si
1864 3319 1948 3372 minor

266 3385 411 3454 gallonem,
437 3391 560 3454 oportere
584 3403 644 3442 eum
661 3385 689 3440 14
707 3387 821 3454 priorem
839 3385 986 3440 debitorem
1002 3385 1080 3440 resti·
1131 3387 1222 3456 viginti
1245 3387 1362 3458 quinque
1385 3385 1462 3440 annis
1485 3385 1539 3440 filio
1563 3385 1677 3440 familias
1695 3385 1791 3440 minori
1808 3385 1947 3454 pecuniam

266 3457 282 3508 4
317 3453 364 3508 141.
404 3451 540 3510 Adversus
564 3469 610 3510 444
634 3471 739 3524 444444
761 3455 894 3510 restitutio
917 3453 1081 3524 praestanda
1132 3455 1531 3520 4444114111,44114444144444
1550 3457 1744 3520 consumentis,
1763 3453 1947 3526 nisilocuple-

266 3525 315 3588 441,
334 3537 446 3592 quorum
464 3521 496 3578 de
514 3523 573 3578 dolo
589 3539 668 3592 agere
683 3539 737 3578 non
750 3523 919 3592 permittitur,
937 3523 1080 3592 nisiquae·
1130 3523 1183 3578 tior
1208 3539 1241 3578 ex
1263 3525 1315 3580 boc
1338 3523 1491 3580 inveniatur
1514 3523 1567 3578 litis
1593 3527 1760 3580 contestatae
1782 3529 1903 3594 tempore
1925 3525 1947 3578 is

266 3589 328 3646 dam
345 3605 477 3658 personae
494 3589 604 3658 speciali
620 3591 677 3660 lege
695 3597 823 3660 44444144
841 3591 903 3646 sint.
1133 3597 1144 3646 t
1182 3593 1228 3660 qui
1246 3593 1359 3662 accepit.
1394 3591 1513 3646 Minores
1537 3593 1560 3646 41
1583 3591 1611 3646 14
1628 3591 1743 3648 iudicem
1761 3595 1947 3674 compromise-

302 3655 340 3714 28
362 3657 471 3712 aursus
486 3657 555 3712 libro
571 3659 689 3712 secundo
707 3657 873 3730 digestorum
908 3657 975 3712 Cum
993 3659 1080 3712 minor
1130 3665 1194 3712 44441
1211 3665 1238 3714 41
1255 3665 1344 3714 141444
1361 3663 1473 3714 anctore
1491 3659 1611 3728 stipulati
1628 3665 1706 3726 eunt,
1729 3661 1824 3730 integri
1841 3661 1947 3716 restitu-

266 3741 346 3796 quam
365 3725 481 3794 quinque
506 3731 532 3778 41
554 3725 645 3794 viginti
668 3727 745 3780 44414
768 3727 894 3780 adversus
919 3741 995 3790 eum,
1020 3743 1079 3780 cum
1130 3729 1230 3782 tionem
1250 3727 1378 3784 adversus
1395 3729 1476 3782 talem
1494 3727 1682 3798 obligationem
1704 3729 1762 3784 iure
1787 3729 1946 3784 desiderant.

240 3817 241 3820 ¹
266 3809 318 3872 444
336 3793 438 3846 tutelae
456 3793 522 3874 egit,
540 3793 703 3874 restituitur,
722 3811 776 3848 non
793 3793 852 3852 ideo
870 3793 954 3848 tutori
971 3799 1080 3848 contra·
1166 3791 1206 3854 35
1225 3795 1485 3852 Homerocentones
1499 3797 1567 3852 libro
1576 3799 1670 3868 primo
1685 3799 1755 3854 iuris
1769 3799 1947 3870 epitcmorum

265 3877 333 3916 rrum
350 3859 452 3914 tutelae
469 3859 596 3916 mdiorum
612 3861 805 3916 restituendum
823 3867 871 3916 441.
1132 3865 1160 3918 Si
1177 3865 1205 3918 in
1223 3865 1384 3934 emptionem
1400 3881 1483 3934 44444
1500 3881 1531 3920 44
1549 3867 1674 3922 44114144
1691 3865 1777 3922 minor
1801 3865 1947 3922 adiectione

301 3925 942 4002 29Monesrruasle'brosecundoresponsorum
967 3931 1080 3986 Etiamsi
1132 3933 1165 3988 ab
1185 3933 1236 3988 alio
1256 3937 1409 4004 superetur,
1434 3935 1579 4006 implorans
1602 3935 1631 3988 14
1653 3935 1785 4006 integrum
1802 3937 1946 3992 restitutio-

284 4003 343 4056 atre
361 3997 506 4078 codemque
521 4003 612 4054 tutore
629 4005 740 4054 anctore
756 3999 872 4068 44411144
897 4003 993 4068 444144
1017 4015 1080 4070 pro·
1131 4019 1191 4056 nem
1215 4003 1354 4070 audietur,
1378 4003 1401 4058 si
1424 4005 1481 4060 eius
1505 4003 1634 4060 interesse
1656 4009 1773 4074 emptam
1790 4005 1824 4060 ab
1844 4021 1874 4060 eo
1892 4021 1946 4058 reru

265 4021 324 4125 iani
341 4069 436 4140 444441,
455 4071 604 4122 curatorem
622 4071 717 4136 postea
731 4069 755 4122 ei
770 4069 861 4120 datum
874 4069 1005 4122 nominei
1025 4069 1080 4124 sius
1130 4071 1213 4126 fuisse
1231 4071 1409 4140 adprobatur,
1427 4073 1509 4128 veluti
1526 4073 1599 4144 quod
1616 4073 1746 4128 maiorum
1764 4073 1821 4128 4144
1838 4073 1945 4128 fuisset:

265 4141 294 4192 14
317 4137 449 4206 integrum
473 4135 669 4216 restitutionem
693 4135 828 4258 4441441444
854 4151 909 4216 444
934 4137 1013 4204 44414
1034 4137 1078 4190 441.
1133 4139 1321 4206 Β1444441141,
1340 4139 1412 4210 44441
1431 4157 1464 4196 ex
1481 4141 1626 4210 licitatione
1644 4141 1766 4208 accessit,
1784 4141 1843 4210 ipse
1855 4141 1947 4198 offerat

268 4211 279 4260 1
317 4205 360 4260 Ex
378 4221 461 4260 cansa
479 4207 625 4260 curationis
644 4217 695 4260 con
715 4209 820 4258 emnata
837 4205 939 4272 4444114
953 4205 1080 4258 adversus
1130 4207 1269 4264 4444111441.
1429 4267 1430 4270 ,

266 4291 348 4328 unum
368 4271 865 4342 4444144414411444441114144141441,
884 4271 1079 4340 4144144114-
1165 4271 1345 4336 3613444144
1366 4277 1434 4330 libro
1459 4277 1554 4346 quinte
1577 4277 1770 4330 sententiarum
1805 4275 1947 4330 11144441-

266 4347 311 4396 tnr
327 4341 355 4396 14
380 4341 476 4396 ceteris
498 4341 552 4396 litis
576 4343 715 4412 speciebus
739 4345 856 4402 relevata
878 4339 977 4406 fuisse,
1004 4345 1080 4394 actor
1130 4345 1197 4414 giuti
1221 4345 1339 4414 4414444
1356 4345 1433 4398 44414
1451 4345 1577 4398 omissam
1595 4345 1781 4414 allegationem
1799 4361 1847 4414 per
1863 4345 1891 4400 in
1909 4345 1947 4398 in·

266 4409 351 4466 maior
369 4415 464 4476 aetate,
483 4409 529 4480 qui
546 4409 680 4480 adquievit
695 4417 761 4466 tunc
778 4411 903 4480 temporis
922 4409 1080 4474 sententiae,
1131 4419 1157 4468 14
1252 4413 1429 4468 restitutionis
1447 4411 1576 4468 auxilium
1594 4419 1716 4484 repetere
1733 4417 1830 4484 potest.

267 4479 375 4534 dicebat
396 4483 482 4534 totam
506 4479 603 4534 debere
625 4479 698 4534 litem
724 4479 897 4534 restaurarit
932 4477 1080 4534 tModesti·
1187 4477 1516 4538 7Terrnonrnaslibro
1533 4483 1612 4536 tertio
1626 4483 1840 4554 disputationum
1865 4481 1946 4534 Auxi-

266 4563 318 4602 nus
344 4547 496 4618 respondit,
527 4547 550 4602 si
577 4547 693 4616 4444144,
717 4547 746 4600 14
776 4563 829 4618 444
857 4549 960 4628 pupilla
984 4549 1014 4602 in
1038 4549 1079 4604 in-
1131 4549 1374 4618 liuminintegrum
1382 4549 1559 4606 restitutionis
1569 4549 1787 4606 exsecutionibus
1802 4565 1947 4618 poenarum

266 4621 370 4684 tegrum
381 4615 492 4670 'restitui
509 4615 656 4680 desiderat,
682 4615 777 4670 ceteris
795 4615 935 4684 specrebus
957 4633 1013 4670 non
1034 4631 1079 4670 co·
1132 4623 1257 4690 paratum
1273 4633 1327 4672 non
1345 4621 1400 4672 est:
1417 4615 1532 4688 ideoque
1549 4619 1706 4674 iniuriarum
1724 4619 1853 4672 iudicium
1868 4615 1947 4672 semel

266 4685 367 4750 haeret,
377 4683 442 4738 nibil
450 4685 571 4754 proponi,
589 4699 636 4738 cnr
652 4699 669 4738 4
683 4687 741 4738 1414
755 4685 886 4738 sententia
900 4683 990 4740 recedi
1004 4689 1082 4738 actor
1134 4693 1143 4740 1
1182 4685 1311 4744 omissum
1327 4687 1411 4756 repeti
1428 4701 1483 4742 uon
1501 4693 1598 4756 441441.
1634 4687 1687 4742 Sed
1710 4687 1787 4742 etin
1811 4687 1947 4756 sexaginte

267 4757 281 4804 2
317 4753 457 4822 postulans
475 4751 622 4808 audiendus
640 4755 690 4808 est.
722 4751 751 4806 Si
767 4753 915 4808 hereditate
932 4753 1017 4822 patris
1035 4767 1080 4806 ae·
1133 4755 1226 4810 diebus
1235 4755 1396 4824 praeteritis,
1411 4755 1440 4810 in
1456 4755 1553 4824 quibus
1567 4755 1625 4810 iure
1640 4755 1728 4810 mariti
1744 4755 1801 4810 sine
1816 4755 1946 4808 calumnia

266 4819 330 4874 tetis
347 4819 477 4876 beneficio
494 4821 522 4876 14
539 4821 670 4888 integrum
686 4819 825 4876 restitutus
844 4821 973 4876 abstinuit
990 4837 1020 4876 se
1034 4837 1080 4874 ne·
1131 4825 1171 4876 vir
1189 4837 1318 4878 accusare
1334 4825 1470 4878 mulierem
1488 4823 1612 4878 adulterii
1628 4829 1732 4892 potest,
1757 4825 1902 4890 denegatur
1925 4819 1946 4874 ei

266 4889 337 4942 mine
355 4889 387 4942 de
405 4889 580 4944 creditoribus
598 4889 717 4960 paternis
734 4895 875 4958 praesente
893 4889 933 4944 rel
951 4889 987 4942 ad
1001 4903 1080 4958 agen·
1131 4891 1159 4944 in
1173 4891 1307 4960 integrum
1321 4891 1467 4946 restitutio:
1505 4891 1560 4948 uod
1572 4891 1614 4946 ius
1632 4891 1759 4946 omissum
1777 4891 1945 4954 41444444-

267 4957 330 5012 dum
348 4957 522 5026 44444414141
541 4963 659 5024 evocato,
678 4973 713 5010 44
731 4971 763 5012 ea
777 4957 1082 5012 44411141144441414414
1131 4963 1224 5030 petere
1246 4959 1317 5026 vult,
1342 4959 1407 5030 quid
1424 4909 1596 5030 4114414444
1613 4959 1704 5014 delicti
1720 4957 1837 5022 reniam,
1863 4957 1891 5012 id
1909 4961 1946 5012 cst

266 5025 395 5090 4141441444,
413 5025 558 5094 quaeritur.
585 5025 930 5094 11144144114444444444111,
950 5041 1011 5080 cum
1026 5041 1080 5080 444
1133 5027 1282 5082 calumniae
1307 5027 1486 5096 deprecatur?
1511 5033 1538 5082 et
1556 5043 1616 5082 cum
1634 5043 1720 5096 neque
1736 5027 1765 5080 in
1783 5027 1885 5080 delictis
1902 5041 1945 5080 ne·

268 5095 384 5150 evocatis
402 5095 578 5148 creditoribus
595 5095 624 5148 in
640 5095 773 5164 integrum
789 5095 965 5148 restitutionis
989 5095 1080 5148 decre·
1133 5111 1184 5164 que
1209 5097 1238 5148 14
1265 5095 1501 5152 441444141441444
1524 5101 1676 5176 praetorem
1694 5109 1851 5150 succurrere
1868 5109 1944 5164 opor·

266 5167 323 5216 tum
340 5161 526 5232 interpositum
544 5169 718 5232 proponatur,
737 5161 843 5222 minime
860 5161 887 5216 id
906 5161 1081 5216 creditoribus
1132 5169 1188 5218 tere
1206 5163 1273 5218 certi
1289 5163 1354 5224 iuris
1373 5163 1415 5230 sit,
1434 5163 1551 5218 cessabrt
1567 5163 1596 5216 in
1610 5163 1742 5230 integrum
1754 5161 1897 5218 restitutio.
1911 5163 1945 5216 14

266 5229 473 5300 44441441144444.
1133 5229 1235 5286 delictis
1254 5237 1344 5284 autem
1361 5233 1447 5286 minor
1465 5231 1542 5284 annis
1557 5231 1650 5300 viginti
1664 5233 1850 5300 4414444444
1864 5245 1944 5286 mere·

302 5293 341 5356 30
361 5299 546 5354 Peenameus
561 5299 628 5354 libro
647 5299 726 5354 tertio
743 5299 930 5368 quaestionum
966 5299 994 5352 Si
1012 5299 1082 5352 iilius
1133 5305 1177 5352 144
1200 5299 1228 5352 14
1244 5299 1383 5368 14144444
1405 5299 1615 5364 restitutionem,
1641 5299 1734 5368 utique
1761 5299 1944 5362 atrocioribus,

268 5367 458 5436 emancipatus,
477 5373 570 5438 444144
587 5369 693 5422 tabulas
708 5371 888 5438 4444444414
904 5367 1081 5434 possessione,
1133 5367 1184 5424 4141
1192 5373 1325 5436 quatenus
1333 5367 1467 5422 interdum
1475 5369 1611 5422 miseratio
1626 5367 1721 5422 aetatis
1739 5365 1774 5422 441
1788 5367 1944 5424 mediocrem

266 5443 329 5506 post
345 5435 499 5506 inchoatam
516 5437 690 5492 restitutionis
708 5435 898 5518 quaestionem,
917 5437 1035 5506 legatum
1049 5451 1083 5490 ex
1133 5437 1368 5506 poenamindicem
1385 5437 1550 5506 produxerit.
1577 5437 1625 5490 sed
1641 5441 1675 5492 41
1689 5435 1724 5490 441
1738 5437 1803 5506 legis
1817 5437 1903 5494 Iuliae
1916 5437 1945 5492 de

266 5509 426 5560 testamento
436 5505 521 5572 patris
533 5507 618 5566 maior
631 5505 723 5574 4141414
739 5505 855 5574 4414444
869 5505 946 5560 annis
962 5505 1081 5574 petisset,
1133 5505 1272 5560 adulteriis
1287 5505 1441 5560 coercendis
1451 5507 1749 5574 praeceptareniamus,
1767 5505 1860 5574 utique
1875 5507 1945 5560 nulla

266 5575 304 5628 liti
322 5573 474 5638 renuntiare
491 5573 602 5642 ridetur,
621 5591 682 5628 cum
700 5575 767 5642 4141
784 5573 1080 5644 bonorumpossessio-
1134 5575 1285 5642 deprecatio
1310 5573 1435 5630 adulterii
1457 5589 1561 5644 poenae
1583 5579 1638 5640 est,
1664 5575 1687 5630 si
1710 5589 1740 5628 se
1762 5575 1849 5630 minor
1871 5577 1944 5630 annis

267 5747 298 5810 (1)
314 5711 482 5798 4141128444
491 5717 692 5812 R‚egnae0sr¹
745 5749 777 5812 (1)
796 5745 879 5800 exFS
913 5749 969 5812 (3)
986 5745 1080 5810 414111,
1134 5749 1165 5812 (4)
1184 5745 1312 5812 praedeF
1371 5749 1404 5812 (4)
1423 5731 1757 5800 administrationemdioll'
1811 5751 1842 5814 (1)
1860 5751 1944 5804 sitim.

267 5815 479 5866 restaurareF¹S
616 5817 648 5880 (4)
667 5815 802 5868 herennius
812 5827 914 5884 utroque
923 5815 975 5868 loco
985 5817 1029 5868 ins.
1040 5815 1102 5866 Ft.
1134 5815 1313 5882 (41141448
1837 5861 1838 5864 .
1925 5867 1926 5870 ,
