4366 6258
247 365 248 368 ’
284 371 399 418 conss.
421 371 529 416 nsum
1058 347 1187 412 XXIIII
1412 329 1414 332 ⁵
1642 353 1756 404 consu.
1780 347 1952 404 anensem

282 533 354 586 tibus
371 533 455 586 oculis
473 529 604 596 accipere.
640 533 666 582 11
688 527 747 580 ideo
765 527 941 582 Tumoursso
964 527 1021 582 viro
1044 541 1090 582 ex-
1143 527 1257 596 λίπομεν
1279 527 1421 598 προνοίας,
1448 515 1515 572 ἀλλὰ
1535 521 1767 602 ΞῬΙΒΩΝΜΝΩ
1788 517 1830 602 τιή
1853 515 1933 582 iude}
1945 551 1953 566 .

282 599 367 666 celso,
394 599 440 666 qui
464 595 500 650 ad
524 597 608 648 totins
634 593 722 662 operis
748 593 966 660 gubernationem
989 593 1090 650 electus
1142 593 1218 662 τάτρι
1240 593 1284 660 τιή
1310 597 1356 644 καί
1382 587 1433 656 τήν
1458 589 1506 654 τῆς
1532 587 1596 656 eins
1619 587 1784 658 νομοθεσίας
1808 603 1880 640 naon
1914 591 1954 642 ίαν

283 671 337 730 111,
360 679 410 718 nec
426 677 480 716 non
497 663 663 716 Tanonmno
681 665 708 714 ot
725 659 880 716 Donouaeo
897 659 961 716 11111
979 661 1089 716 illustri·
1142 663 1380 734 ἐπιτετραμμθρ,
1403 657 1467 710 ιιεὶ1
1485 655 1653 708 omonimo
1672 677 1703 730 γε
1718 655 1773 724 μὴν
1790 657 1836 710 nal
1853 655 1878 706 Δ
1904 659 1953 708 Po.

281 731 333 784 bus
351 737 379 784 et
398 729 595 782 facundissimis
618 727 832 782 antecessoribus
854 727 992 782 accersitis
1015 743 1091 782 man-
1145 731 1220 782 ono
1239 731 1295 780 sets
1315 721 1614 808 μεγαλοπρεπεστᾴτοις
1636 729 1683 776 nat
1699 721 1869 794 σοφωτάτοις
1884 717 1953 776 ἀντι.

282 797 410 860 dammas,
428 801 560 864 quatenns
573 795 657 860 libris,
676 811 743 864 quos
756 801 858 850 veteres
875 801 1090 866 composuerunt,
1142 793 1290 870 τήνσορσιν
1312 791 1530 866 ἐγκελανοαμενοι
1552 789 1740 864 διεταξάμεθα
1763 787 1909 868 προσήκειν
1929 793 1953 848 ie

282 867 329 932 qut
350 865 436 932 prima
458 865 546 932 legum
568 867 724 932 argumenta
748 863 920 918 continebant
940 869 968 918 et
983 863 1090 916 1111111-
1142 865 1203 916 soie
1218 867 1275 916 τοῖς
1291 859 1412 936 ἀρχαίοις
1428 863 1459 914 ἐν
1476 861 1637 934 εἰσαγωγαῖς
1654 867 1838 932 συγκειμένων
1853 857 1889 912 τὰ
1902 879 1953 912 em·

283 935 369 986 tiones
386 931 563 994 vocabantur,
587 929 731 998 separatim
755 931 887 994 collectis,
911 929 1040 998 quidquid
1060 947 1093 984 ex
1162 927 1268 984 ιώτατά
1289 949 1321 982 τε
1342 935 1387 982 ταὶ
1407 929 1561 1002 κρατοῦντα
1583 923 1896 984 acsimanensium
1912 947 1953 982 πο.

283 999 325 1052 his
348 997 413 1052 utile
434 1003 461 1052 et
483 997 651 1064 aptissimum
673 1001 700 1052 et
722 999 839 1068 undique
863 997 1094 1052 1111111111
1144 951 1323 1066 ieaevopiaots
1338 1001 1503 1070 συμφέρεται
1517 995 1683 1070 πράγμασιν,
1700 999 1788 1050 ταῦτα
1803 993 1903 1058 ἐξελεῖν
1916 1007 1955 1052 κα)

283 1067 372 1130 reboo,
391 1081 459 1134 quae
475 1065 503 1118 in
521 1065 656 1132 praesenti
672 1079 738 1120 aevo
756 1065 783 1118 in
795 1083 847 1118 111
862 1069 1011 1132 vertuntur,
1029 1081 1092 1120 oon·
1137 1061 1275 1138 ,ἀθροῖσαι
1292 1069 1338 1118 καὶ
1355 1067 1392 1118 sie
1409 1059 1475 1134 ἡμᾶς
1489 1059 1608 1136 ἀγαγεῖν,
1625 1065 1784 1136 μεμνῆσθαι
1799 1061 1830 1118 os
1843 1067 1889 1116 nai
1902 1065 1955 1118 τῶν

284 1139 440 1188 1111111111
456 1133 596 1198 invenitur,
614 1133 666 1186 hoo
683 1139 711 1186 11
725 1149 822 1202 capere
835 1131 961 1188 studeant
975 1137 1002 1186 et
1015 1139 1092 1202 qnat-
1145 1129 1227 1202 ήμετέ
1243 1153 1284 1188 ων
1310 1129 1463 1196 διατάξεων
1487 1127 1518 1184 tn
1544 1133 1582 1188 eis
1607 1129 1806 1206 ἐπανόρθωσιν
1832 1133 1891 1184 τῶν
1917 1133 1953 1200 tie

283 1199 1092 1268 1101111111111111111111111111111111111111111111111-
1143 1153 1270 1274 speeies
1295 1199 1485 1272 πεποιήμεθα,
1511 1205 1557 1254 οιαὶ
1583 1197 1656 1256 οὗτοι
1682 1203 1826 1256 συνθεῖναι
1852 1197 1954 1268 βίβλους

283 1273 372 1322 menta
389 1273 468 1338 atque
486 1265 618 1322 elementa
635 1267 1092 1338 101111,111111111111111111111
1143 1275 1290 1344 τέσσαρας,
1315 1271 1414 1346 πρῶτα
1436 1271 1557 1334 στοιχεῖα
1581 1271 1628 1338 τῆς
1652 1271 1800 1342 εἰσαγωγῆς
1825 1271 1954 1338 ἐσομένας,

283 1337 387 1458 1311111
399 1337 521 1416 graviora
534 1341 562 1390 et
575 1335 735 1406 perfectiora
749 1337 834 1404 legum
850 1337 918 1456 atita
932 1339 1091 1392 sustentare.
1143 1333 1173 1392 ἃς
1191 1335 1225 1406 δὴ
1235 1337 1333 1422 ἱτελεῖν
1350 1337 1478 1394 Instituta
1500 1337 1687 1458 νεγάμισταιὶ
1710 1343 1767 1420 ,καὶ
1786 1333 1819 1404 δὴ
1829 1339 1881 1420 ςιιοηιί
1897 1337 1954 1388 τού.

283 1409 1093 1552 1θί11111111θρ11111111111111111111
1143 1407 1954 1548 11111111111111111111111111111

283 1541 468 1610 mulgeamus,
496 1547 525 1596 et
548 1541 577 1596 in
602 1541 769 1598 confectione
790 1541 988 1596 institutionum
1012 1541 1093 1596 ctiam
1142 1563 1174 1594 τε
1190 1543 1262 1610 ἔχειν
1279 1547 1325 1596 eut
1342 1541 1412 1598 κατὰ
1431 1541 1483 1598 τὸν
1505 1537 1635 1618 ἡμέτερον
1656 1545 1670 1596 i
1703 1547 1800 1612 ίναμεν
1817 1543 1891 1606 νοῦν,
1914 1551 1953 1598 τα)

284 1611 375 1664 eadem
392 1609 574 1666 emendatione
587 1625 688 1682 ponere
702 1625 757 1664 non
770 1613 921 1664 morentur:
939 1615 970 1664 nt
986 1607 1092 1664 111111-
1143 1607 1272 1684 ήμίτερον
1295 1611 1365 1664 sinus
1388 1615 1434 1666 eut
1456 1613 1538 1664 sedeo
1561 1611 1593 1664 τὸ
1616 1561 1726 1682 nisibe
1749 1605 1953 1682 ἀπεφηνάμεθε,

282 1679 408 1734 nifestum
431 1685 458 1736 11
479 1679 543 1748 quid
566 1685 645 1734 autea
667 1679 812 1732 vacillabat
828 1683 856 1732 et
872 1679 936 1748 qnid
952 1683 1048 1746 postea
1064 1679 1094 1730 in
1143 1685 1189 1732 eat
1211 1677 1244 1734 τό
1266 1699 1299 1754 γι
1322 1679 1374 1748 τήν
1390 1681 1450 1736 τῶν
1466 1673 1605 1754 ἡμετέρων
1622 1677 1775 1742 διατάξεων
1793 1677 1871 1748 ἰσχὺν
1888 1679 1953 1744 ἔχειν

282 1749 453 1804 stabilitatem
476 1747 634 1804 redactum¹
657 1751 707 1802 111.
743 1745 814 1814 quod
833 1763 901 1816 opus
919 1747 952 1800 ab
971 1745 1013 1802 his
1030 1763 1091 1814 per·
1144 1741 1211 1802 cisi
1235 1741 1303 1820 παρ’
1328 1745 1422 1802 αὐτῶν
1444 1733 1485 1802 οἷν
1503 1751 1534 1802 ἐν
1550 1755 1700 1820 προοιμίοις
1715 1749 1766 1802 τοῦ
1781 1745 1890 1818 βιβλίον
1908 1743 1953 1802 διε.

282 1817 381 1874 fectum
404 1823 435 1872 ut
456 1817 533 1872 nobis
551 1817 669 1872 oblamm
687 1815 859 1868 1111111111
875 1819 931 1880 111,
956 1819 983 1868 11
1003 1829 1091 1896 prono
1145 1821 1176 1872 12
1212 1815 1350 1886 λίγθημςν
1366 1813 1473 1874 ἅπασιν
1490 1813 1674 1886 ἐδηλώσαμεν.
1702 1811 1781 1870 Οὕτω
1798 1823 1893 1870 τοίνυν
1909 1815 1954 1886 τήν

282 1901 360 1942 susce
379 1887 447 1940 imus
471 1885 559 1940 animo
583 1889 610 1940 11
627 1883 726 1938 nostris
744 1883 867 1940 sensibus
883 1901 939 1938 non
953 1883 1092 1952 iudugnum
1142 1879 1284 1956 Ῥωμαίων
1309 1887 1479 1956 νομοθεσίαν
1504 1883 1636 1948 τάξαντες
1661 1889 1707 1938 eet
1733 1887 1764 1938 eu
1788 1889 1881 1960 τρισὶν
1906 1893 1954 1944 eois

282 1971 342 2012 1111
363 1953 537 2010 suoicavimus
559 1957 586 2006 et
602 1951 755 2024 praedictos
771 1953 855 2006 libros
873 1951 1092 2008 constitutionum
1143 1949 1215 2008 iilum
1236 1953 1353 2024 βιβλίοις
1373 1975 1404 2010 τε
1426 1957 1473 2006 καὶ
1490 1955 1625 2006 ἐνιαυτοῖς
1640 1955 1753 2040 πρᾶγμα
1769 1955 1902 2006 τοσοῦτον
1919 1957 1953 2010 in·

281 2027 364 2080 vicem
382 2023 480 2078 habere
496 2021 636 2076 iussimus:
654 2021 726 2090 quod
743 2023 789 2076 et²
806 2021 835 2076 in
852 2021 972 2076 oratione
989 2027 1092 2090 nostra,
1143 2019 1339 2090 πεπονηκότες,
1362 2019 1430 2096 ὅπερ
1454 2011 1487 2090 ἦν
1507 2025 1560 2092 μίν
1582 2021 1633 2090 τήν
1655 2039 1740 2096 αργην
1761 2015 1830 2098 ὑπὲρ
1847 2015 1954 2078 ἅπασαν

282 2109 361 2162 quam
379 2093 477 2148 eisdem
494 2089 570 2144 libris
586 2089 806 2158 praeposuimus,
830 2089 948 2174 apertius
970 2089 1091 2146 declara·
1143 2087 1254 2158 ilatio,
1278 2089 1314 2146 τὰ
1337 2089 1367 2144 δὲ
1383 2089 1418 2160 δή
1433 2087 1587 2156 τελευταῖα,
1609 2087 1677 2160 μεθ’
1697 2083 1764 2164 ὅπερ
1781 2087 1856 2160 ἡμεῖς
1871 2089 1953 2162 βοτὸν

283 2165 314 2216 12
349 2167 402 2216 tur.
429 2159 507 2216 Omni
523 2159 604 2228 igitur
621 2157 736 2212 Romani
752 2159 817 2214 iuris
833 2159 1005 2230 dispositione
1019 2175 1090 2214 com·
1143 2161 1215 2214 εῖναι
1240 2159 1271 2214 τὸ
1294 2177 1317 2216 π
1334 2161 1406 2236 ᾶγμα
1431 2157 1584 2230 ἐδείξαμεν,
1610 2153 1674 2212 cios
1699 2159 1735 2214 εἰς
1761 2157 1876 2214 δέκατον
1901 2161 1954 2218 ἔτος

281 2231 369 2300 posita
387 2235 414 2284 et
430 2231 459 2284 in
474 2227 560 2282 onnus
577 2227 768 2294 voluminibue,
791 2229 820 2282 id
837 2233 879 2284 est
893 2229 1092 2284 institutionum
1142 2225 1208 2284 ὅλον
1225 2181 1395 2300 sonegium
1410 2225 1613 2302 προσδοκηθέν,
1635 2229 1671 2282 sis
1691 2225 1788 2296 μόνοιν
1803 2229 1890 2300 τριῶν
1907 2231 1953 2282 ἐνί·

281 2303 308 2354 11
326 2297 489 2366 digestorum
506 2313 554 2350 seu
570 2297 765 2364 pandectarum
783 2313 833 2350 nec
850 2315 905 2352 nou
921 2297 1091 2354 constitutio·
1144 2299 1237 2352 αυτῶν
1253 2291 1465 2352 άπετελέσαντες
1481 2293 1568 2366 τάχος,
1585 2301 1632 2348 καὶ
1645 2297 1687 2364 τῷ
1702 2293 1822 2370 δεσπότῃ
1837 2297 1899 2364 θεῷ
1914 2303 1953 2352 καί

281 2383 357 2434 num,
380 2365 499 2436 perfecta
516 2369 543 2420 et
559 2365 588 2420 in
605 2365 693 2420 tubus
710 2365 786 2420 annis
805 2371 1000 2432 consummata,
1023 2381 1092 2434 quae
1142 2367 1243 2420 cedson
1259 2361 1410 2420 ἀναθέντες
1426 2363 1477 2418 τὸν
1493 2363 1585 2418 ἀθλον
1607 2365 1648 2432 τῷ
1670 2369 1716 2416 eui
1746 2363 1856 2438 εἰρήνην
1883 2361 1953 2438 ἄγειν

281 2441 312 2490 11
328 2435 441 2504 primum
460 2433 597 2516 separarii
614 2435 716 2504 coepit,
740 2449 826 2516 neque
845 2435 874 2490 in
889 2439 977 2490 totum
994 2434 1092 2488 decen·
1143 2439 1189 2489 nei
1211 2431 1341 2504 πολέμους
1362 2433 1521 2508 κατορθοῦν
1544 2435 1591 2486 καί
1613 2431 1798 2502 νομοθετήσει
1815 2437 1900 2488 παντὶ
1917 2435 1953 2502 τε)

281 2507 354 2558 nium
372 2505 499 2574 complere
515 2503 689 2572 sperabatur:
713 2503 889 2574 ommpotenti
910 2503 959 2558 deo
978 2507 1005 2558 et
1021 2503 1092 2558 banc
1143 2525 1174 2558 τε
1196 2501 1249 2578 πρὸ
1274 2497 1369 2574 ήμεῖν1
1394 2503 1436 2570 τῷ
1460 2521 1490 2554 τε
1514 2497 1559 2572 ἐφ’
1584 2495 1662 2584 ήμων
1682 2501 1725 2568 τῷ
1747 2521 1778 2554 τε
1799 2495 1869 2572 μεθ’
1893 2495 1953 2570 ἡμᾶς

281 2589 390 2642 operam
412 2573 447 2628 ad
467 2573 604 2626 homiuum
627 2571 849 2628 sustentationem
872 2573 924 2642 piis
946 2573 1092 2642 optulimus
1142 2571 1233 2648 χρόνῳ
1246 2569 1441 2648 δωρησαμένῳ,
1460 2567 1567 2624 δίκαιον
1582 2567 1713 2640 ῳήθήμςν
1728 2563 1834 2626 ἅπασιν
1847 2565 1952 2644 ἀνθρά-

282 2641 378 2696 animis
401 2643 548 2708 uberesque
572 2639 672 2708 1111111
698 2641 830 2696 maximae
855 2639 949 2696 deitati
974 2639 1091 2696 reddidi·
1143 2657 1205 2696 ποις
1218 2641 1330 2708 ποιήσαι
1344 2637 1464 2712 φανερὰν
1478 2635 1530 2706 τὴν
1543 2631 1675 2710 ἡμετέραν
1687 2633 1755 2714 ὑπὲρ
1771 2633 1865 2692 αὐτῶν
1878 2655 1952 2692 σπου·

281 2711 369 2776 11111,
393 2725 462 2780 quae
482 2709 559 2764 nobis
581 2709 735 2776 praestitit⁵
752 2715 778 2762 et
794 2709 866 2762 bella
881 2707 995 2762 feliciter
1012 2723 1092 2774 agere
1143 2705 1194 2778 δήν
1210 2729 1242 2762 τε
1258 2713 1304 2762 nui
1321 2707 1463 2784 πρόνοιαν,
1486 2699 1562 2760 ὅπως
1582 2701 1618 2760 ἂν
1634 2707 1680 2774 τῆς
1697 2707 1857 2782 ἔμπροσθεν
1874 2701 1952 2762 ἀπαλ-

281 2785 309 2834 11
330 2779 444 2834 honesta
463 2791 531 2846 pace
551 2777 684 2846 perpotiri
708 2781 736 2832 et
760 2777 834 2830 noni
858 2781 964 2830 tantum
988 2781 1091 2842 nostro,
1144 2775 1269 2848 iuys'vess
1284 2795 1320 2830 τα
1339 2777 1401 2844 αγής
1416 2795 1448 2828 τε
1464 2777 1512 2828 οιαὶ
1528 2771 1680 2846 συγχύσεως
1693 2779 1740 2828 καὶ
1754 2777 1838 2850 πέρας
1852 2775 1953 2842 ἐχούσης

281 2847 330 2902 sed
352 2849 430 2900 etiam
452 2845 523 2900 omni
545 2859 610 2900 aevo
635 2849 690 2900 tam
710 2845 823 2900 instanti
844 2861 924 2914 quam
948 2843 1093 2916 posteriori
1144 2843 1225 2900 eides
1247 2797 1414 2914 sanciendas
1438 2839 1594 2918 χρήσωνται
1620 2839 1713 2912 νόμοις
1738 2839 1833 2918 ὀρθοῖς
1859 2863 1889 2896 τι
1914 2849 1953 2898 nei

282 2919 336 2984 (13)
369 2915 440 2984 leges
458 2913 573 2982 optimas
589 2929 699 2984 ponere.
730 2915 852 2970 omnibus
869 2915 960 2984 itaque
977 2911 1092 2968 homini-
1144 2911 1287 2984 συντόμοις
1307 2919 1354 2968 ιιαί
1374 2915 1460 2970 πᾶσιν
1481 2917 1632 2986 προχείροις
1652 2915 1698 2966 ταί
1719 2911 1772 2980 τήν
1793 2915 1853 2966 τῶν
1871 2909 1953 2966 διιιιίν

282 2985 333 3038 111
352 2983 463 3040 eandem
480 2981 646 3040 sanctionem
663 2981 831 3038 manifestam
854 2981 944 3038 iacere
967 2997 1092 3038 1111111-
1144 2989 1295 3052 ουντομίαν
1315 2979 1514 3050 ἀσπαζομένοις
1533 2985 1581 3032 ταί
1601 2985 1785 3054 προκειμένοις
1805 3001 1836 3056 γε
1854 2975 1952 3038 ἅπασιν

281 3055 369 3108 riumi
395 3053 594 3122 perspeximus,
626 3057 657 3108 ut
686 3053 720 3106 sit
747 3053 785 3108 eis
811 3051 959 3122 cognitum,
991 3055 1093 3122 quanta
1142 3057 1199 3106 τοῖς
1221 3049 1392 3122 βουλομένοις
1415 3045 1704 3122 intentisssime,
1730 3045 1821 3104 οὐκέτι
1848 3047 1952 3104 πολλῶν

282 3121 438 3178 confusione
456 3125 483 3176 et
498 3119 630 3176 infinitate
647 3121 805 3176 absolutIin
818 3121 916 3188 qaam⁸
932 3119 1092 3176 moderatio·
1144 3119 1280 3190 δσομίνοις
1294 3119 1452 3194 χρημάτων,
1475 3119 1522 3170 ἵνα
1544 3115 1575 3172 τὸ
1598 3119 1657 3170 τῶν
1679 3113 1824 3206 ἀχρήστων
1847 3119 1952 3172 ἐκείνων

282 3205 342 3244 uem
360 3191 428 3246 1111
446 3189 546 3244 'dmum
562 3191 700 3244 veritatem
716 3195 907 3260 pervenerunt:
926 3191 1051 3260 legesque
1064 3189 1093 3242 in
1143 3187 1263 3260 βιβλίων
1279 3185 1443 3260 άθροίσαιεν
1460 3185 1575 3254 πλῆθος,
1593 3181 1649 3240 ἀλλ’
1666 3183 1710 3242 ἐπ’
1728 3185 1812 3260 ελίγιρ
1827 3185 1952 3270 τιμήματι

281 3263 417 3328 posterum
460 3257 556 3314 abeant
578 3259 635 3312 tam
657 3257 774 3314 directas
794 3273 873 3326 quam
891 3257 1092 3328 compendiosas
1142 3263 1199 3312 τοῖς
1212 3277 1243 3312 τε
1257 3257 1421 3328 πλουτοῦσιν
1434 3249 1535 3326 ὁμοίως
1548 3259 1604 3308 τοῖς
1616 3273 1648 3308 τε
1665 3255 1695 3320 ἐξ
1711 3253 1853 3308 ἐλάττονος
1871 3275 1951 3332 ορμο-

282 3327 457 3398 omuibusque
485 3325 516 3380 in
543 3331 669 3396 promptu
698 3329 800 3396 positas
826 3333 853 3380 et
878 3323 913 3380 ad
938 3325 1093 3396 possidendi
1142 3329 1235 3398 με’νοις
1244 3323 1337 3380 οὐσίας
1347 3323 1441 3380 ἄδειαν
1452 3325 1498 3392 τῆς
1509 3323 1615 3378 ἑαυτῶν
1629 3329 1820 3398 παρεχομένοις
1832 3321 1952 3392 πτήσεως.

281 3397 364 3452 libros
383 3413 473 3452 earum
489 3395 645 3450 facilitatem
662 3395 786 3452 idoneas:
810 3401 918 3450 utnon
938 3393 1091 3450 1111111111-
1145 3401 1176 3452 13
1211 3395 1247 3450 Εἰ
1268 3391 1301 3448 δέ
1319 3415 1349 3450 τι
1370 3391 1502 3462 (πλήθους
1522 3389 1600 3446 ὄντος
1616 3395 1665 3446 τοῦ
1682 3399 1728 3446 nai
1745 3395 1796 3446 siu
1812 3389 1854 3462 ήθ
1870 3397 1950 3464 osopi·

281 3465 381 3520 tiorum
404 3479 522 3546 expensa
544 3463 649 3532 possint
665 3465 786 3520 homines
805 3477 986 3534 supervacuae
1002 3463 1091 3534 legum
1142 3485 1191 3518 νον
1212 3469 1259 3518 ταὶ
1280 3467 1309 3518 ie
1330 3463 1469 3518 τοσούτων
1489 3461 1632 3536 μυριάδων
1653 3459 1832 3536 συλλεγέντες)
1853 3411 1951 3526 δόξειεν

282 3533 457 3590 multitudirus
475 3533 587 3602 adipisci
603 3533 751 3600 volumina,
769 3531 817 3590 sed
833 3533 960 3588 vilissima
977 3533 1092 3602 pecunia
1143 3535 1215 3620 ρ’γειν
1225 3529 1326 3604 ὁμοίως
1336 3533 1425 3600 (τοῦτο
1439 3527 1470 3584 tt
1479 3527 1597 3600 οἰόμεθα
1609 3529 1725 3586 σπάνιον
1737 3533 1871 3600 ἔσεσθαι),
1885 3529 1951 3618 πλήν

282 3603 369 3662 facilis
386 3617 477 3658 eorum
496 3601 660 3670 comparatio
677 3605 770 3684 pateat
782 3607 840 3656 tam
854 3599 995 3656 ditioribus
1010 3617 1092 3672 quam
1142 3599 1211 3656 αλλὰ
1231 3607 1287 3656 τοῖς
1307 3603 1353 3670 eis
1370 3597 1549 3674 ἀνθρωπίνης
1566 3601 1770 3670 ἐστοχασμένοις
1787 3597 1892 3672 φύσεως
1908 3621 1950 3654 cue

282 3671 459 3740 tennioribus,
485 3671 592 3724 minimo
618 3675 704 3740 pretio
731 3685 827 3738 magna
849 3669 990 3738 prudentia
1013 3685 1091 3738 repa-

285 3743 315 3794 13
335 3743 388 3806 (14)
421 3737 513 3792 reuda.
543 3737 572 3794 Si
589 3737 654 3808 quid
670 3743 759 3794 111111
776 3739 804 3792 in
820 3743 897 3792 tanta
912 3739 1001 3808 legum
1018 3753 1090 3794 oom-

283 3807 422 3878 positione,
437 3821 507 3878 quae
520 3807 555 3860 ab
569 3807 696 3862 immenso
710 3807 839 3862 librorum
853 3821 963 3862 numero
978 3807 1092 3864 collecta

283 3881 333 3944 est,
349 3875 451 3932 1111111θ
467 3875 580 3932 forsitan
596 3891 660 3932 raro
677 3875 837 3942 inveniatur,
856 3891 933 3932 nemo
950 3877 1003 3932 boo
1020 3875 1090 3932 sim-

284 3947 429 4016 perandum
447 3945 586 4012 existimet,
605 3943 652 4002 sed
668 3945 784 4016 primum
802 3945 906 4016 quidem
923 3943 1091 4000 inbecillitati

284 4117 464 4188 (1))111111111
484 4117 512 4170 F
594 4117 771 4184 (1)(11118
859 4119 891 4182 (1)
910 4117 1005 4184 sperari
1018 4115 1097 4172 F²S
1148 4119 1177 4182 (1)
1195 4121 1241 4170 nai
1256 4117 1424 4170 dei-Herodes
1489 4115 1523 4180 (1)
1539 4121 1669 4172 ennean
1727 4119 1761 4184 (1)
1778 4119 1950 4188 asamonaei

285 4189 319 4254 (1)
335 4189 372 4240 sie
385 4187 414 4254 S,
428 4183 593 4240 rsomnosn
673 4187 705 4250 (5)
723 4187 853 4254 praestitet
866 4187 892 4238 F
974 4187 1007 4250 (1)
1025 4201 1059 4238 uo
1073 4189 1100 4240 F
1145 4189 1178 4252 (t)
1196 4187 1238 4254 aqi
1250 4201 1283 4238 aa
1296 4179 1440 4256 mpbe‘zpoiu
1454 4185 1620 4238 detKoetler
1959 4199 1960 4202 ’

285 4255 481 4324 (1111118
549 4257 582 4322 (a)
601 4255 758 4320 quantsms
824 4257 860 4322 (o)
876 4253 954 4308 1111111
968 4255 996 4308 F
1692 4271 1693 4274 ¹

281 4465 407 4538 possent,
428 4477 463 4518 ne
483 4457 534 4516 doe
551 4457 658 4532 quidem
675 4463 795 4514 naseam
808 4457 1007 4532 prouidentiam
1024 4457 1101 4532 elise-v
1143 4475 1227 4532 saper
1254 4475 1358 4514 omnem
1385 4475 1461 4534 spem
1488 4459 1596 4532 fumat,
1628 4457 1723 4514 deinde
1749 4463 1853 4528 autem,
1877 4463 1947 4532 post·

285 4527 1092 4604 911111Τ111011111111ρῖονίοςίςςίνιο11111ιεί-
1143 4545 1225 4598 quum
1247 4545 1299 4584 nes
1319 4547 1377 4584 rem
1393 4529 1498 4604 perliti
1538 4545 1598 4586 osse
1620 4529 1836 4594 ostenderemus,
1859 4543 1893 4582 ne
1910 4529 1947 4582 de·

285 4615 391 4654 sermm
416 4599 505 4672 ispum
531 4595 732 4654 condendarum
755 4599 932 4654 ministerium
958 4597 1041 4652 eleeto
1067 4601 1094 4652 et
1143 4597 1425 4670 eenniequidemtoto
1438 4599 1636 4672 ubsooiposse
1649 4597 1819 4670 mandetur,
1834 4597 1947 4652 solorum

288 4667 457 4724 Toronaico
482 4669 598 4742 itemque
622 4665 780 4722 Donernao
804 4667 871 4724 airis
895 4665 1046 4722 iibestrdsus
1068 4669 1095 4722 et
1145 4667 1227 4722 trium
1244 4683 1377 4722 annerum
1395 4667 1530 4724 eeleritate
1547 4665 1750 4724 absolvissemus
1763 4663 1874 4724 etbune
1908 4681 1947 4724 uo·

284 4737 502 4810 prudentissimis
518 4733 744 4800 antecessoribus,
767 4735 831 4790 data
855 4737 974 4792 iussione
995 4737 1109 4798 comta,
1145 4751 1197 4808 que
1211 4735 1329 4792 hierem
1343 4735 1528 4794 ebmlmsemus
1540 4735 1647 4792 domino
1661 4735 1719 4802 dee,
1734 4737 1784 4806 qni
1794 4737 1872 4792 nobis
1882 4679 1965 4794 teuit.

287 4807 387 4860 mimus
410 4811 534 4878 oportere
557 4821 594 4860 en
617 4805 650 4860 iis
673 4819 744 4874 pune
764 4805 794 4858 in
810 4805 1020 4860 institutionibus
1037 4805 1093 4860 suis
1144 4809 1170 4858 et
1181 4821 1281 4876 pacem
1298 4823 1380 4878 opere
1397 4805 1510 4862 ethelin
1522 4821 1659 4878 prospere
1674 4821 1769 4876 perere
1785 4809 1812 4858 εί
1828 4805 1947 4860 universo

286 4879 390 4928 netues
426 4875 559 4928 osuissent
575 4877 730 4946 opportuna
752 4877 779 4924 et
801 4871 889 4928 adbuc
911 4877 1046 4944 usurpata
1067 4877 1094 4928 et
1144 4889 1210 4928 aeva
1232 4873 1306 4944 qnod
1325 4873 1382 4946 fuit
1403 4877 1430 4930 et
1452 4877 1492 4928 est
1509 4877 1536 4928 et
1550 4873 1676 4946 futurum
1694 4877 1734 4928 est
1751 4873 1813 4928 iure
1829 4871 1946 4946 eundae,

286 4889 1094 5080 {titiisitttttttttttttttttttttf
1143 4939 1946 5080 sttuite‘tittuititittittttttti

287 5029 453 5138 stitutioium
482 5081 636 5132 nostrerum
664 5077 702 5132 ed
726 5051 854 5152 priorum
882 5077 1093 5150 emendationem
1142 5027 1212 5136 ruti
1212 5095 1245 5134 ee
1259 5095 1330 5150 quae
1341 5027 1422 5134 eine
1432 5079 1530 5150 flueret
1538 5079 1745 5152 perturbatione
1756 5051 1782 5132 ε’(
1793 5027 1945 5150 ionfuston

285 5151 424 5222 facturum
446 5153 473 5204 et
494 5147 533 5202 ite
556 5147 667 5216 efficere
691 5147 773 5204 libros
797 5151 925 5216 quattuor
941 5147 1036 5220 prima
1052 5149 1092 5204 ιά-
1144 5147 1285 5222 dapemque
1302 5147 1435 5218 infinitate
1453 5147 1507 5202 iem
1528 5147 1608 5202 usuri
1627 5147 1682 5202 sint
1702 5145 1733 5202 ie
1747 5147 1806 5204 ibus
1826 5145 1945 5222 rectiset

285 5219 432 5276 stitutionis
461 5215 590 5274 tamenta
613 5217 722 5288 future,
747 5231 818 5288 puae
837 5215 947 5290 placuit
971 5219 1093 5272 institute
1144 5217 1268 5274 breuibus
1284 5221 1311 5272 et
1328 5217 1538 5288 menaporum
1559 5231 1683 5288 quaeque
1760 5213 1846 5270 litium
1868 5215 1944 5272 brem·

285 5289 384 5344 vocari.
419 5281 1092 5360 1111111111οοριιοραιίνιοίςσμειςμενίεσίαυι
1144 5291 1224 5342 tatem
1247 5285 1360 5342 tendent
1382 5301 1545 5358 quaequae
1572 5285 1667 5356 quovis
1691 5285 1737 5342 eui
1761 5283 1844 5340 libeat
1866 5279 1944 5356 faciit

285 5355 363 5410 nobis
386 5355 553 5420 obtulerunt,
583 5353 664 5426 idque
686 5371 738 5410 nos
760 5357 845 5408 totum
866 5353 1045 5428 supendimus
1067 5359 1094 5410 et
1143 5359 1335 5428 comparentur
1355 5371 1406 5412 nee
1427 5369 1554 5426 mapsam
1573 5353 1719 5428 pecuniam
1741 5355 1895 5424 requirant,
1921 5349 1944 5404 ut

287 5425 501 5480 amaminaeimus
517 5429 544 5478 et
560 5429 632 5480 reete
647 5441 678 5480 se
693 5421 792 5480 batem
810 5427 837 5478 et
854 5441 891 5480 em
908 5423 993 5480 animi
1007 5425 1095 5480 nostri
1144 5423 1279 5480 inutilium
1302 5423 1410 5480 iliorum
1433 5423 1563 5480 librorum
1585 5423 1665 5492 eopia
1684 5421 1748 5492 fiat,
1775 5421 1824 5478 sed
1848 5423 1942 5492 estque

286 5495 417 5548 sententie
439 5493 627 5558 iudicauimus,
650 5495 678 5546 et
698 5497 819 5548 nostrum
842 5507 900 5550 esse
920 5495 999 5548 etiem
1020 5491 1093 5550 iuno
1138 5495 1231 5566 pretio
1253 5497 1308 5548 tam
1330 5491 1491 5550 edivitibus
1508 5507 1590 5562 quam
1607 5491 1641 5548 ab
1658 5491 1692 5546 iis
1708 5491 1758 5564 qui
1772 5491 1863 5546 minus
1878 5489 1942 5546 ioca

287 5563 384 5618 libram
413 5561 609 5618 ἀεοίανανίυιιις
637 5565 665 5618 et
691 5561 909 5620 constitutionum
937 5567 1092 5618 nostrerum
1138 5561 1229 5636 pietas
1248 5567 1338 5620 essent
1355 5577 1437 5636 posse
1457 5575 1487 5616 se
1508 5559 1620 5632 adesim
1635 5561 1818 5618 certitudinem
1833 5557 1942 5632 faeiem·

286 5633 370 5690 sicem
393 5631 491 5690 batem
512 5647 573 5686 eum
595 5631 630 5688 iis
654 5647 725 5702 puae
749 5633 778 5690 ia
803 5633 926 5690 candia
948 5633 1008 5690 eins
1031 5633 1095 5690 iibri
1144 5637 1176 5690 13
1211 5631 1290 5702 Quod
1309 5633 1338 5690 si
1356 5637 1460 5698 autem,
1483 5645 1544 5686 eum
1567 5645 1641 5688 nune
1661 5645 1768 5704 queque
1790 5629 1875 5686 multu
1896 5619 1943 5686 ad

290 5707 321 5756 12
356 5703 427 5760 dicte
440 5701 717 5758 santdeeiureuimus.
743 5699 791 5762 Sic
801 5701 885 5774 ipitur
896 5703 957 5760 iure
968 5701 1092 5762 Romane
1143 5719 1214 5776 quae
1226 5705 1421 5778 preponuntur
1434 5715 1521 5772 eaque
1535 5699 1620 5756 eiecta
1634 5717 1672 5756 ese
1685 5703 1741 5756 tem
1754 5715 1854 5774 mepoo
1869 5697 1959 5764 libror

287 5771 411 5828 ardinmo
437 5777 464 5828 et
485 5771 570 5828 terni
590 5771 621 5828 in
642 5771 795 5828 aniumsum
818 5775 846 5828 et
866 5771 1045 5830 uoluminibus
1065 5777 1093 5828 et
1142 5789 1203 5830 rum
1227 5789 1354 5840 numero,
1386 5771 1518 5846 quaedem
1549 5769 1692 5826 videantur
1718 5767 1818 5828 natue
1842 5769 1959 5826 similit

287 5843 769 5916 εεν1ίιαίοοριτεοοοειαααιο,
792 5857 852 5900 eam
872 5841 903 5900 id
923 5841 997 5918 qaod
1013 5839 1092 5900 initio
1142 5841 1218 5918 pseud
1240 5857 1334 5900 rarum
1358 5839 1423 5916 sore
1449 5837 1623 5910 confidimus,
1649 5837 1793 5896 inmanem
1824 5843 1960 5910 1111111
