4366 6258
976 349 1278 462 u.„...i¹.ih....-...

299 545 372 596 recte
393 541 470 596 dicet.
506 555 569 610 ergo
592 541 663 596 etsi
684 541 807 598 latitante
836 541 883 596 sed
900 541 1024 612 longum¹
1048 547 1102 596 est:
1154 541 1295 598 defunctae
1316 539 1488 598 hereditatem
1511 539 1548 596 nd
1569 553 1659 596 omnes
1681 539 1738 596 eius
1760 541 1857 604 bbcros
1873 541 1933 610 perti·

299 625 360 664 nam
377 625 426 664 nec
443 611 496 664 hoc
513 607 538 664 ei
555 607 712 680 imputetur,
734 625 781 666 cur
799 615 937 678 suspectos
955 627 1009 666 non
1026 607 1102 664 iecit:
1154 625 1229 676 nere,
1258 607 1362 664 etiamsi
1388 625 1421 664 ιιι
1443 609 1552 664 diversis
1578 607 1750 664 matrimoniis
1773 609 1828 664 nati
1850 607 1934 674 fuerim

299 679 417 746 alioquin
434 683 461 732 et
478 677 502 732 si
517 677 665 744 latitarent,
688 677 776 748 putuit
798 677 885 732 edicto
907 679 1105 732 desiderarent
1154 677 1218 730 iuris
1236 683 1285 732 est.

299 761 344 798 eos
359 751 465 814 praetor
480 745 573 798 adesse
584 745 687 802 iuberet
698 751 726 800 et
743 751 881 814 suspectos
900 761 944 800 eos
963 745 1104 810 removete
1189 743 1207 800 5
1232 743 1350 798 Pronus
1370 743 1437 796 libro
1458 743 1593 812 rivipulori
1619 745 1656 798 od
1680 747 1789 798 secatus
1812 745 1932 796 covvsultuu

299 817 330 862 42
366 813 389 864 si
406 811 535 864 deessent.
571 811 641 878 Quid
662 813 686 868 si
707 829 761 866 non
782 811 910 878 compulit
932 827 978 866 eos
995 813 1104 866 miscere
1157 811 1350 864 Tertullianum
1388 809 1584 890 Aequissimum
1606 811 1690 864 visum
1713 817 1753 864 est
1778 827 1866 864 omncs
1886 811 1946 882 filiosv

299 893 328 928 se
345 877 462 930 tutelae?
485 883 513 928 et
530 893 588 930 oum
606 879 714 946 plenum
731 877 849 930 officium
866 893 882 930 a
899 883 984 930 matre
1001 877 1103 932 deside·
1141 877 1233 930 ,matri
1247 875 1391 956 praeferri,
1412 877 1514 930 ehamsi
1535 891 1584 944 per
1605 877 1773 944 adoptionem
1789 877 1817 928 in
1834 877 1947 940 familior

299 943 413 1006 remus³,
437 949 464 994 et
486 943 553 996 haec
575 945 599 996 ei
623 943 743 998 curanda
764 949 840 1008 sunt,
864 961 898 996 nc
914 943 942 994 in
959 943 1104 998 hmeditate
1158 949 1170 994 l
1206 943 1293 994 rehcti
1310 947 1407 994 essent.
1435 943 1487 994 Sed
1503 949 1530 996 ιι
1547 957 1629 1010 nepos
1647 957 1681 996 ex
1698 941 1821 1008 adoptivo
1839 943 1889 994 filio
1904 939 1947 1036 naq

299 1013 330 1060 43
365 1009 390 1060 ei
406 1009 521 1062 obstent.
558 1009 720 1062 ‘Confestim'
743 1015 830 1060 antem
848 1009 886 1062 sic
904 1009 955 1062 erit
972 1009 1104 1076 accipien·
1156 1013 1170 1060 2
1206 1015 1251 1060 tus
1268 1023 1301 1060 ex
1320 1009 1405 1060 verbis
1424 1013 1530 1060 senatus
1549 1009 1664 1060 consulti
1679 1009 1758 1060 matri
1776 1009 1895 1060 obstabit.
1918 1011 1947 1086 ιιιι

299 1075 361 1128 dum
386 1075 440 1128 ‘ubi
462 1075 576 1142 primum
598 1075 701 1142 potuit',
731 1073 759 1126 id
784 1081 825 1128 est
847 1075 978 1140 praetoris
1001 1075 1105 1142 copiam
1155 1089 1189 1128 ex
1211 1075 1267 1128 filio
1289 1081 1415 1142 nepotem
1437 1087 1502 1126 avus
1524 1075 1706 1128 manumiserit
1732 1075 1808 1140 isque
1833 1081 1902 1140 patre
1919 1087 1947 1140 ιιι

299 1141 391 1194 habuit
407 1139 470 1192 huic
488 1141 526 1194 rei
542 1141 672 1204 sedentis,
695 1141 747 1194 uisi
767 1141 837 1192 forte
854 1141 1006 1192 infirmitate
1022 1141 1104 1208 impe·
1156 1155 1205 1194 avo
1223 1145 1251 1192 et
1267 1145 1353 1194 matre
1370 1139 1557 1206 superstitibus
1575 1139 1732 1204 decesserit,
1755 1145 1844 1206 potest
1860 1145 1947 1208 queant

299 1207 354 1260 dita
372 1211 413 1258 cst
429 1207 470 1258 vel
488 1207 540 1260 alia
557 1223 653 1274 magna
671 1221 765 1270 causa,
791 1221 859 1272 quae
881 1207 962 1258 etiam
978 1207 1105 1258 mandere
1156 1207 1215 1274 quis
1235 1205 1325 1274 potior
1347 1221 1406 1258 esse
1429 1207 1532 1258 debeat.
1568 1221 1630 1258 nam
1652 1207 1676 1258 si
1696 1211 1781 1258 mater
1802 1205 1947 1272 excluseritis

299 1287 356 1326 cam
378 1273 413 1324 ad
435 1273 562 1338 petendos
585 1279 687 1324 tutores
710 1273 862 1338 impediret:
890 1273 928 1324 ita
950 1279 1051 1336 tamem
1076 1277 1106 1324 ut
1156 1287 1235 1324 avum
1256 1273 1487 1336 manumissorem,
1510 1271 1554 1338 qui
1576 1273 1648 1338 patri
1669 1271 1851 1338 anteponitur,
1874 1273 1947 1340 edisti

299 1339 372 1390 nullo
389 1339 468 1390 modo
487 1341 581 1392 annale
599 1345 702 1406 tempus
721 1339 868 1390 excederet.
905 1339 927 1392 si
948 1339 1018 1390 enim
1034 1353 1105 1390 mor·
1156 1339 1286 1404 praetoris
1303 1339 1446 1390 inducetur
1461 1345 1538 1404 pater
1556 1337 1687 1400 defuncti,
1712 1353 1764 1404 quo
1784 1337 1893 1390 admisso
1907 1339 1947 1408 ιιι

298 1405 401 1456 talitate
428 1403 475 1456 filii
503 1411 645 1472 praeventa
674 1409 726 1468 cst,
752 1405 818 1456 nihil
845 1405 924 1456 matri
951 1405 1096 1470 imputetur
1157 1403 1221 1456 sinit
1238 1411 1347 1456 senatus
1365 1405 1487 1456 consulto
1504 1403 1579 1456 locus
1598 1417 1656 1456 esse
1679 1409 1705 1456 et
1724 1419 1816 1456 rursus
1835 1417 1893 1456 avos
1907 1409 1946 1466 ιιι

299 353 468 422 XXXVlll
492 357 528 422 17
1397 371 1444 422 nn
1465 363 1537 422 suu.
1560 371 1654 428 cous.
1671 373 1770 430 ,rnna
1787 373 1835 428 ,nr
1856 371 1933 420 curu

298 1475 331 1522 ts
366 1469 490 1524 Trecenti
506 1471 574 1524 belle
591 1475 688 1538 potest,
707 1471 730 1522 si
746 1471 848 1536 pupillo
861 1471 977 1536 amplum
989 1471 1105 1536 legatum

298 1538 346 1589 snb
366 1537 521 1590 condicione
536 1537 573 1592 sit
589 1535 711 1588 rehctum
733 1537 764 1588 ‘si
781 1543 884 1592 tutores
902 1553 955 1590 non
974 1537 1104 1588 habuerit'

299 1607 327 1654 et
347 1609 489 1672 propterca
515 1603 540 1656 ei
562 1609 647 1656 mater
670 1619 723 1654 non
746 1603 865 1670 petierit,
891 1619 925 1654 ne
952 1603 1106 1656 condicione

298 1669 470 1736 deficeretur,
494 1687 530 1724 an
554 1669 707 1724 constitutio
732 1675 825 1724 cesset.
861 1675 889 1722 et
908 1675 973 1738 puto
992 1685 1105 1734 cessare,

1158 1469 1270 1522 cabitur.
1297 1471 1388 1536 itaque
1405 1471 1502 1522 rectius
1521 1477 1562 1522 est
1579 1483 1627 1522 avo
1646 1469 1687 1522 ius
1705 1483 1782 1522 suum
1797 1465 1946 1540 conservarsi?

1157 1535 1203 1602 qui
1220 1541 1247 1588 et
1265 1541 1360 1588 contra
1376 1537 1490 1602 scriptos
1503 1535 1614 1590 heredes
1626 1537 1757 1590 bonorum
1770 1533 1945 1602 possessionen}

1157 1603 1278 1672 accipere
1296 1603 1373 1656 solet.

1192 1665 1210 1726 ὃ
1227 1669 1309 1722 Ibem
1323 1669 1391 1724 libro
1409 1667 1545 1738 singulari
1565 1669 1603 1722 ad
1621 1673 1730 1722 secutus
1747 1669 1892 1722 cotarellum
1907 1669 1932 1724 de

298 1737 322 1792 si
347 1737 471 1792 damnum
496 1735 582 1790 minus
611 1735 646 1790 sit
673 1737 778 1792 cumulo
803 1735 893 1804 legati.
929 1735 1000 1804 quod
1026 1741 1053 1790 et
1078 1737 1106 1790 in
1152 1735 1308 1806 plritr'auuua
1352 1735 1414 1794 Fiiii
1439 1737 1540 1790 mater⁷
1566 1751 1600 1788 ex
1624 1735 1676 1788 hoc
1702 1741 1810 1790 senatus
1834 1735 1933 1798 consultu,

297 1805 496 1874 migrantibus
521 1803 726 1872 municipalibus
752 1809 885 1858 tractatur
908 1803 979 1872 apud
1001 1803 1105 1858 Tertul-

296 1873 410 1928 lianum:
433 1877 460 1928 et
476 1877 555 1942 putat
572 1871 686 1926 dandam
702 1873 732 1926 in
749 1887 795 1926 eos
812 1871 956 1936 achonem,
975 1877 1106 1940 quatenus

298 1941 359 2010 plus
377 1953 447 1996 esset
464 1939 493 1994 in
509 1939 605 1994 damno
624 1955 704 2008 qnam
720 1941 747 1994 in
765 1941 860 2008 legato.
893 1939 944 1994 nisi
961 1939 1030 1994 forte
1047 1939 1106 2008 quis

296 2015 374 2078 putet
395 2007 577 2064 condicionem
599 2009 669 2062 hanc
692 2009 769 2078 quasi
790 2007 900 2064 utilitati
917 2009 1041 2076 publicae
1058 2009 1106 2062 ob-

296 2083 457 2146 pugnantem
470 2077 656 2130 remittendam
669 2083 699 2130 ut
713 2077 779 2132 alias
792 2077 944 2146 plerasque:
963 2083 1010 2130 aut
1026 2077 1107 2130 verba

298 2145 435 2200 cavillatus
456 2145 627 2218 imputaverit
650 2147 741 2212 matri,
765 2163 813 2200 cur
836 2151 972 2200 curatores
989 2161 1044 2200 non
1060 2161 1106 2214 pe-

297 2213 375 2268 tierit.
401 2213 471 2284 finge
489 2219 578 2268 autem
595 2215 699 2284 plenius
719 2215 899 2270 condicionem
914 2213 1105 2284 conscriptam:

297 2299 385 2338 nonne
408 2285 459 2338 erit
482 2283 560 2338 matri
581 2283 790 2352 ignoscendum?
818 2289 867 2338 aut
888 2283 939 2338 hoc
961 2285 1107 2352 imputatur

296 2353 387 2420 matri,
413 2369 461 2408 our
484 2369 539 2408 non
561 2353 721 2408 desiderarit
741 2369 758 2408 a
781 2353 901 2422 principe
925 2353 1106 2408 condicionem

297 2427 329 2476 tt
363 2421 480 2476 remitt'?
514 2427 541 2476 et
568 2427 635 2492 puto
663 2439 717 2476 non
740 2437 798 2476 esse
820 2423 1013 2492 imputandum.
1047 2423 1107 2490 Ego

298 2491 377 2546 etiam
394 2491 419 2544 si
434 2495 520 2544 mater
538 2489 574 2556 ei,
599 2491 645 2560 qui
662 2491 787 2546 solvendo
806 2507 860 2546 nou
878 2491 942 2554 erit,
960 2507 1014 2544 non
1031 2491 1108 2570 pet't

297 2563 424 2624 tutorem,
446 2563 511 2628 puto
536 2559 739 2626 ignoscendum:
769 2559 904 2614 consuluit
925 2559 994 2614 enim
1018 2575 1054 2624 er,
1078 2565 1108 2614 ut

298 2633 330 2684 46
364 2629 450 2684 minus
468 2629 630 2698 inquietetur
648 2629 725 2698 quasi
740 2627 903 2684 indefensus.
939 2629 976 2680 Et
998 2629 1021 2684 si
1037 2627 1107 2684 forte

298 2697 356 2768 quis
374 2713 484 2752 uxorem
502 2697 648 2754 communis
666 2697 714 2752 filii
731 2703 842 2752 matrem
859 2697 983 2754 heredem
1001 2697 1109 2768 scripsit

297 2767 450 2838 rogavitque
467 2767 577 2822 remissa
596 2767 675 2824 etiam
692 2767 874 2832 satisdatione,
893 2773 923 2822 ut
941 2767 995 2822 filio
1013 2767 1108 2836 puberi

296 2837 369 2892 facto
386 2837 538 2892 restitueret
554 2837 742 2902 hereditatem,
761 2853 810 2892 nec
827 2845 913 2892 mater
929 2837 954 2890 ei
971 2837 1047 2906 petiit
1064 2843 1107 2890 tn-

297 2911 382 2972 tores,
402 2905 481 2962 debet
499 2905 552 2962 dici
569 2923 674 2962 cessare
692 2905 920 2974 constitutionem,
945 2905 1107 2976 compatris

297 2977 459 3030 voluntatem
473 2981 566 3032 secuta
581 2977 617 3034 sit
630 2983 657 3030 et
671 2975 737 3030 nihil
749 2975 858 3032 habenti
871 2975 924 3030 filio
938 2981 1041 3031 tutores
1054 2991 1109 3032 non

297 3045 411 3114 petierit.
450 3045 522 3114 quod
545 3045 569 3100 si
592 3045 616 3100 ei
641 3045 753 3100 remissa
778 3045 917 3100 satisdatio
941 3043 1107 3112 confuerit,

299 3119 391 3168 contra
413 3115 475 3180 erit,
500 3113 624 3182 quoniam
642 3115 683 3168 vel
700 3117 810 3184 propter
828 3115 879 3168 hoc
896 3113 988 3168 debuit
1005 3119 1107 3170 tutores

297 3183 404 3238 habere.
440 3181 488 3238 sed
509 3183 534 3238 si
554 3183 624 3238 forte
648 3183 768 3252 impubes
790 3189 852 3250 post
867 3181 961 3238 matris
980 3183 1107 3238 cessatio-

297 3267 357 3306 nem
379 3249 461 3306 fuerit
485 3251 628 3322 adrogatus
651 3257 678 3306 et
694 3251 814 3320 impubes
834 3253 942 3316 obierit,
968 3251 1109 3308 dicendum

297 3321 348 3376 erit
364 3321 444 3374 matri
466 3321 592 3376 adversus
615 3321 802 3388 adrogatorem
824 3337 879 3374 non
901 3325 1052 3388 competere
1076 3337 1109 3376 ex

297 3393 328 3442 ti
365 3389 494 3458 stipulatu
516 3389 656 3442 achonem.
692 3387 840 3442 Videndum
862 3395 916 3456 est,
941 3395 1025 3442 matre
1044 3405 1107 3458 pro-

297 3457 381 3510 hibita
403 3457 444 3512 ius
469 3473 546 3512 suum
569 3457 705 3510 vindicare
735 3463 824 3510 utrum
852 3461 955 3512 ceteros
983 3457 1107 3512 admitta-

297 3541 368 3588 mus,
394 3529 474 3592 atque
497 3525 521 3580 si
543 3531 628 3578 mater
650 3541 705 3578 non
721 3529 804 3590 esset,
830 3541 865 3578 au
881 3525 968 3592 ipsam
984 3525 1108 3580 heredem

298 3591 408 3646 dicimus
431 3593 489 3646 fieri
511 3593 553 3646 vel
575 3593 650 3646 aliud
671 3607 768 3646 nomen
789 3593 966 3648 successionis
989 3595 1108 3658 induere,

298 3659 345 3714 sed
361 3659 522 3728 denegamus
539 3661 564 3712 ei
581 3661 720 3714 actiones?
742 3663 770 3712 et
785 3659 932 3714 invenimus
950 3661 1110 3730 rescriptum

297 3727 331 3782 ab
349 3727 509 3794 imperatore
527 3733 618 3782 nostro
630 3727 768 3780 Antonino
778 3727 823 3780 Au
873 3733 900 3780 to
917 3733 944 3780 et
958 3727 1017 3782 divo
1031 3733 1110 3796 patre

298 3795 354 3850 eius
371 3793 514 3850 Mammiae
531 3793 693 3848 Maximinos
710 3793 795 3862 pridie
812 3793 822 3848 i
841 3811 873 3848 us
884 3795 1008 3862 Apriles⁴
1026 3795 1108 3850 Plau·

296 3861 369 3916 tiano
387 3861 484 3916 iterum
502 3863 630 3918 cousule⁵
647 3869 732 3916 matre
748 3867 850 3932 remota
868 3877 914 3916 eos
932 3863 1044 3928 admitti,
1063 3863 1109 3932 qui

297 3931 429 3996 venirent,
452 3931 477 3984 si
497 3935 583 3984 mater
603 3945 659 3986 non
680 3929 788 3984 fuisset:
815 3945 876 3998 ergo
894 3935 921 3982 et
938 3931 1046 3998 adgnati
1065 3945 1108 3984 ce-

298 3997 400 4066 torique
416 3997 561 4054 succedent
578 4003 640 4062 aut,
663 3997 780 4054 sinemo
798 3997 848 4062 sit,
872 3999 943 4052 bona
965 3997 1108 4052 vacabunt.

332 4063 350 4122 3
374 4063 564 4120 Monssrrvos
589 4067 657 4120 libro
681 4069 775 4120 octono
803 4065 960 4136 repuleram
1000 4065 1110 4120 Patrem

298 4133 450 4200 adoptivum
467 4135 547 4186 matri
563 4149 618 4188 non
635 4133 729 4188 obesse
746 4133 865 4202 plerique
883 4135 1007 4202 probant.

331 4199 453 4258 dinan
471 4201 539 4254 tetro
560 4217 633 4254 noco
654 4201 812 4272 repuleram
846 4201 942 4254 Matris
966 4201 1109 4254 intestatae

297 4373 327 4434 (t)
345 4369 617 4436 longvmnlinicumscr.
683 4371 715 4430 (ιι
732 4371 900 4424 removeretS
963 4373 996 4436 (t)
1014 4369 1108 4420 deside·

297 4437 426 4488 ramusF²
464 4443 509 4498 ’14)
527 4435 610 4486 idibus
618 4435 723 4504 aprilibs
731 4439 831 4502 (seciae
882 4441 920 4502 (tt
935 4439 1107 4504 andhaita

298 4509 305 4562 1
308 4515 329 4552 ιιι
350 4505 447 4556 exclusa
461 4505 510 4554 erit
524 4501 561 4554 ιη
635 4507 668 4570 (t)
685 4507 747 4558 idem
761 4503 866 4558 Graeci.-
879 4507 966 4558 matris
980 4505 1047 4556 filius
1060 4525 1107 4556 scr.

1158 1803 1263 1858 etiamsi
1285 1805 1314 1858 in
1334 1803 1422 1858 ahena
1442 1807 1576 1872 potestate
1599 1803 1645 1870 sit,
1669 1805 1703 1856 ed
1724 1801 1892 1858 hereditatem
1908 1799 1944 1866 ιιξρ

1161 1879 1169 1924 1
1208 1871 1330 1924 mittitur.
1366 1871 1464 1936 Filius,
1487 1873 1532 1938 qui
1556 1885 1584 1924 se
1606 1871 1677 1924 nolle
1698 1871 1770 1926 adire
1792 1869 1945 1936 hereditates,

1157 1939 1251 1996 matris
1268 1939 1342 2004 dixit,
1361 1955 1397 1994 au
1414 1945 1503 2008 potest
1520 1945 1623 1994 mutata
1640 1939 1776 1994 voluntate
1791 1939 1870 2002 adire,
1886 1947 1932 1998 aits
1942 1951 1945 1978 2'

1158 2023 1237 2076 quam
1255 2007 1468 2076 consanguineus
1486 2007 1526 2062 vel
1544 2007 1674 2074 adgnatos
1695 2007 1802 2072 adierit,
1825 2007 1943 2070 videndun,

1157 2081 1268 2146 propter
1290 2077 1357 2130 haec
1380 2077 1461 2130 verba
1485 2077 1609 2130 ‘sinemo
1627 2075 1759 2130 tiliorum⁸
1776 2075 1847 2130 volet
1862 2077 1945 2142 herede

1158 2151 1249 2198 ‘tatem
1265 2145 1419 2212 suscipere',
1438 2143 1500 2212 quia
1518 2145 1654 2200 extensive
1670 2149 1741 2200 sunt.
1773 2149 1799 2200 et
1814 2161 1872 2198 cum
1884 2147 1943 2212 retr,

1159 2213 1293 2268 extensive
1311 2213 1373 2278 sint,
1391 2213 1554 2282 paenitentia
1572 2215 1629 2268 eius
1648 2229 1731 2284 usque
1751 2213 1786 2268 ad
1804 2227 1897 2270 annom
1910 2215 1945 2276 ιιι

1158 2281 1287 2408 mittelqda
1310 2287 1363 2406 qst,
1393 2299 1452 2338 cum
1480 2287 1506 2338 ιι
1528 2283 1588 2354 ipsa
1610 2281 1657 2338 filii
1679 2283 1811 2338 bonorum
1833 2287 1944 2352 possessiol

1159 2367 1229 2408 anna
1250 2369 1263 2408 8
1280 2367 1309 2408 OS
1324 2375 1329 2408 ’.

1194 2419 1211 2478 7
1230 2421 1310 2476 Inna
1325 2421 1392 2478 libro
1410 2421 1547 2494 stipulare
1561 2419 1599 2476 od
1614 2425 1724 2476 secutus
1741 2421 1887 2476 consultum
1900 2421 1943 2480 Τι

1159 2489 1301 2546 tullianum
1316 2497 1342 2544 et
1359 2489 1566 2562 Οηιιιιιιιιιιιιιιι9
1601 2491 1628 2548 tt
1646 2491 1703 2560 quis
1721 2491 1861 2546 intestatus
1876 2491 1944 2550 dece-³

1159 2559 1236 2616 serit‘
1247 2559 1341 2614 rehcta
1359 2565 1443 2614 matre
1460 2569 1487 2616 et
1503 2557 1587 2614 fraus
1606 2561 1800 2630 consanguineo
1818 2559 1859 2614 vel
1875 2569 1944 2620 sorore}¹

1160 2629 1278 2700 quamvis
1295 2645 1345 2698 per
1362 2629 1560 2698 adrogationem
1579 2629 1720 2700 quaesite,
1744 2629 1836 2686 eadem
1857 2629 1909 2684 iura
1922 2631 1942 2690 ii}

1158 2713 1274 2770 persona
1296 2697 1389 2754 matris
1412 2705 1565 2766 servantur,
1592 2713 1661 2770 quae
1682 2705 1710 2756 et
1732 2697 1895 2754 naturalibus
1912 2711 1942 2768 eij,

1158 2767 1277 2824 tandbus
1295 2767 1395 2824 liberis.

1193 2833 1212 2896 8
1233 2837 1325 2894 Gaius
1336 2839 1404 2894 libro
1419 2837 1556 2910 eupatori
1568 2839 1606 2896 ad
1618 2845 1728 2894 senatus
1742 2837 1889 2894 consultum
1901 2837 1945 2922 leq.

1160 2907 1301 2962 tullianum
1335 2909 1368 2962 ln
1390 2923 1520 2976 suspenso
1544 2911 1586 2962 est
1607 2907 1650 2962 ius
1667 2907 1772 2974 matris,
1795 2905 1818 2964 si
1835 2905 1899 2962 filius
1912 2905 1946 2962 ιιι

1158 2977 1447 3100 iunctidaemancipatus
1465 2977 1594 3034 deliberet
1611 2977 1644 3032 de
1657 2977 1788 3034 bonorum
1802 2975 1934 3046 possession

1178 3055 1239 3100 eten
1276 3087 1281 3100 .
1944 3073 1946 3094 1

1158 3063 1176 3118 p
1194 3111 1212 3172 9
1232 3115 1311 3170 Iona
1320 3115 1388 3170 libro
1399 3115 1536 3186 siriputori
1546 3115 1584 3168 cd
1593 3121 1702 3170 onomius
1714 3115 1862 3172 consulturo
1874 3113 1944 3190 Orpdq

1160 3185 1262 3238 tionum
1289 3183 1468 3238 Sacratissimi
1478 3183 1608 3252 principis
1621 3185 1706 3238 nostri
1720 3183 1839 3238 oratione
1853 3185 1944 3258 cavetst

1160 3259 1190 3308 ut
1206 3251 1299 3308 matris
1317 3253 1460 3308 intestatae
1478 3253 1611 3308 hereditas
1629 3253 1665 3308 ad
1680 3253 1791 3320 liberos,
1815 3253 1911 3306 tametsi
1923 3253 1944 3306 il

1160 3321 1248 3376 abens
1264 3325 1397 3388 potestate
1415 3325 1500 3386 erunt,
1518 3321 1659 3390 pertineat.
1938 3307 1946 3392 ι

1196 3389 1233 3448 10
1253 3391 1424 3444 Pomponius
1442 3389 1509 3444 libro
1526 3391 1644 3444 secundo
1662 3393 1772 3444 senatus
1789 3389 1945 3452 consultanti

1160 3457 1188 3512 Si
1205 3457 1275 3514 filius
1292 3457 1408 3512 familias
1424 3457 1500 3512 miles
1517 3473 1572 3512 non
1590 3457 1624 3512 sit
1641 3463 1755 3512 testatus
1773 3457 1806 3512 de
1823 3457 1878 3520 his,
1898 3441 1946 3526 qua}

1158 3525 1188 3580 in
1211 3527 1306 3580 castris
1329 3525 1500 3594 adquisierit,
1524 3541 1560 3580 an
1583 3541 1615 3580 ea
1632 3525 1666 3580 ad
1682 3529 1794 3580 matrem
1812 3525 1945 3594 pertinent

1159 3595 1302 3648 videndum
1313 3599 1363 3648 est.
1394 3595 1441 3648 sed
1453 3609 1507 3648 non
1518 3599 1599 3662 puto:
1616 3593 1699 3662 magis
1713 3595 1782 3646 euim
1792 3595 1887 3646 iudicio
1898 3589 1947 3644 nili

1159 3667 1216 3714 tum
1232 3663 1283 3716 hoc
1296 3661 1455 3716 beneficium
1470 3675 1626 3716 concessum
1639 3667 1688 3726 est,
1707 3677 1761 3714 non
1775 3667 1806 3714 ut
1821 3641 1946 3716 omnimodi

1163 3733 1173 3782 1
1211 3727 1288 3850 quasi
1304 3733 1395 3798 patres
1414 3727 1574 3782 familiarum
1591 3729 1618 3784 in
1635 3743 1668 3784 ea
1682 3743 1712 3782 re
1727 3727 1788 3782 sint.
1818 3703 1946 3796 Quandodi

1158 3811 1212 3864 pen
1231 3797 1286 3850 enti
1303 3801 1345 3850 est
1381 3811 1417 3850 an
1455 3797 1569 3850 uaedam
1591 3811 1722 3864 personae
1743 3795 1847 3862 possint
1864 3771 1944 3864 otini}

1159 3863 1251 3928 matri,
1274 3869 1302 3916 et
1319 3879 1401 3916 casus
1457 3863 1506 3916 erit
1541 3869 1572 3916 ut
1589 3879 1644 3916 non
1660 3863 1860 3928 inducerentur,
1878 3859 1946 3944 metrii

1149 3931 1200 3984 nius
1215 3929 1350 4012 integrum
1363 3931 1421 3996 erit,
1440 3919 1518 4000 quod'
1529 3931 1615 3984 medic
1632 3941 1752 3998 tempore
1770 3929 1945 4000 appendentur

1159 3997 1242 4052 veluti
1258 4015 1283 4054 si
1299 3997 1355 4052 filio
1371 3999 1499 4052 intestato
1517 4005 1622 4052 mortuo
1635 4005 1775 4066 postumus
1793 3999 1818 4050 ei
1835 3999 1900 4050 filius
1912 4007 1944 4068 po·

1159 4067 1242 4120 tuerit
1262 4065 1338 4120 nasci
1361 4081 1412 4120 nec
1434 4071 1514 4120 natus
1537 4065 1572 4120 sit
1593 4071 1641 4120 aut
1654 4071 1782 4120 'mortuiis
1806 4066 1902 4130 editus,
1916 4061 1943 4116 ιι

1160 4133 1231 4214 quod
1241 4135 1260 4168 ¹¹
1276 4135 1356 4188 etiam
1370 4133 1442 4186 iilius
1457 4133 1503 4200 qui
1516 4133 1545 4186 in
1556 4133 1671 4188 hostium
1682 4137 1816 4204 potestate
1829 4139 1884 4186 erat
1893 4135 1944 4204 pout

1159 4201 1259 4256 liminio
1278 4217 1334 4256 non
1351 4201 1387 4256 sit
1403 4215 1535 4256 reserem.
1940 4205 1944 4300 Ξ

1160 4371 1194 4434 (ι)
1211 4369 1335 4422 nonme
1399 4369 1433 4432 (ιι
1451 4367 1718 4434 eenamcenam.
1787 4375 1832 4432 ιιι)
1848 4345 1945 4438 possint

1160 4437 1249 4490 ritsor·
1319 4441 1360 4502 (11)
1379 4435 1500 4500 qnoddnt.

1940 4663 1945 4694 ι

1940 4715 1947 4838 q
