4366 6258
274 389 300 448 V
323 391 341 448 2
1064 377 1103 448 tt
1389 401 1433 448 ιι
1454 385 1667 444 morrrcroso
1688 385 1902 436 rasrnnnuro

271 563 403 618 ιιιιιιιιι
420 567 506 630 debet,
524 565 593 632 quod
605 565 732 616 intestata
744 567 828 614 matre
842 559 966 614 habitura
978 567 1060 624 essct:
1112 579 1166 618 non
1181 565 1288 632 proprio
1313 563 1430 626 nomine,
1454 559 1501 616 sed
1522 559 1578 612 iure
1592 553 1737 610 'citiusdam
1760 557 1906 610 successio·

272 629 360 698 itaque
385 631 436 686 diei
461 637 549 700 potest
573 645 631 684 eam
652 643 720 696 quac
743 629 838 682 omissa
860 633 900 682 est
923 625 1014 692 etiam,
1040 629 1063 682 si
1112 631 1153 686 nis
1170 629 1218 696 egi.
1742 681 1743 684 ,

272 703 355 750 totam
380 697 550 750 hereditatem
580 697 613 748 ab
638 695 763 748 intestato
788 699 862 762 petat
886 699 912 748 et
936 695 1061 766 optineat,
1146 693 1185 754 23
1208 695 1329 750 Partus
1353 697 1419 750 libro
1443 691 1629 766 scapularia:
1652 691 1804 764 inofficioso
1828 697 1906 748 testa·

272 763 355 816 solam
371 763 520 816 habituram
542 763 690 816 umversam
712 761 916 826 successionem,
939 763 1061 828 quemad·
1112 767 1198 818 mento
1232 763 1260 818 si
1281 779 1367 832 ponas
1389 763 1471 814 filium
1487 761 1679 828 emancipatum
1713 761 1864 816 racteritum
1882 765 1908 814 et

272 829 378 882 modum
402 831 425 880 si
455 829 538 882 altera
563 829 693 882 omisisset
721 827 861 894 legitimam
884 829 1061 882 hereditatem.
1112 847 1146 886 ex
1167 845 1197 882 eo
1220 835 1343 898 nepotem
1360 829 1388 882 in
1403 833 1533 898 potestate
1550 831 1680 906 retentum
1695 777 1817 884 ieronem
1833 827 1908 884 insti·

272 895 318 950 sed
326 913 380 948 non
390 901 430 948 cst
438 895 634 960 admittendum,
642 901 673 960 ut
683 893 807 948 adversus
816 911 932 950 sororem
941 895 1062 950 audiatur
1112 903 1198 952 tutum
1221 913 1294 952 esse:
1317 897 1386 950 iilius
1403 901 1491 964 potest
1508 901 1599 950 contra
1616 893 1697 950 filium
1713 913 1803 964 suum,
1826 901 1908 952 testa-

272 961 371 1030 agendo
390 961 422 1014 de
443 961 604 1016 inofficioso:
627 967 765 1030 praeterea
780 961 925 1018 dicendum
947 967 1062 1022 estnon
1112 967 1176 1020 toris
1201 969 1323 1034 nepotem
1365 969 1435 1018 etere
1458 965 1585 1018 bonorum
1608 963 1811 1032 possessionem,
1837 967 1910 1036 queri

272 1045 330 1084 esse
344 1029 453 1082 similem
473 1029 604 1084 emittenti
618 1045 684 1094 eam,
698 1045 766 1096 quae
780 1035 976 1084 exmstamcnto
985 1029 1062 1084 adiit:
1113 1039 1201 1088 autern
1223 1031 1255 1086 de
1277 1033 1337 1086 inof
1354 1033 1425 1086 cioso
1448 1037 1604 1086 testamento
1630 1047 1683 1086 non
1708 1033 1812 1102 poterit.
1839 1033 1911 1104 quod

271 1103 297 1152 et
312 1097 371 1150 ideo
389 1097 423 1150 ab
441 1101 564 1150 extraneo
581 1095 714 1150 semissem
731 1097 914 1152 medicandum
931 1103 957 1150 et
974 1097 1062 1152 defen·
1113 1101 1136 1156 si
1154 1099 1327 1154 exheredatus
1349 1099 1384 1168 sit
1406 1099 1475 1152 iilius
1499 1099 1599 1154 emanci
1619 1105 1693 1166 atus,
1717 1101 1814 1170 poterit
1837 1101 1911 1170 queri

271 1163 384 1218 dendum
393 1169 477 1218 totum
485 1165 620 1244 semissem
629 1177 685 1216 esse
701 1163 879 1230 auferendum,
897 1165 973 1234 quasi
986 1167 1062 1220 semis
1114 1175 1140 1222 ιι
1155 1169 1194 1222 ita
1209 1167 1332 1236 iungetur
1348 1165 1402 1222 filio
1419 1181 1466 1228 ιιι
1485 1173 1512 1220 ιι
1528 1117 1681 1222 sincicum
1696 1183 1726 1222 eo
1741 1169 1912 1222 hereditatem

269 1237 342 1286 totus
356 1231 472 1284 adhanc
486 1237 624 1300 pertineat
641 1231 786 1288 secundum
800 1233 968 1302 qnodncnin
980 1237 1063 1288 toturn
1115 1241 1126 1288 1
1163 1235 1299 1304 optinebit.
1336 1233 1364 1288 Si
1385 1233 1557 1288 hereditatem
1579 1235 1769 1290 abheredibus
1785 1237 1912 1290 institutis

270 1305 455 1354 testamentum
471 1297 625 1364 infirmatur,
643 1297 690 1354 sed
705 1315 754 1368 pro
771 1307 848 1370 parte
864 1301 989 1354 intestata
1006 1301 1062 1354 effi-
1114 1303 1266 1356 exheredati
1290 1309 1409 1358 emerunt
1425 1303 1465 1358 rel
1482 1319 1524 1358 res
1542 1303 1656 1372 singulas
1674 1303 1785 1358 scientes
1804 1321 1848 1360 ecs
1860 1305 1911 1370 ¹he·

270 1367 352 1432 citur,
383 1369 445 1420 licet
475 1367 551 1436 quasi
575 1367 690 1420 furiosae
715 1369 839 1424 iudicium
864 1369 982 1422 ιιιιιιι
1008 1369 1062 1422 eins
1113 1371 1189 1424 redes
1212 1387 1284 1426 esse:
1311 1377 1359 1424 aut
1382 1370 1564 1426 conduxerunt
1586 1373 1695 1440 praedia
1722 1371 1824 1426 aliudve
1850 1371 1913 1440 quid

270 1435 415 1488 damnetur.
443 1441 557 1488 ceterum
578 1435 602 1486 si
623 1433 681 1516 quis
703 1437 834 1514 putaverit
854 1435 909 1488 filia
930 1435 1064 1504 optinente
1114 1437 1197 1490 simile
1218 1437 1353 1492 iecerunt:
1376 1439 1417 1492 rel
1443 1440 1576 1492 solverunt
1599 1439 1689 1492 heredi
1706 1439 1777 1506 quod
1793 1441 1914 1492 testatori

269 1509 354 1556 totum
381 1507 567 1556 testamentum
590 1501 730 1570 infirmari,
757 1501 897 1570 dicendum
921 1507 962 1558 est
986 1503 1064 1558 etiam
1115 1503 1259 1558 debebant:
1282 1503 1407 1558 iudicium
1431 1505 1548 1560 defuncti
1572 1505 1732 1628 adffncscere
1748 1505 1870 1560 ridentur
1888 1513 1914 1558 et

268 1571 416 1624 institutam
432 1571 466 1624 ab
483 1571 607 1624 intestato
624 1585 702 1640 posse
719 1571 792 1626 adire
808 1571 991 1624 hereditatem:
1015 1587 1064 1624 nec
1115 1577 1130 1624 i
1164 1573 1314 1638 aquerella
1339 1573 1520 1628 excluduntur.
1556 1573 1585 1628 Si
1619 1591 1653 1630 uo
1673 1573 1725 1628 sint
1740 1573 1788 1626 filii
1805 1573 1914 1628 exhere-

269 1639 338 1692 enim
355 1655 423 1708 quae
440 1653 472 1692 cx
494 1643 651 1694 testamento
675 1639 752 1704 adiit,
771 1637 848 1762 quod
869 1643 947 1708 putat
968 1639 1064 1702 valere,
1115 1639 1170 1692 dati
1196 1643 1222 1692 et
1247 1639 1325 1694 ambo
1348 1639 1381 1694 de
1401 1639 1549 1696 inofficioso
1572 1645 1729 1712 testamento
1754 1645 1864 1712 egerunt
1889 1647 1916 1696 et

269 1707 408 1778 repudiare
416 1705 556 1774 legitimam
566 1707 771 1762 hereditatemri
790 1713 855 1772 etur,
868 1723 946 1776 quam
961 1706 1065 1776 quidem
1114 1723 1183 1762 unus
1200 1711 1294 1774 postea
1310 1707 1448 1762 ,constitnit
1460 1723 1515 1762 non
1529 1725 1614 1778 agere,
1631 1709 1764 1780 perseius
1781 1707 1857 1762 alteri
1868 1709 1914 1762 ad-

268 1777 351 1830 nescit
369 1777 419 1830 sibi
437 1775 545 1828 deferri:
569 1791 628 1832 cum
651 1783 678 1832 et
699 1777 727 1830 hi
746 1777 792 1844 qui
814 1775 899 1828 sciant
920 1775 961 1828 ius
979 1791 1063 1840 suum,
1116 1775 1218 1830 crescit.
1244 1777 1365 1844 idemque
1382 1775 1440 1840 erit,
1458 1781 1484 1828 ιι
1500 1777 1524 1830 ιι
1539 1783 1656 1846 tempore
1674 1777 1797 1832 exclusus
1814 1777 1857 1830 sit.

268 1843 391 1912 eligentes
404 1843 434 1898 id
447 1843 518 1910 quod
530 1849 627 1912 putant
640 1843 758 1898 sibicom
778 1849 855 1906 etere,
871 1843 1063 1896 nouamittant.
1150 1839 1189 1900 24
1213 1843 1357 1898 Uarianus
1377 1843 1443 1898 libro
1461 1843 1686 1964 quadroficnstmo
1703 1849 1798 1898 octavo
1814 1843 1852 1904 ud
1867 1843 1917 1898 Sa-

268 1913 338 1980 quod
356 1913 443 1966 evenit
458 1911 486 1964 in
502 1917 629 1980 patrono,
654 1911 699 1982 qui
720 1911 748 1964 iu
765 1909 846 1964 icium
863 1909 980 1964 defuncti
995 1909 1065 1964 falsa
1116 1911 1205 1966 diuam
1237 1909 1315 1966 Circa
1331 1909 1471 1964 inofliciosi
1488 1927 1568 1978 quere
1588 1927 1631 1964 am
1648 1911 1749 1964 evenire
1766 1911 1918 1978 plerumque

266 1979 390 2048 opinione
407 1987 495 2034 motus
512 1981 648 2050 amplexus
672 1985 726 2032 est:
749 1977 773 2032 is
797 1979 864 2032 enim
887 1993 941 2032 non
962 1977 1066 2032 ridetur
1116 1979 1231 2044 adsolet,
1254 1983 1286 2048 ιι
1302 1979 1331 2032 in
1346 1993 1401 2032 una
1418 1983 1497 2046 atque
1514 1977 1606 2032 eadem
1624 1993 1704 2032 causa
1722 1977 1840 2032 diversae
1857 1993 1917 2032 sen·

266 2049 396 2102 bonorum
413 2049 605 2116 possessionem
623 2053 716 2102 contra
732 2045 838 2100 tabulas
852 2047 1014 2126 repudiasse.
1034 2061 1066 2100 ex
1115 2047 1214 2102 tentiae
1235 2045 1411 2116 proferantur.
1439 2047 1502 2116 quid
1525 2047 1593 2100 enim
1617 2047 1640 2100 si
1662 2045 1745 2098 fratre
1761 2051 1854 2114 agente
1872 2047 1917 2098 he·

266 2116 361 2184 quibus
385 2123 497 2186 apparet
518 2133 572 2172 non
593 2122 666 2171 recte
687 2119 773 2170 totam
794 2113 966 2170 hereditatem
987 2131 1065 2184 prae·
1116 2115 1192 2170 redes
1207 2113 1299 2184 scripti
1313 2115 1407 2170 diversi
1421 2113 1485 2170 iuris
1499 2113 1626 2168 fuerunt?
1644 2113 1716 2182 quod
1729 2113 1751 2168 si
1764 2113 1853 2178 fuerit,
1871 2131 1919 2234 gro

265 2185 371 2240 teritum
387 2185 530 2252 vindicare,
548 2201 608 2240 cnm
624 2183 737 2238 rescisso
753 2187 912 2238 testamento
930 2183 1065 2238 etiam-in-
1136 2187 1194 2238 arte
1215 2189 1344 2250 testatus,
1370 2199 1418 2254 pro
1436 2187 1512 2252 parte
1528 2183 1669 2238 intestatus
1687 2179 1831 2236 decessisse
1849 2181 1874 2236 ri
1892 2197 1919 2236 e·

265 2251 374 2308 ιιιιιιιι
391 2255 491 2308 salvum
506 2255 548 2308 ius
566 2253 600 2308 sit
617 2251 754 2306 adeundae
770 2251 931 2306 hereditatis.
1116 2199 1197 2304 iiim.
1901 2317 1906 2328 Ι

299 2317 338 2378 20
356 2321 506 2376 Scaurorn
530 2321 597 2374 libro
614 2319 730 2374 semoto
748 2321 931 2386 quaestionum
965 2317 1017 2386 oui
1034 2317 1067 2372 de
1151 2315 1190 2380 25
1205 2317 1358 2374 recurrero
1366 2319 1484 2374 secundo
1493 2319 1703 2390 disputationum
1730 2317 1758 2370 Si
1766 2333 1821 2372 non
1830 2323 1920 2372 mortis

263 2389 413 2444 inofficioso
431 2389 487 2444 vult
504 2389 597 2452 dicere,
620 2387 683 2440 licet
699 2391 810 2454 negetur
826 2387 904 2452 filius,
922 2385 1065 2442 Carbonia·
1118 2401 1200 2442 causa
1220 2387 1303 2440 fuerit
1320 2385 1459 2452 donatum,
1485 2385 1532 2440 sed
1554 2387 1623 2440 iuter
1646 2385 1733 2452 viros,
1759 2385 1810 2438 hae
1832 2389 1921 2438 tamen

263 2455 665 2524 cambonorumpossessionem
678 2469 734 2508 non
743 2453 822 2510 debet
830 2455 950 2524 accipere
960 2455 1067 2514 ltoticns
1118 2455 1353 2524 contemplatione,
1372 2461 1402 2506 ut
1418 2455 1446 2508 in
1463 2459 1585 2522 quartam
1602 2453 1746 2506 habeatur:
1764 2455 1853 2522 potest
1870 2451 1922 2506 dici

265 2525 333 2578 enim
351 2539 383 2578 ea
398 2523 556 2592 indulgenda
572 2527 622 2586 ιιι,
640 2521 774 2590 quotiens,
797 2523 821 2578 si
833 2539 894 2578 vere
907 2523 977 2578 iilius
989 2527 1067 2586 esset,
1116 2521 1260 2576 inofficiosi
1274 2521 1416 2590 querellam
1431 2537 1543 2586 cessare,
1561 2521 1584 2574 si
1601 2525 1721 2590 quartam
1736 2519 1923 2598 induratione

266 2593 343 2646 heres
368 2599 438 2646 esset
459 2595 505 2644 aut
527 2591 657 2644 bonorum
680 2605 833 2658 possessor,
860 2597 892 2646 ut
913 2591 1018 2644 interim
1041 2597 1068 2644 et
1117 2589 1199 2644 habet
1217 2593 1272 2652 ιιι,
1290 2587 1416 2644 siminus
1433 2589 1540 2652 habeat,
1558 2587 1629 2656 quod
1646 2587 1720 2642 deest
1735 2587 1784 2642 viri
1800 2587 1863 2640 born
1881 2603 1923 2640 ar·

263 2659 400 2728 possideat
424 2663 450 2712 et
473 2659 559 2710 alatur
584 2663 610 2712 ιι
632 2659 782 2712 actionibus
804 2657 995 2738 praeiudicium
1013 2673 1068 2712 non
1117 2657 1217 2710 bitratu
1233 2655 1382 2726 repleatur:
1401 2661 1448 2710 ιιι
1461 2661 1533 2710 certe
1548 2655 1662 2710 conferri
1676 2653 1840 2732 oportereid
1854 2655 1925 2724 quod

263 2727 394 2796 patiatur:
419 2725 464 2794 qui
488 2741 549 2780 vero
573 2725 606 2778 de
623 2725 771 2780 inofficioso
790 2725 862 2790 dicit
881 2741 930 2780 nec
948 2725 1067 2780 actiones
1120 2729 1131 2778 1
1169 2725 1296 2778 donatum
1313 2729 1360 2776 est.
1396 2725 1425 2778 Si
1458 2725 1515 2790 uis,
1540 2739 1599 2776 cum
1617 2739 1671 2778 non
1688 2723 1773 2792 possit
1790 2723 1821 2776 de
1837 2723 1924 2778 inoffi-

264 2809 370 2848 movcre
387 2793 465 2848 debet
488 2809 536 2848 ιιι
560 2795 639 2848 aliam
655 2793 736 2848 ullam
753 2809 832 2860 quam
848 2793 1002 2848 hereditatis
1020 2809 1067 2864 pe·
1119 2791 1191 2846 cioso
1208 2791 1289 2860 queri,
1308 2791 1342 2844 ad
1360 2743 1503 2860 quersiiam
1520 2791 1651 2846 admissus
1668 2809 1717 2860 pro
1754 2797 1810 2846 arte
1826 2791 1925 2846 rescin-

262 2863 384 2914 titionem
401 2875 524 2914 exercere
541 2877 590 2916 nec
608 2857 669 2926 ali),
691 2877 726 2914 ne
748 2877 873 2932 umquam
896 2863 1010 2916 melioris
1033 2861 1068 2914 sit
1119 2859 1181 2914 dere
1197 2863 1385 2914 testamentum
1402 2865 1512 2980 temlptet
1529 2865 1557 2914 ιι
1572 2875 1653 2914 unum
1671 2809 1862 2938 sibiuieredcm
1880 2861 1925 2914 eli·

262 2929 434 2992 condicionis,
452 2945 532 2998 quam
549 2929 572 2984 si
590 2929 732 2982 confitetur
749 2929 925 2988 adversarius.
1118 2933 1178 2996 gat,
1197 2933 1291 2980 contra
1309 2943 1386 2996 quem
1402 2929 1447 2980 ino
1459 2927 1545 2980 ficiosi
1562 2927 1704 2994 querellam
1721 2927 1869 2992 mstrtnati,
1888 2929 1926 2980 di-

297 2993 334 3052 21
355 2995 474 3050 Parrus
494 2997 561 3052 libro
585 2997 663 3050 tertio
686 3013 876 3066 responsorum
915 2995 999 3062 Eum,
1023 2995 1068 3064 qui
1119 2995 1232 3050 cendum
1259 3001 1313 3060 est,
1340 2995 1402 3064 quia
1425 2999 1613 3050 testamentum
1635 3011 1683 3064 pro
1709 3001 1785 3064 parte
1806 2995 1879 3050 valet
1903 3001 1928 3050 ct

261 3063 403 3118 inofficiosi
428 3065 580 3118 testamenti
611 3065 755 3134 querellam
786 3065 901 3118 instituit
925 3069 952 3118 et
974 3063 1069 3120 fraude
1119 3063 1308 3132 praecedentes
1319 3079 1516 3134 cumpersonae
1531 3063 1654 3126 exclusae
1669 3067 1739 3128 sunt,
1757 3079 1818 3118 cum
1832 3063 1929 3118 effectu

261 3131 366 3186 heredis
381 3131 481 3202 scripti,
500 3133 576 3212 qnasi
590 3133 696 3186 tertiam
704 3137 809 3200 partem
824 3133 978 3192 hereditatis
987 3133 1068 3186 tacite
1119 3147 1180 3186 eum
1197 3133 1341 3200 querellam
1358 3131 1511 3186 instituisse.

263 3205 371 3268 rogatus
396 3205 466 3252 esset
489 3217 513 3254 er
537 3199 690 3264 restituere,
714 3199 819 3268 reliquit
845 3217 904 3256 eam
928 3199 1068 3264 actionem,
1154 3197 1194 3256 26
1212 3199 1293 3252 Ιιιι
1307 3199 1374 3254 libro
1391 3205 1485 3254 octavo
1503 3199 1716 3268 disputationum
1750 3199 1779 3252 Si
1801 3199 1851 3254 suh
1875 3199 1928 3254 hac

260 3281 315 3320 non
332 3265 416 3320 rideri
431 3265 579 3322 deseruisse
593 3267 738 3336 querellam
746 3273 773 3322 et
788 3267 847 3322 ideo
862 3283 917 3322 non
934 3267 1070 3336 prohiberi
1121 3267 1276 3322 condicione
1298 3267 1380 3322 fuerit
1402 3267 1479 3322 heres
1491 3267 1633 3322 institutus
1652 3267 1684 3322 ‘si
1700 3267 1820 3322 Stichum
1836 3283 1929 3322 mann-

264 3339 273 3386 i
313 3349 373 3388 eum
395 3339 515 3402 repetere
537 3335 691 3388 inchoatam
716 3337 855 3390 actionem.
898 3337 966 3390 item
1006 3351 1068 3390 uae-
1120 3335 1234 3390 miserit'
1254 3343 1281 3390 et
1298 3335 1507 3400 manumisisset,
1531 3343 1558 3388 ιι
1581 3339 1755 3404 posteaquam
1778 3335 1931 3390 manumisit

260 3401 340 3454 situm
359 3407 407 3466 est,
426 3417 460 3454 an
477 3403 555 3458 heres
573 3403 720 3458 ιιιιιιιιιι
736 3409 784 3468 ιιι,
803 3409 864 3458 ιιιι
880 3403 913 3458 de
926 3353 1070 3456 inediciori
1120 3403 1299 3458 inofficiosum
1322 3403 1363 3458 rel
1379 3403 1507 3458 iniustum
1523 3409 1711 3458 testamentum
1728 3403 1930 3472 pronuntietur:

215 3505 218 3514 ·
260 3469 407 3538 querellam
437 3475 526 3524 actam
552 3469 705 3524 desiderans
737 3471 843 3524 restitui
869 3471 920 3526 sibi
946 3487 978 3524 ea
1003 3487 1070 3538 quac
1121 3487 1234 3540 acquum
1252 3475 1293 3526 est
1310 3471 1374 3526 huic
1390 3487 1496 3540 quoqne
1513 3471 1647 3536 succurri,
1671 3475 1702 3524 ut
1726 3471 1794 3526 serti
1815 3471 1931 3538 pretium

259 3537 338 3592 solvit
348 3541 364 3590 ¹.
388 3539 526 3606 respondit
543 3537 581 3602 ei,
605 3537 651 3604 qui
668 3537 754 3592 sciens
772 3537 918 3592 indebitum
934 3537 1069 3592 fideicom-
1121 3553 1138 3592 a
1154 3539 1317 3592 manumisso
1334 3539 1458 3608 accipiat,
1476 3553 1510 3592 ne
1527 3537 1629 3594 frustra
1646 3553 1751 3592 servum
1767 3539 1870 3606 perdat.

259 3607 369 3658 missum
386 3605 471 3668 solvit,
489 3605 590 3658 nudam
606 3605 789 3672 repetitionem
806 3621 839 3660 ex
852 3619 885 3658 ea
899 3619 982 3658 causa
998 3621 1069 3658 conn-
1155 3601 1195 3662 27
1213 3605 1296 3660 Inna
1317 3605 1385 3660 libro
1408 3611 1487 3660 sexto
1513 3607 1670 3676 opinionum
1704 3607 1734 3660 Si
1754 3607 1878 3662 instituta
1901 3605 1933 3660 de

259 3675 274 3724 2
309 3679 408 3740 petere.
443 3671 517 3726 Idem
533 3673 679 3740 respondit,
698 3673 783 3726 evicta
800 3671 948 3728 hereditate
964 3687 1014 3742 per
1029 3673 1070 3726 in·
1120 3673 1440 3728 inofficiosctestamentc
1457 3675 1629 3728 accusatione
1644 3673 1677 3728 de
1690 3673 1737 3728 lite
1751 3679 1831 3742 paeto
1847 3679 1933 3728 trans-

260 3739 374 3794 officiosi
392 3739 536 3808 querellam
559 3739 593 3792 ab
617 3755 648 3794 ec
672 3739 718 3808 qui
734 3739 811 3794 heres
835 3739 972 3794 institutus
990 3745 1070 3804 esset,
1121 3745 1212 3796 actum
1229 3747 1269 3796 est
1286 3757 1336 3796 nec
1353 3739 1420 3796 fides
1438 3741 1472 3794 ab
1498 3741 1596 3796 herede
1617 3741 1793 3796 transactioni
1814 3749 1934 3812 praesta-

258 3807 368 3874 pcrinde
395 3805 484 3860 omnia
510 3807 646 3860 observari
668 3811 804 3876 oportere,
834 3823 866 3862 ac
890 3807 913 3860 ιι
936 3807 1070 3862 hereditas
1124 3813 1135 3862 1
1172 3813 1224 3874 tur,
1241 3809 1386 3862 inofficiosi
1403 3823 1513 3862 causam
1530 3809 1661 3876 integram
1679 3823 1737 3862 esse
1754 3811 1863 3878 placuit.
1892 3809 1934 3874 Ei,

259 3875 332 3928 adita
357 3889 413 3926 non
437 3871 544 3928 fuisset:
573 3879 599 3928 et
622 3873 683 3928 ideo
711 3879 737 3928 et
762 3873 916 3942 petitionem
941 3875 1071 3942 integram
1139 3877 1168 3930 ιι
1185 3891 1215 3930 ιι
1230 3875 1317 3930 filium
1334 3875 1391 3930 eius
1415 3889 1473 3930 esse
1496 3875 1631 3940 adfirmat,
1658 3877 1703 3946 qni
1725 3881 1884 3932 testamento
1909 3877 1936 3930 id

259 3941 342 3996 debiti
364 3941 456 3994 heredi
479 3943 600 3996 instituto
625 3941 753 4020 adversus
780 3957 840 4022 ιιι
866 3941 912 4010 qui
937 3943 1071 4010 superarit
1122 3893 1268 4012 ienegarit,
1287 3949 1455 3998 tamencum
1473 3943 1650 4024 exheredacit,
1669 3943 1703 3998 de
1717 3943 1866 4000 inofficioso
1883 3950 1935 3999 tes·

258 4027 318 4066 com
339 4013 411 4064 eterc
428 4015 455 4062 et
473 4015 716 4078 compensationem
734 4009 823 4064 debiti.
1123 4015 1138 4066 i
1172 4017 1291 4066 tamento
1311 4027 1393 4082 causa
1411 4017 1541 4082 superest.
1566 4011 1936 4068 Dernofficicsotestamento

293 4025 337 4134 ii
353 4077 562 4156 Tarraonraus
588 4077 656 4156 titre
682 4079 795 4150 septimo
818 4077 923 4156 decimo
950 4077 1071 4148 diqruta-
1123 4083 1137 4132 3
1173 4081 1263 4134 militis
1290 4081 1379 4134 dicere
1403 4095 1453 4132 nec
1479 4081 1554 4134 miles
1580 4085 1677 4150 potest.
1718 4081 1761 4134 De
1785 4081 1935 4136 inofficioso

258 4147 361 4200 tionum
388 4145 536 4198 Frhusnon
549 4143 1071 4214 impeditur,quom1nusmofiiciosnm
1122 4153 1282 4202 testamento
1309 4163 1343 4202 ne
1363 4163 1392 4202 cs
1418 4153 1512 4202 contra
1535 4153 1661 4228 patruum
1686 4163 1764 4202 suum
1787 4149 1830 4202 rel
1854 4147 1937 4202 alium

257 4219 447 4268 testamentum
464 4213 556 4266 matris
575 4219 724 4278 accusaret,
743 4213 767 4266 si
783 4219 861 4282 pater
879 4213 934 4266 eius
953 4213 1072 4282 legatum
1124 4215 1252 4284 scriptum
1268 4217 1333 4270 here
1354 4231 1395 4270 em
1412 4231 1460 4282 pro
1478 4221 1602 4284 portione
1620 4221 1710 4284 egerat
1727 4221 1754 4270 ιι
1777 4217 1937 4284 optinuerat,

257 4297 291 4334 ex
308 4285 468 4336 testamento
482 4281 575 4334 matris
590 4279 705 4350 accipiet
717 4281 759 4334 rel
775 4279 875 4334 adisset
889 4279 1071 4348 hereditatem,
1124 4283 1170 4336 sed
1178 4285 1295 4352 scriptus
1304 4285 1381 4338 heres
1391 4283 1587 4350 appellaverat:
1605 4285 1707 4350 placuit
1715 4283 1821 4336 interim
1829 4289 1939 4354 propter

257 4363 419 4418 quamquam
441 4349 471 4402 in
494 4349 550 4402 eius
578 4353 649 4402 essct
673 4353 822 4416 potestate:
854 4363 904 4402 ιιι
935 4349 1073 4416 prohiberi
1122 4351 1240 4420 inopiam
1276 4351 1353 4420 upilli
1370 4351 1496 4402 alimenta
1512 4367 1561 4418 pro
1579 4351 1659 4404 modo
1676 4349 1854 4416 facultatium,
1873 4365 1940 4420 quae

257 4423 361 4486 patrem
384 4415 439 4468 dixi
462 4415 519 4470 iure
540 4415 589 4478 filii
611 4431 754 4470 accusare:
779 4431 843 4468 nam
858 4415 1006 4494 indignatio
1024 4417 1073 4470 lilii
1124 4419 1233 4486 perine
1266 4417 1332 4472 ciosi
1349 4417 1502 4470 testamenti
1520 4419 1720 4472 accusationem
1742 4435 1791 4486 prc
1816 4423 1894 4488 parte
1917 4417 1941 4472 ei

259 4489 270 4536 1
309 4489 357 4540 est.
393 4483 431 4536 Et
449 4483 634 4552 quaerebatur,
653 4483 676 4536 si
692 4501 747 4538 non
766 4499 781 4536 o
801 4483 926 4536 timuisset
943 4499 972 4542 ιι
990 4499 1070 4538 accu-
1124 4485 1344 4550 vindicabantur,
1378 4483 1486 4538 decmni
1511 4501 1596 4554 eaque
1620 4485 1801 4540 adversarium
1828 4487 1852 4540 ei
1878 4487 1940 4540 sub-

257 4553 352 4616 sando,
368 4551 664 4620 anquodpatridatum
677 4501 930 4618 estpnbiicaretur?
947 4553 1073 4618 quoniam
1124 4557 1140 4606 4
1175 4551 1328 4626 ministrare
1336 4567 1446 4606 necesse
1454 4553 1555 4606 habere
1564 4567 1649 4622 usque
1658 4553 1693 4606 ad
1709 4553 1789 4624 finem
1803 4553 1866 4606 litis.
1901 4553 1941 4606 De

257 4621 304 4674 alii
323 4621 489 4674 commodum
507 4619 634 4672 victoriae
651 4625 731 4684 parat
749 4625 776 4672 et
791 4619 821 4672 in
837 4619 890 4672 hac
908 4633 990 4672 causa
1008 4619 1074 4672 nihil
1124 4625 1284 4674 testamento
1319 4621 1428 4684 matris,
1459 4635 1529 4690 quae
1553 4621 1707 4674 existimans
1733 4621 1836 4690 perisse
1860 4621 1942 4674 lilium

257 4703 291 4740 ex
308 4687 398 4742 officio
420 4687 521 4756 patris,
545 4687 594 4742 sed
616 4691 704 4738 totum
727 4687 760 4740 de
782 4687 883 4740 meritis
905 4685 953 4738 filii
976 4687 1071 4754 agitur.
1125 4687 1205 4740 alium
1223 4687 1348 4742 heredem
1365 4687 1496 4752 instituit,
1520 4689 1554 4742 de
1576 4689 1728 4744 inofficioso
1753 4687 1828 4756 queri
1844 4693 1941 4756 potest.

257 4757 295 4808 ιι2
309 4755 492 4810 inclinandum
501 4759 543 4808 est
556 4771 611 4808 non
624 4753 738 4822 perdere
751 4759 855 4822 patrem
869 4753 921 4808 sibi
936 4753 1035 4818 datum,
1050 4753 1074 4808 si
1159 4751 1198 4810 28
1217 4753 1338 4814 Paucos
1353 4755 1422 4810 libro
1439 4757 1577 4826 stupratori
1593 4755 1626 4810 de
1637 4771 1666 4810 sc
1688 4755 1887 4810 temvtralibus⁵
1905 4757 1944 4810 iu-

257 4825 272 4874 2
308 4821 967 4890 secundumtestamentumpronuntiatumhrisset.
986 4821 1073 4876 Multo
1125 4821 1204 4876 diuis
1239 4821 1308 4876 (lum
1324 4829 1411 4878 mater
1428 4825 1537 4876 militem
1554 4823 1638 4876 filium
1661 4771 1730 4878 iiiso
1756 4821 1875 4876 audisset
1899 4823 1944 4876 de·

255 4889 340 4956 ιιςιι
357 4891 381 4942 si
398 4891 463 4944 mihi
479 4891 595 4958 legatum
611 4893 726 4944 testator
744 4887 825 4954 dedit,
843 4889 920 4942 cuius
938 4889 971 4942 de
985 4887 1073 4942 inoffi-
1126 4889 1238 4944 ιιιιιιιι
1256 4897 1284 4944 ιι
1300 4897 1461 4944 ιιιιιιιιιι
1476 4891 1588 4946 ιιιιιιι
1604 4891 1669 4946 alios
1683 4889 1851 4954 instituisset,
1870 4889 1945 4942 dirus

257 4957 331 5010 cioso
349 4963 512 5012 testamento
528 4957 600 5010 iilius
617 4971 699 5024 agens
717 4957 833 5010 decessit
849 4973 892 5012 me
909 4955 1008 5012 herede
1031 4971 1073 5008 re·
1124 4955 1280 5012 Hadrianus
1306 4957 1424 5012 decrerit
1446 4957 1623 5012 hereditatem
1647 4959 1682 5012 ad
1704 4957 1789 5010 tilium
1834 4957 1946 5010 ertinere

254 5023 334 5086 licto,
359 5039 460 5144 {fsque
482 5023 670 5078 hereditariam
689 5039 800 5078 causam
824 5023 915 5092 peregi
939 5029 966 5078 et
989 5023 1074 5078 rictus
1125 5025 1172 5090 ita,
1189 5029 1221 5078 ut
1238 5025 1377 5080 libertates
1394 5031 1422 5078 ιι
1438 5027 1528 5094 legata
1545 5031 1724 5094 praestentur.
1752 5023 1796 5078 hic
1842 5025 1880 5078 ud
1898 5025 1944 5078 ad-

255 5091 363 5146 sum:i
401 5091 473 5160 quod
489 5093 555 5146 mihi
572 5107 603 5146 eo
620 5095 783 5146 testamento
801 5091 922 5146 relictum
941 5095 996 5156 est,
1019 5107 1074 5144 ιιι
1125 5095 1267 5148 notatumi
1291 5093 1365 5162 quod
1390 5091 1424 5146 de
1449 5095 1620 5148 libertatibus
1648 5099 1675 5146 et
1699 5091 1793 5158 legatis
1817 5091 1945 5148 adicitur:

254 5157 379 5228 perdam:
411 5161 504 5226 utique
535 5161 559 5212 si
584 5161 638 5214 iam
664 5157 809 5212 defunctus
834 5169 914 5228 agere
940 5161 1073 5278 coegerat.
1126 5165 1188 5214 nam
1206 5175 1269 5214 cum
1285 5159 1465 5216 inofficiosum
1481 5165 1672 5214 testamentum
1688 5159 1817 5226 arguitur,
1835 5161 1902 5212 nihil
1916 5175 1947 5212 ex

256 5233 271 5280 3
306 5227 374 5278 item
392 5225 414 5278 si
432 5225 558 5296 adrogari
575 5241 645 5290 eum,
663 5227 711 5294 qui
726 5227 882 5280 instituerat
897 5227 970 5280 litem
1004 5225 1074 5280 ein-
1127 5241 1158 5282 ιι
1177 5233 1339 5282 ιιιιιιιιιο
1358 5227 1437 5282 raim.
1563 5235 1564 5238 ’

256 5293 378 5348 officioso
405 5299 566 5348 testamento
593 5293 650 5354 eius.
695 5293 723 5346 ui
749 5293 813 5346 mihi
844 5293 971 5362 legatum
994 5293 1074 5356 dedii,
1161 5291 1202 5352 29
1226 5293 1374 5356 Uarianos
1389 5295 1458 5356 libro
1477 5295 1571 5364 quinto
1589 5295 1748 5362 opinionum
1775 5293 1805 5348 si
1822 5305 1949 5364 suspecta

253 5361 381 5428 litemque
397 5375 522 5428 peregero
540 5361 648 5416 nomine
664 5311 714 5414 liiii
728 5377 777 5416 nec
792 5361 946 5430 optinuere:
965 5361 1076 5430 perdere
1127 5363 1240 5416 cobusio
1259 5363 1295 5416 sit
1311 5363 1446 5430 legatariis
1470 5363 1678 5430 interscriptos
1701 5361 1812 5416 heredes
1841 5367 1868 5416 et
1892 5377 1950 5416 enm

254 5443 297 5482 me
313 5430 431 5494 legatum
449 5443 502 5482 ιιι
521 5445 535 5482 c
557 5435 614 5482 orte
653 5429 717 5496 quia
734 5443 789 5482 ιιι
807 5443 867 5482 ιιι
884 5429 1020 5498 indignus,
1044 5433 1076 5482 ιι
1128 5431 1174 5498 qui
1191 5431 1225 5484 de
1241 5429 1392 5484 inofficioso
1409 5435 1570 5484 testamento
1586 5431 1655 5500 agit:
1673 5427 1768 5484 adesse
1783 5429 1863 5482 etiam
1878 5429 1948 5498 lega

254 5497 394 5550 auferatur
410 5495 475 5548 mihi
492 5509 509 5548 a
525 5445 591 5550 iiico
608 5495 638 5548 ιι
652 5497 725 5566 quod
741 5497 923 5562 ιιιιιιιιιι8
940 5503 996 5552 est:
1015 5511 1076 5550 cum
1127 5497 1212 5552 turios
1232 5503 1259 5550 et
1275 5497 1441 5550 voluntatem
1459 5497 1580 5552 defuncti
1601 5497 1673 5550 tueri
1701 5497 1878 5552 constitutum
1901 5503 1948 5558 est,

255 5737 285 5798 (t)
305 5737 450 5786 desiderans
464 5753 482 5782 r.
495 5749 514 5782 ι.
524 5749 546 5786 ι.
556 5749 579 5798 q.
595 5733 673 5784 solvit
689 5739 749 5786 ante
764 5737 795 5786 dc
810 5735 880 5784 inoff.
891 5749 915 5798 q.
932 5737 1014 5782 actam
1027 5749 1074 5784 scr.
1127 5737 1259 5786 secundum
1271 5737 1381 5788 Graecos
1383 5739 1496 5804 sonasse
1506 5737 1554 5788 ias.
1637 5737 1669 5798 (a)
1688 5737 1719 5784 de
1728 5735 1952 5788 centumviralibus

257 5807 291 5866 (a)
311 5803 404 5866 agitur,
414 5821 444 5854 ιο
453 5821 498 5856 scr.
569 5803 600 5866 (3)
619 5801 804 5854 relictumedd.
875 5801 907 5866 (l)
927 5801 1077 5852 etobtineat
1130 5803 1192 5854 flat
1246 5803 1281 5864 (ι)
1301 5805 1475 5856 adnotandum
1484 5805 1544 5854 cisti.
