4366 6258
275 353 397 422 XXVII
417 363 431 420 1
1059 349 1124 422 31111
1571 373 1617 418 44
1637 367 1929 418 44444441444444

273 559 327 596 444
348 543 405 594 iure
422 537 516 592 datus¹
539 545 612 594 tutor
633 539 675 592 vel
698 545 804 592 curator
826 553 843 592 a
864 545 954 608 patre,
977 537 1074 594 confir·
1124 541 1555 608 seproiuretriumliberorum,
1573 537 1800 618 444114114441141Ξ
1819 549 1931 590 444444-

272 615 359 664 matus
383 621 400 660 4
421 613 544 676 praetore
566 607 744 662 excusationis
766 607 893 664 beneficio
917 607 957 662 uti
973 607 1074 672 maluit,
1124 613 1181 662 tum
1199 607 1328 678 crederet)
1346 625 1425 678 quarn
1446 607 1545 664 41411114
1568 609 1602 662 ab
1625 607 1852 664 administratore
1875 619 1930 658 ces-

272 675 438 742 repellendus
456 681 529 728 esta
550 675 651 746 legato:
674 673 753 744 idque
776 685 803 730 et
819 675 962 730 Scaevolae
983 681 1074 730 nostro
1124 681 1218 740 sasset,
1236 677 1327 730 utilem
1344 677 1473 732 actionem
1490 691 1545 730 non
1562 675 1684 730 dandam.

272 743 389 862 {lami
413 743 492 820 nam?
513 751 627 812 praetor,
651 745 697 812 qui
722 761 782 798 eum
799 745 937 800 confirmat
953 749 1074 808 tutorem,
1160 739 1200 802 38
1217 745 1336 800 Plutus
1349 745 1416 800 libra
1433 745 1549 800 secundo
1566 745 1757 800 sententiarum
1797 741 1932 812 Quinqua-

291 809 391 864 efunctt
408 811 669 880 seqmturiudicium.
692 811 901 866 ideminmatris
918 817 1074 866 testamento
1124 811 1199 880 ginta
1221 811 1324 868 dierum
1346 813 1460 880 spatium
1481 813 1663 870 tantummodo
1687 811 1722 868 411
1745 811 1932 868 enumerandos

272 877 411 932 dicendum
428 883 476 932 est.
494 879 584 932 similis
602 885 642 932 est
658 879 736 932 matri
758 881 840 950 qumvis
859 877 1076 948 exemerunt
1126 881 1326 934 excusationum
1349 895 1443 934 causas
1465 881 1592 950 pertinet:
1620 881 1771 952 peragendo
1794 879 1865 934 enim
1886 895 1932 934 ne-

271 945 400 1014 pupillum
416 945 540 1000 heredem
562 947 677 1000 instituit
698 947 774 1016 eique
797 947 867 1000 etin
883 951 970 1000 tutore
987 945 1075 1000 (144114
1124 949 1196 1018 gotio
1214 963 1248 1000 ex
1271 949 1313 1000 die
1334 949 1519 1004 nominationis
1543 947 1662 1004 44411441
1682 955 1808 1018 quattuor
1829 961 1935 1002 menses

271 1013 423 1082 prospicere
444 1013 539 1078 uoluit,
563 1015 655 1082 quales
678 1021 741 1066 sunt
762 1015 861 1068 alumni
883 1015 974 1068 nostri.
1002 1017 1076 1068 recte
1126 1015 1264 1070 constituti
1281 1021 1352 1070 tunt.
1898 1017 1899 1020 ’

272 1095 333 1160 ergo
350 1079 451 1150 placuit
468 1095 535 1146 eum,
554 1081 599 1150 qui
614 1087 721 1134 recusat
736 1081 764 1136 id
780 1081 852 1150 quod
867 1085 981 1134 testator
995 1081 1074 1136 relin-
1160 1077 1200 1138 39
1219 1081 1425 1136 1144444444
1439 1081 1507 1138 libra
1520 1083 1598 1138 tertio
1610 1081 1710 1138 damino
1722 1081 1933 1154 disputationum

272 1153 329 1216 quut
344 1147 378 1202 ab
397 1163 428 1202 eo
446 1147 517 1216 quod
538 1147 606 1218 petit
626 1149 699 1216 quod
720 1149 789 1204 idem
811 1147 900 1202 dedit³
922 1149 1014 1216 repelli
1030 1147 1075 1202 de·
1126 1149 1154 1204 Si
1172 1165 1233 1204 cum
1248 1151 1307 1218 ipse
1323 1149 1498 1216 144111444411,
1510 1155 1542 1204 41
1556 1149 1689 1220 proferret
1697 1153 1719 1186 ¹⁰
1730 1149 1934 1216 excusationem,

270 1217 341 1270 bere.
359 1231 414 1270 non
431 1231 534 1284 semper
549 1221 639 1270 tamen
656 1217 776 1272 44141144
794 1231 862 1280 eum,
885 1217 930 1284 quii
948 1231 1015 1270 4444
1032 1221 1075 1270 tu·
1126 1233 1201 1272 mora
1218 1217 1434 1272 contradictionis
1458 1217 1599 1286 inpeditus
1628 1225 1683 1284 est,
1709 1235 1761 1288 quo
1784 1217 1934 1272 441444114-

270 1285 339 1338 telae
353 1283 494 1348 recusavit,
511 1283 690 1352 repellendum
707 1299 724 1338 a
740 1285 834 1352 legato,
852 1283 948 1338 sedita
964 1285 1075 1348 demum,
1127 1289 1199 1338 creto
1215 1287 1380 1348 liberaretur,
1397 1285 1595 1340 excusationem
1611 1291 1683 1340 recte
1699 1285 1816 1354 probari.

271 1349 424 1420 allegatum
440 1351 465 1404 ei
481 1351 540 1404 ideo
558 1351 722 1420 adscriptum
739 1357 877 1420 appareat,
904 1351 976 1420 quod
993 1349 1077 1404 eidem
1160 1349 1200 1408 40
1218 1351 1338 1408 Pronus
1352 1351 1419 1408 libro
1436 1351 1551 1408 secundo
1568 1355 1759 1408 sententiarum
1792 1353 1860 1408 Post
1876 1365 1934 1406 sus·

269 1417 379 1472 tutelam
395 1417 509 1472 tiliorum
525 1417 645 1484 iniunxit,
663 1435 717 1472 non
735 1417 806 1488 quod
827 1417 943 1486 alioquin
967 1417 1077 1472 daturus
1127 1425 1231 1488 ceptam
1247 1421 1359 1474 tutelam
1377 1421 1500 1474 ceecus¹¹
1524 1423 1572 1474 aut
1595 1419 1692 1474 surdus
1718 1427 1766 1474 aut
1781 1425 1870 1474 mutus
1889 1423 1935 1474 aut

270 1489 339 1540 esset
356 1485 435 1540 etiam
452 1483 508 1538 sine
524 1485 634 1538 tardat
663 1487 691 1540 id
716 1501 843 1554 apparere
859 1485 954 1552 potuit,
980 1485 1003 1540 si
1028 1501 1076 1552 44·
1126 1485 1243 1540 furiosus
1260 1491 1309 1540 441
1324 1487 1530 1540 valetudinarius
1553 1487 1685 1556 deponere
1706 1489 1817 1542 tutelam
1839 1491 1935 1556 potest

270 1553 354 1606 sneris
371 1557 528 1606 testamento
550 1553 665 1620 legatum
683 1555 853 1620 adscriptum,
872 1553 997 1606 codicillis
1014 1567 1076 1608 vero
1129 1557 1140 1606 1
1175 1553 1339 1632 Paupertas,
1357 1569 1425 1622 quae
1442 1555 1516 1622 operi
1533 1559 1560 1608 et
1577 1555 1651 1608 oneri
1667 1555 1767 1608 tutelae
1783 1555 1869 1624 impar
1886 1557 1935 1620 est,

268 1627 363 1690 postea
387 1619 465 1672 144114
491 1623 606 1674 tutorem
630 1621 734 1676 datum:
767 1621 794 1672 in
818 1619 870 1674 boc
896 1621 966 1672 enim
989 1621 1076 1688 legato
1127 1619 1195 1676 solet
1211 1621 1329 1676 tnbuere
1344 1621 1539 1676 vacationem.¹

268 1693 357 1756 potest
374 1687 571 1742 (4414441144
590 1689 614 1742 ei
629 1691 758 1752 relictum,
775 1687 838 1756 quia
856 1693 882 1740 et
893 1693 1008 1742 tutorem
1020 1701 1078 1740 esse
1161 1685 1198 1744 41
1218 1687 1474 1744 Husuoornrauus
1494 1687 1562 1744 libro
1583 1687 1701 1744 44444114
1718 1689 1787 1742 14414
1802 1705 1818 1742 c
1838 1689 1935 1742 itoma-

268 1755 380 1810 voluerit
395 1759 515 1810 testator.
1126 1771 1187 1808 rum
1226 1755 1447 1810 Administrantes
1469 1771 1525 1810 rem
1547 1755 1695 1824 principum
1718 1771 1752 1810 ex
1773 1755 1800 1810 in
1819 1755 1951 1824 41444114

302 1819 342 1880 33
359 1821 440 1876 Iesu
459 1823 527 1878 libro
549 1823 673 1876 41444144
698 1823 775 1876 tertio
799 1823 984 1888 quaestionum
1025 1819 1077 1876 Sed
1127 1837 1232 1886 eorum,
1256 1823 1318 1876 licet
1342 1823 1409 1876 citra
1432 1823 1575 1888 codicillos,
1598 1839 1616 1876 a
1639 1823 1723 1878 tutela
1739 1825 1854 1892 itemque
1871 1837 1937 1878 cura

269 1891 335 1946 baec
357 1889 466 1944 nimium
488 1891 645 1960 scrupulosa
668 1895 731 1944 sunt
753 1903 802 1942 nec
824 1887 1003 1954 admittenda,
1026 1889 1077 1942 nisi
1131 1897 1140 1944 t
1176 1895 1295 1960 tempore
1306 1891 1539 1944 administrationis
1557 1889 1645 1944 delata
1657 1897 1826 1946 excusantur.
1849 1891 1935 1944 Idem-

269 1957 402 2012 evidenter
426 1963 503 2026 pater
529 1957 687 2026 expresserit
711 1957 776 2010 velle
802 1971 831 2010 se
856 1957 920 2012 dare
943 1957 1036 2022 411444,
1054 1957 1076 2012 41
1127 1973 1179 2026 que
1196 1957 1347 2012 custoditur
1362 1957 1390 2012 in
1406 1957 1456 2022 his,
1473 1957 1519 2026 qui
1535 1957 1731 2026 praefecturam
1757 1975 1878 2012 4444444
1895 1957 1937 2014 vel

269 2025 378 2080 tutelam
395 2041 450 2080 non
466 2025 670 2080 administravit:
694 2039 797 2092 semper
813 2025 882 2078 enim
898 2025 1013 2092 legatum
1030 2029 1076 2078 aut
1127 2029 1143 2078 2
1176 2023 1282 2094 vigilum
1304 2029 1407 2092 gerunt.
1447 2025 1562 2090 Eorum,
1586 2027 1631 2094 qui
1653 2025 1692 2080 rei
1712 2025 1837 2094 publicae
1854 2039 1938 2080 causa

269 2091 400 2146 antecedit
416 2099 463 2146 aut
481 2093 597 2162 sequitur
615 2091 732 2146 tutelam.
803 2103 804 2106 ’
1127 2093 1233 2158 absunt,
1252 2093 1371 2158 comites,
1395 2091 1440 2160 qu
1463 2097 1526 2146 sunt
1547 2093 1619 2146 intra
1643 2095 1773 2146 statutum
1790 2107 1937 2158 numerum,

303 2155 342 2216 34
359 2161 441 2214 lanu
453 2161 520 2216 libro
537 2161 649 2230 septima
668 2159 853 2228 quaestionum
885 2159 930 2212 Ex
940 2159 981 2214 his
993 2175 1076 2228 appa·
1127 2159 1161 2214 de
1177 2161 1356 2230 1414144444
1373 2159 1527 2214 absentibus
1544 2161 1586 2214 rel
1602 2159 1761 2230 profecturis
1782 2159 1870 2212 delata
1887 2165 1936 2224 ert,

268 2227 1076 2296 441444444411144141144444,4444444414414144414
1127 2233 1302 2282 excusantur:
1340 2243 1402 2282 nam
1432 2233 1584 2296 susceptam
1609 2233 1688 2282 antea
1712 2243 1767 2282 non
1793 2227 1937 2296 deponunt.

269 2293 348 2362 dedit,
367 2311 426 2350 cum
443 2301 534 2364 posset
550 2295 589 2350 uti
605 2295 776 2350 inmunitate:
800 2293 1077 2350 hicenimnilrilcon-
1128 2299 1143 2350 3
1178 2293 1228 2362 1141
1246 2297 1374 2364 corporis,
1385 2297 1449 2350 item
1460 2295 1561 2364 collegii
1577 2297 1636 2350 iure
1647 2295 1938 2360 excusantiaacolle·

266 2371 310 2418 tra
325 2363 450 2418 iudicium
467 2365 531 2416 fecit
548 2363 692 2418 testatoris.
716 2377 779 2416 nam
801 2377 878 2432 quem
899 2363 943 2416 ille
960 2377 1014 2416 non
1032 2363 1077 2416 de-
1126 2377 1219 2432 garum
1241 2365 1408 2434 liliorumque
1430 2365 1551 2416 eorum¹²
1573 2363 1657 2416 tutela
1684 2377 1739 2416 non
1767 2367 1938 2428 excusantur,

268 2431 306 2486 dit
323 2437 450 2494 tutorem,
474 2447 534 2482 eum
555 2431 670 2482 voluisse
692 2429 802 2482 tutelam
824 2429 1008 2484 administrare
1030 2431 1077 2484 tilii
1128 2447 1191 2486 exce
1211 2431 1245 2486 tis
1262 2431 1313 2496 his,
1331 2431 1428 2504 quibus
1445 2430 1497 2486 hoc
1514 2447 1527 2486 s
1547 2431 1664 2486 eciaiiter
1679 2431 1808 2484 tributum
1826 2435 1875 2484 eat.

268 2499 355 2552 1114414
371 2515 424 2552 444
441 2511 590 2576 possumus.
620 2565 625 2576 ι
746 2563 753 2576 .
890 2563 897 2576 ι
1051 2563 1057 2574 .
1161 2449 1824 2578 441444414444444414444444441144
1856 2497 1940 2552 Plane

302 2561 666 2620 saturninianorum
689 2565 767 2616 tertre
809 2565 975 2616 uaestaouum
1009 2561 1077 2630 11441
1127 2565 1199 2620 ultra
1216 2565 1389 2620 centesimum
1397 2567 1419 2598 ¹³
1435 2565 1575 2620 miharium
1592 2565 1626 2620 ab
1643 2565 1711 2620 urbe
1727 2563 1842 2620 liborum
1859 2563 1938 2620 colle·

267 2639 363 2696 44144,
376 2631 398 2684 41
411 2647 441 2686 44
455 2647 508 2686 444
523 2629 696 2694 excusaverit,
708 2629 756 2684 sed
770 2577 954 2684 alministrare
963 2629 1077 2684 noluerit
1127 2647 1220 2700 garum
1237 2649 1345 2688 suorum
1363 2633 1473 2688 tutelam
1487 2633 1624 2702 'suscipere
1640 2648 1695 2687 non
1712 2635 1852 2700 coguntur.

268 2705 415 2764 contentus,
433 2699 504 2768 quod
522 2697 604 2754 ceteri
620 2697 708 2752 idonei
725 2705 814 2752 essent
848 2697 891 2752 hic
904 2697 1077 2768 poteritcoa·
1160 2695 1200 2756 43
1219 2701 1777 2756 Η4444444444441414444444414144144
1797 2701 1939 2754 itomarum

267 2767 357 2830 veniri,
375 2767 398 2820 si
414 2767 449 2822 ab
466 2767 517 2820 illis
534 2781 576 2820 res
600 2767 700 2820 servari
723 2783 777 2822 non
799 2767 936 2836 potuisset.
962 2765 1008 2820 sed
1025 2767 1077 2820 hoc
1127 2767 1253 2822 Libertus
1270 2767 1400 2822 senatoris
1418 2767 1530 2824 filiornm
1548 2767 1605 2824 eius
1622 2767 1767 2828 tutelama
1812 2767 1938 2824 ''uans

267 2851 321 2890 non
338 2833 517 2904 quaerendum
542 2839 595 2900 est,
619 2833 666 2890 sed
689 2833 857 2890 contumacia
878 2833 1014 2904 punienda
1037 2839 1077 2888 est
1128 2835 1162 2888 ab
1181 2837 1239 2890 aliis
1256 2837 1345 2890 tutelis
1363 2851 1417 2890 non
1434 2839 1585 2890 excusetur.

266 2905 338 2968 eius,
365 2901 410 2970 qui
437 2901 628 2972 quodammodo
655 2917 684 2956 se
710 2903 854 2958 excusavit.
886 2903 969 2956 multo
994 2901 1077 2972 414414
1162 2901 1202 2960 44
1221 2905 1503 2958 Turrnourrvoslibro
1512 2903 1630 2958 srauudo
1640 2903 1851 2974 disputationum
1874 2901 1941 2956 Cum

268 2971 327 3039 quis
350 2969 437 3024 dicere
460 2971 566 3024 debebit
588 2971 724 3038 indignum
746 2971 843 3025 iudicio
866 2971 967 3040 patris,
985 2971 1031 3040 qui
1046 2975 1077 3024 ut
1128 2985 1161 3024 ex
1178 2971 1297 3026 oratione
1315 2971 1368 3026 divi
1384 2971 1471 3026 Marci
1487 2971 1617 3040 ingenuus
1634 2971 1757 3026 libertino
1773 2977 1850 3026 tutor
1861 2971 1939 3026 datus

267 3055 312 3094 sus
333 3043 407 3092 ectus
423 3043 541 3094 remotus
560 3043 600 3092 est
617 3053 634 3092 4
650 3039 742 3092 tutela.
1128 3039 1251 3094 44444441
1279 3039 1389 3106 debeat,
1421 3039 1531 3094 eandem
1559 3037 1756 3094 excusationem
1792 3045 1941 3108 competere

322 3103 534 3164 6144411144
560 3123 630 3160 uouo
656 3121 846 3178 responsorum
896 3105 1077 3160 Amicissimos
1128 3107 1268 3172 41144441,
1292 3107 1401 3178 qniius
1426 3107 1565 3162 anulorum
1592 3107 1773 3174 impetrasset,
1795 3105 1941 3176 imperator

267 3173 1078 3310 11111111111114111111111111111
1128 3179 1151 3298 1
1172 3181 1273 3312 ltili
1286 3175 1423 3298 tuiti
1434 3173 1941 3298 instructissimis

266 3309 368 3364 honore
383 3307 464 3376 legati
482 3325 526 3364 eos
544 3311 667 3378 persequi
674 3313 693 3364 ⁵.
717 3311 764 3364 sed
787 3325 847 3364 cum
871 3313 1038 3378 proponatur
1053 3309 1077 3364 14
1127 3311 1257 3380 ingenuus
1273 3315 1347 3364 tutor
1364 3311 1406 3364 vel
1423 3315 1539 3376 curator,
1557 3325 1722 3380 consequens
1740 3315 1789 3374 est,
1811 3313 1843 3364 ut
1859 3325 1940 3364 4444-

267 3377 300 3430 de
317 3391 369 3446 quc
387 3377 523 3444 quaeritur
538 3377 566 3430 in
583 3383 741 3432 testamento
764 3379 880 3448 legatum
902 3377 1030 3432 meruisse
1052 3383 1079 3430 et
1129 3379 1197 3434 satio
1224 3379 1280 3432 eius
1310 3379 1344 3432 ob
1373 3379 1443 3432 banc
1472 3377 1658 3432 condicionum
1681 3377 1860 3436 diversitatem
1887 3393 1941 3432 non

266 3445 335 3496 idem
357 3445 456 3514 pupillo
481 3445 654 3510 substitutus,
677 3461 731 3500 non
760 3445 1079 3500 44144114144114144446
1130 3451 1144 3500 1
1188 3445 1284 3500 debeat
1310 3445 1403 3514 accipi.
1449 3445 1516 3500 At¹⁴
1542 3445 1566 3500 si
1590 3451 1733 3514 44144444
1757 3445 1874 3514 pupillus
1900 3445 1942 3500 vel

266 3511 372 3566 demum
387 3529 449 3566 eum
464 3517 618 3568 testatorem
636 3513 798 3568 substituere
809 3513 933 3580 voluisse,
951 3513 975 3568 si
992 3523 1019 3566 et
1034 3517 1078 3566 tu·
1128 3515 1214 3584 pubes
1231 3515 1317 3568 minor
1334 3515 1494 3568 annorum¹⁵
1511 3513 1601 3582 vigirmi
1617 3515 1734 3584 quinque
1747 3513 1789 3568 ius
1802 3513 1941 3568 anulorum

264 3581 345 3634 telam
363 3581 537 3648 suscepisset:
562 3587 589 3634 et
610 3583 670 3634 ideo
695 3597 754 3634 eum
778 3581 810 3636 de
850 3597 885 3636 4ο
909 3581 1079 3650 quaeritura
1129 3583 1271 3652 acciperet,
1289 3583 1389 3636 Lucius
1407 3583 1494 3636 Titius
1517 3583 1541 3636 ei
1564 3583 1642 3638 datus
1668 3589 1699 3636 ut
1715 3583 1844 3650 ingenms
1861 3597 1941 3638 4444-

266 3647 351 3726 legato
370 3647 483 3716 quidem,
501 3649 525 3702 si
542 3649 628 3702 adbuc
646 3649 744 3702 viveret
760 3599 885 3718 pupillus,
898 3649 1078 3716 repellendum
1130 3655 1203 3704 44144
1220 3649 1280 3714 1411,
1297 3655 1359 3718 4441
1376 3649 1545 3718 impetratum
1570 3649 1730 3704 beneficium
1753 3649 1840 3706 denuo
1858 3649 1942 3704 4111414

265 3713 355 3778 fuisse,
373 3729 390 3766 4
407 3715 595 3770 substitutione
611 3721 701 3768 autem
711 3731 765 3770 444
784 3731 842 3770 4444
854 3715 1078 3778 summovendum,
1129 3721 1204 3772 tutor
1223 3721 1362 3772 curatorve
1379 3717 1438 3770 dari
1453 3717 1553 3784 poterit
1569 3717 1689 3784 exemplo
1707 3733 1753 3780 eo,
1788 3733 1823 3772 uo
1840 3715 1941 3784 placuit

270 3787 280 3834 1
313 3799 374 3838 cum
382 3797 413 3836 eo
425 3797 489 3836 casu
500 3783 580 3838 etiam
592 3787 717 3853 suscepta
725 3785 810 3838 141414
820 3783 959 3838 tumetum.
977 3781 1078 3838 Lucius
1130 3789 1156 3838 et
1172 3783 1329 3852 rescriptum
1347 3789 1388 3838 est
1406 3799 1473 3850 eum,
1492 3785 1538 3852 qui
1553 3789 1687 3854 tempore,
1729 3733 1789 3838 uodq
1805 3785 1876 3838 intra
1893 3799 1941 3838 an·

266 3849 351 3904 Titius
370 3865 403 3904 ex
419 3851 504 3904 tribus
522 3851 582 3904 tiliis
600 3853 777 3906 incolumibus
794 3869 875 3906 unum
888 3853 1078 3904 1141414444-
1129 3869 1193 3906 num
1210 3859 1268 3906 erat
1285 3867 1318 3906 ex
1335 3867 1387 3920 quo
1405 3853 1444 3906 rei
1459 3853 1584 3922 publicae
1602 3867 1685 3908 causa
1707 3867 1724 3906 4
1743 3867 1802 3906 4444
1818 3851 1941 3918 desierat,

267 3919 384 3986 cipetum
401 3919 456 3972 eius
475 3919 583 3982 astatis,
606 3925 638 3974 ut
662 3927 798 3974 curatores
821 3919 942 3988 accipere
966 3919 1077 3974 debeat:
1128 3917 1278 3976 excusatus
1296 3919 1356 3986 iuit,
1382 3919 1525 3988 praeterito
1552 3937 1583 3976 ec
1608 3921 1697 3988 ipsum
1722 3935 1772 3976 suo
1797 3919 1858 3976 loco
1884 3919 1943 3974 dari

266 4003 372 4054 quaero,
391 3985 414 4040 41
430 3985 501 4040 idem
509 3987 596 4041 Titius
610 3993 687 4054 pater
697 3993 804 4060 petente
814 3987 907 4040 eodem
920 3985 1077 4042 111444144-
1129 3993 1143 4042 3
1178 4003 1265 4056 posse.
1305 3987 1343 4042 Et
1366 3989 1484 4056 quamvis
1506 3987 1660 4054 libertinus,
1683 3987 1731 4056 qui
1752 3987 1870 4042 senatori
1893 4003 1941 4056 44-

267 4055 354 4122 414414
373 4059 482 4108 curator
498 4069 515 4108 4
531 4059 656 4122 praetore
674 4055 758 4120 detur,
782 4071 817 4108 44
839 4055 897 4108 iure
913 4053 1021 4122 publico
1038 4055 1079 4108 uti
1127 4061 1205 4110 14444
1223 4061 1359 4124 procurat,
1379 4055 1578 4110 excusationem
1600 4055 1634 4108 ab
1658 4055 1770 4110 aliorum
1792 4055 1941 4108 141414144-

266 4123 351 4192 possit
373 4127 399 4176 41
421 4123 503 4176 nihilo
527 4123 613 4176 minus
636 4123 717 4176 trium
740 4123 854 4176 filiorum
876 4123 1077 4178 4441441444-
1127 4125 1198 4188 beat,
1215 4123 1267 4178 iste
1283 4129 1381 4188 144444,
1400 4123 1445 4192 qni
1460 4123 1503 4178 ius
1519 4123 1660 4178 anulorum
1676 4123 1842 4192 impetravit,
1865 4123 1942 4192 qui¹⁶

266 4189 525 4260 114444444141414.
554 4189 681 4258 respondi
701 4193 847 4258 praemium
871 4191 975 4258 quidem
997 4189 1077 4258 patri,
1125 4191 1155 4246 in
1171 4189 1290 4246 ordinem
1306 4191 1480 4260 ingenuorum
1502 4191 1615 4256 transit,
1637 4191 1686 4246 1411
1709 4189 1881 4246 excusatione
1904 4189 1944 4244 uti

266 4257 337 4324 quod
353 4263 462 4326 propter
479 4273 618 4314 numerum
634 4257 778 4312 liberorum
796 4259 820 4312 ei
838 4259 978 4328 competit,
998 4259 1077 4312 dene·
1126 4275 1181 4314 non
1198 4263 1296 4326 posset

265 4325 323 4392 gari
338 4341 393 4380 non
409 4331 540 4396 oportere.
565 4327 613 4380 sed
629 4339 690 4380 cum
707 4325 762 4378 filio
780 4341 828 4380 suo
843 4331 951 4378 curator
961 4331 1077 4396 petatur,
1161 4323 1200 4382 45
1218 4325 1299 4378 Iesu
1314 4325 1811 4396 111441411444414441444141144444
1844 4319 1942 4378 ‘Titius

266 4397 360 4446 contm
383 4393 519 4448 naturales
546 4393 666 4448 stimulos
691 4391 771 4458 14411,
797 4393 820 4446 41
842 4393 891 4446 tali
908 4393 1078 4448 excusatione
1124 4389 1194 4448 ‘filiis
1212 4393 1287 4456 meis,
1305 4393 1394 4462 quoad
1416 4393 1455 4448 rei
1476 4393 1602 4462 publicae
1625 4407 1710 4448 eausa
1731 4409 1786 4448 non
1809 4391 1942 4456 abierit¹⁷,

265 4459 393 4516 utendum
410 4477 468 4516 esse
485 4463 662 4528 temptaverit.
919 4475 920 4480 ¹
1122 4459 1207 4516 ‘tutor
1230 4461 1306 4516 esto'.
1338 4461 1422 4528 gessit
1444 4459 1555 4516 tutelam
1578 4475 1612 4516 ex
1633 4465 1792 4516 testamento
1817 4459 1941 4526 delatam,

299 4525 339 4588 37
366 4527 518 4582 Scaevoia
546 4529 613 4582 libro
638 4527 756 4584 seeundo
787 4543 977 4598 responsorum
1028 4529 1078 4596 Qui
1127 4529 1222 4584 deinde
1239 4529 1419 4598 reipublicae
1437 4529 1632 4584 causaabesse
1649 4527 1737 4598 coepit
1754 4533 1780 4582 et
1797 4529 1883 4582 desiit.
1908 4543 1943 4582 an

265 4603 423 4652 testamento
440 4603 514 4652 tutor
532 4597 611 4650 datus
628 4595 724 4660 fuerat,
742 4595 813 4648 adito
831 4601 953 4662 praetore
966 4597 1032 4650 dixit
1048 4611 1078 4650 se
1128 4597 1205 4666 quasi
1220 4611 1290 4650 nova
1307 4597 1392 4650 tutela
1409 4611 1480 4650 nunc
1492 4597 1581 4650 delata
1598 4595 1944 4652 4444444111411441411441Ιῦ

264 4671 319 4720 tres
336 4665 432 4720 liberos
449 4665 557 4728 habere,
569 4663 816 4732 4114411444414444
829 4663 939 4716 habenti
952 4669 1077 4732 patruum
1129 4665 1163 4718 ob
1181 4663 1329 4718 absentiam
1345 4663 1526 4732 reipublicae
1544 4677 1639 4726 causa,
1658 4679 1701 4726 an,
1720 4663 1782 4732 quia
1798 4663 1944 4732 praecessit

265 4733 408 4800 legitimum
425 4737 539 4788 tutorem
557 4747 586 4784 se
602 4731 696 4786 vitiose
712 4735 827 4784 tutorem
845 4729 944 4796 datum.
970 4735 1078 4798 praetor
1127 4735 1316 4786 testamentum
1334 4731 1482 4784 absentiam
1504 4731 1538 4786 ob
1561 4729 1697 4798 publicam
1720 4743 1828 4784 causam
1853 4735 1881 4784 et
1904 4735 1944 4784 est

264 4801 303 4856 ita
320 4799 447 4854 decrevit:
470 4795 503 4854 ‘si
520 4797 665 4864 legitimum
681 4803 797 4852 tutorem
813 4797 922 4850 habenti
938 4803 1013 4852 tutor
1030 4797 1077 4850 da·
1128 4801 1162 4852 ab
1181 4813 1212 4854 eo
1229 4799 1284 4852 ianr
1301 4797 1485 4852 administrata
1501 4799 1595 4862 tutela,
1612 4813 1668 4852 non
1679 4801 1802 4866 oporteat
1819 4813 1880 4852 eam
1898 4813 1943 4852 ex·

265 4863 378 4934 14444,
401 4883 454 4922 non
479 4871 520 4922 est
543 4865 593 4918 tibi
614 4867 767 4920 necessaria
789 4865 942 4918 4414444114Ι
968 4879 1077 4934 quaero,
1129 4867 1235 4920 cusari‘i
1260 4863 1944 4934 1144111411111444414144444444444411441411444

266 4951 327 4990 cum
344 4951 420 4990 nemo
439 4939 552 5004 patmus
568 4933 702 5002 impuberi
725 4939 798 4986 tutor
815 4933 912 4996 esseti,
935 4949 971 4986 an
993 4933 1077 4986 nihilo
1129 4933 1329 4988 excusationem
1344 4933 1469 5002 paravit?
1491 4933 1576 5000 magis
1593 4937 1686 4996 estut
1702 4933 1770 4986 haec
1787 4947 1842 4986 444
1858 4933 1943 4986 141414

264 5005 352 5058 minum
374 5007 448 5056 tutor
470 4999 607 5056 remansit.
635 4999 762 5068 respondi
785 4999 930 5054 secundum
953 5017 984 5056 ea
1009 5015 1079 5068 quae
1129 5001 1176 5056 sit:
1200 5001 1261 5056 ideo
1279 5015 1329 5054 uec
1347 4999 1545 5056 excusationem
1563 4999 1587 5054 ei
1604 5005 1755 5068 competere
1772 5017 1821 5054 nee
1839 4999 1882 5068 agi
1899 5005 1943 5052 tu·

283 5077 493 5138 reponerentur,
521 5067 639 5138 quamvis
665 5069 750 5122 iustas
775 5067 954 5122 excusationis
981 5083 1078 5122 causas
1130 5073 1143 5122 1
1178 5069 1248 5122 telae
1265 5069 1299 5122 ob
1318 5067 1393 5136 prius
1409 5073 1516 5134 tempus
1532 5081 1620 5134 posse.
1649 5065 1704 5122 Sed
1721 5065 1799 5122 41114
1815 5069 1944 5136 scriptum

263 5089 389 5202 Haberet,
412 5153 466 5190 non
488 5143 579 5188 tamen
602 5149 661 5188 esse
684 5141 840 5190 4444441444
862 5141 971 5202 propter
986 5135 1079 5188 4111414
1128 5137 1157 5188 14
1173 5139 1332 5190 1441444414
1349 5133 1415 5188 fuiti
1437 5131 1534 5188 ‘'Iitius
1551 5137 1625 5188 tutor
1641 5139 1713 5188 esto:
1739 5149 1798 5188 cum
1820 5135 1859 5188 rei
1875 5135 1944 5202 pub·

266 5209 278 5256 1
314 5203 545 5282 pronuntiationis,
580 5203 648 5254 Item
665 5217 773 5268 quaero,
791 5203 814 5254 si
831 5201 1006 5270 adquievisset
1019 5217 1078 5256 sen·
1128 5197 1206 5256 ‘boae
1223 5217 1306 5256 causa
1324 5201 1419 5266 aberit,
1436 5205 1510 5254 tutor
1526 5215 1562 5254 ne
1579 5207 1649 5256 esto:
1674 5215 1735 5254 cum
1744 5199 1859 5266 redierit,
1871 5207 1945 5254 tutor

263 5275 371 5334 tonnae,
389 5287 423 5326 44
442 5271 477 5324 ob
493 5269 530 5334 id,
548 5269 621 5338 quod
632 5283 686 5322 non
697 5269 779 5338 gessit
789 5269 908 5332 tutelam,
922 5269 993 5322 411114
1007 5269 1078 5322 44114
1126 5265 1214 5334 *44141
1232 5267 1296 5338 quid
1313 5269 1347 5322 de
1361 5267 1533 5322 excusatione
1544 5275 1592 5322 aut
1608 5269 1643 5322 ob
1655 5267 1803 5322 absentiam
1819 5269 1858 5322 rei
1876 5269 1944 5336 pub-

263 5335 291 5390 in
308 5337 381 5390 hunc
398 5337 456 5392 duri
473 5337 578 5392 debeat.
602 5337 738 5404 respondi,
755 5337 779 5390 si
794 5351 884 5390 errore
895 5335 984 5404 potius
998 5335 1080 5404 (quod
1130 5335 1198 5390 11444
1216 5351 1299 5390 44444
1310 5341 1359 5390 441
1373 5335 1453 5388 aliam
1463 5349 1532 5402 quae
1548 5341 1611 5404 post
1622 5335 1731 5390 obvenit
1745 5335 1798 5388 dici
1812 5341 1944 5404 oporteat,

264 5505 293 5566 11)
311 5501 447 5554 4114144.
456 5505 498 5554 Fe
592 5507 624 5566 11)
643 5503 772 5554 41144ΡΒ
866 5507 897 5568 13)
915 5505 942 5554 tt
955 5503 1022 5569 quod
1031 5505 1074 5568 qui
1127 5503 1257 5574 Sebultiay
1360 5507 1400 5568 111)
1424 5503 1566 5554 1441441114.
1670 5507 1714 5568 112)
1739 5519 1884 5568 quaeornm
1895 5505 1941 5556 del.

263 5569 385 5636 relinquit
395 5569 424 5618 ab
435 5585 465 5620 co
474 5573 557 5636 petiit,
566 5569 598 5620 ab
608 5587 638 5620 eo
650 5573 791 5636 quodidem
800 5571 924 5624 deditior.
995 5577 1075 5626 1414-
1128 5575 1171 5634 113)
1190 5571 1359 5622 centisiumF
1463 5573 1506 5636 (14)
1524 5574 1560 5633 41]
1571 5575 1596 5620 41
1604 5591 1650 5622 scr.
1760 5575 1802 5636 115)
1822 5569 1942 5624 44414112

265 5639 363 5690 telaeF
426 5641 458 5700 11)
476 5639 595 5702 prosequi
604 5641 660 5692 edd.
730 5643 762 5702 16)
773 5645 833 5690 tunc
842 5641 905 5692 Hal.
973 5641 1005 5704 11)
1016 5639 1076 5688 1144-
1130 5641 1173 5700 1111)
1193 5639 1324 5702 quiaHal.
1399 5639 1443 5702 tlt)
1460 5639 1739 5692 aberitBrcurmauous
1812 5643 1857 5708 118)
1875 5641 1943 5690 intre

265 5709 334 5756 retur
347 5707 374 5758 F
429 5719 430 5722 ’
474 5705 507 5768 (4)
526 5719 582 5754 eum
597 5723 671 5756 nemo
686 5711 791 5770 patruus
800 5707 925 5770 impuberi
934 5711 1005 5758 tutor
1013 5711 1078 5756 eset
1130 5707 1563 5774 44444144.1414111144114414444)
1633 5707 1777 5770 libistica

265 5775 373 5826 1114111414
381 5783 437 5824 sunt
543 5773 576 5836 14)
595 5773 726 5824 insisteret
734 5793 780 5824 scr.
890 5779 934 5836 114)
958 5775 1078 5840 perferret
