4366 6258
277 331 444 400 XXXXi

298 521 348 602 ο11
369 521 540 600 Pourorrns
561 521 630 642 ligre
650 527 749 592 quarto
773 523 874 602 decimo
899 527 936 578 aa
956 521 1088 602 Sabinam

278 589 899 736 ttmtttrtttitttttttttm
913 591 1013 712 “tt
1030 605 1089 712 tt

278 723 326 778 sed
342 739 365 778 ιι
381 739 411 778 m
427 723 535 792 plenum
552 739 576 778 er
594 721 729 794 donasset,
746 727 804 780 fieri
820 727 940 778 hbernrn.

314 787 351 848 12
374 791 519 846 dotianus
543 793 612 846 iimo
635 795 747 862 septimo
773 793 938 862 dipcstorum
978 793 1007 846 Si
1028 791 1089 862 quis

277 865 436 924 testamento
462 859 612 914 libertatem
637 861 772 930 acceperit
794 861 845 916 sub
867 859 1038 926 oonfficione,
1065 861 1089 916 si

277 927 423 982 rationem¹
442 925 558 992 dederit,
576 925 657 982 debet
672 945 722 998 pro
739 927 900 982 hereditaria
917 933 995 998 parte
1010 927 1087 982 here·

278 995 355 1050 dibus
382 993 486 1074 reliqua
512 995 627 1064 solvere,
655 995 760 1052 etiamsi
785 997 894 1050 nomina
922 995 1088 1066 quonmdam

278 1063 405 1120 heredum
422 1067 476 1118 emt
491 1061 520 1116 iu
538 1063 693 1120 condicione
710 1063 808 1132 posita

315 1127 372 1188 13²
388 1129 468 1184 Inar
487 1131 554 1186 libro
576 1133 804 1202 quadragintesimo
822 1133 900 1186 tertio
923 1129 1087 1202 dipestcrrcm

278 1197 306 1252 Si
323 1195 438 1266 quisita
455 1197 603 1252 libertatern
621 1199 736 1252 dedhset
752 1199 878 1262 ‘Stichus
896 1199 921 1252 ai
936 1213 997 1252 eum
1010 1199 1088 1252 heres

278 1269 360 1320 ‘meus
383 1269 543 1320 testamento
566 1283 616 1322 ιιιο
638 1283 694 1322 non
710 1265 905 1330 manumiserit,
926 1265 994 1318 liber
1013 1267 1087 1330 esto',

278 1333 424 1386 secundum
441 1333 603 1388 voluntatem
621 1333 741 1388 defuncti
756 1333 809 1386 hoc
826 1331 971 1402 mgnificari
984 1333 1089 1386 videtm

278 1399 311 1454 ‘si
333 1405 492 1456 ιιιιιιιιιιιιο
514 1417 563 1456 suo
584 1403 662 1456 heres
684 1417 738 1454 non
760 1399 934 1468 adscripserit
958 1399 982 1456 ei
1007 1401 1087 1454 liber-

278 1469 386 1522 ‘tatem'.
415 1483 498 1538 quare
515 1471 539 1524 si
556 1471 661 1540 quidem
678 1469 755 1522 heres
773 1467 924 1522 libertatem
941 1483 1017 1522 ιιιιο
1034 1473 1088 1522 tes-

277 1541 394 1590 tamento
418 1553 468 1592 suo
492 1537 606 1604 dederit,
629 1535 749 1592 defectus
773 1535 930 1590 condicione
952 1535 1087 1590 ridetur³:

278 1603 300 1658 si
317 1621 372 1658 non
389 1603 505 1672 dederit,
522 1605 631 1674 impleta
648 1603 805 1660 condicione
822 1603 915 1658 rrltirno
934 1603 1005 1658 vitae
1021 1609 1088 1658 tem·

281 1679 290 1726 t
326 1687 393 1740 pore
409 1673 516 1728 heredis
527 1675 562 1728 ad
573 1673 725 1728 libertatem
736 1673 878 1740 perveniet.
906 1671 1003 1726 Servus
1016 1687 1087 1726 oom-

277 1741 364 1796 munis
381 1741 451 1796 liber
467 1757 525 1798 esse
542 1741 631 1794 iussus
647 1741 687 1794 ita
704 1741 846 1794 ‘sidenem
863 1739 975 1792 dederit’
993 1755 1026 1794 ex
1040 1757 1087 1808 pe-

278 1809 346 1864 culio
365 1809 430 1864 dare
446 1815 544 1878 potest,
563 1807 635 1876 quod
652 1823 819 1876 quocumque
832 1807 910 1862 modo
926 1807 1087 1876 adquisitum

278 1877 416 1932 habuerit:
449 1893 498 1930 neo
526 1875 623 1940 refert,
650 1875 723 1946 apud
747 1875 872 1930 heredem
897 1877 926 1930 id
952 1891 988 1930 an
1015 1877 1087 1946 apud

278 1945 379 2000 socium
408 1945 489 1998 fuerit
517 1951 545 1998 et
571 1943 664 1996 heredi
689 1959 725 1996 an
753 1951 879 1998 extraneo
907 1945 972 1998 dare
997 1945 1088 2000 iussus

278 2013 320 2068 sit.
354 2029 417 2066 nam
438 2029 486 2080 per
509 2011 598 2066 omnia
622 2027 719 2066 causae
737 2011 885 2070 stattdiberi
902 2011 1086 2080 applicaturi:

278 2083 323 2150 qui
346 2079 510 2134 condicionis
531 2079 682 2148 implendae
701 2081 788 2150 gratia
805 2081 922 2136 alienare
938 2081 1087 2150 peculiares

278 2155 292 2202 t
328 2163 449 2204 nummos
467 2153 564 2216 potest
599 2147 627 2202 Si
644 2147 696 2204 duo
716 2149 786 2204 servi
806 2149 954 2204 rationibus
977 2149 1086 2202 redditis

278 2215 354 2272 liberi
371 2231 430 2272 esse
446 2215 513 2272 iussi
529 2215 629 2272 fuerint
646 2221 673 2270 et
690 2221 835 2286 separatim
857 2217 975 2272 rationes
997 2233 1087 2286 gesse-

278 2287 343 2350 rint,
365 2299 420 2340 non
442 2283 521 2338 dubie
539 2285 684 2354 separatim
701 2301 807 2354 quoque
825 2285 976 2342 condicioni
992 2301 1088 2356 parcre

410 2357 420 2386 e
555 2353 561 2366 .
927 2355 932 2366 .

277 2353 573 2486 tristarier
584 2359 1086 2500 tittttttttttttiititr

277 2491 316 2546 rio
335 2491 402 2544 alter
420 2489 549 2544 cessando
566 2489 678 2544 alterius
694 2491 846 2544 libertatem
867 2489 1001 2560 nnpediet.
1037 2503 1087 2544 nec

277 2557 1088 2682 itittittttittttmtttt{titiitt

278 2669 312 2748 3'
328 2643 372 2762 iit,
391 2701 438 2748 aut
455 2641 567 2764 utlierque
583 2699 632 2748 aut
649 2695 717 2750 alter
733 2701 819 2752 totum
837 2643 951 2750 solveritq.
982 2693 1034 2762 Qui
1049 2695 1088 2750 ita

278 2765 362 2820 liber(⁵
383 2763 474 2818 iussus
497 2769 539 2818 est
562 2763 593 2818 ‘si
616 2763 744 2820 iuraverit
763 2779 793 2820 se
811 2763 970 2834 Capitolium
993 2779 1086 2818 ascen·

279 2833 396 2898 ‘surum',
421 2833 561 2888 confestim
583 2837 615 2886 ιιι
631 2833 769 2898 iuraverit,
793 2833 909 2902 quamvis
928 2833 966 2904 Oa
984 2831 1088 2888 itolium

278 2909 293 2956 t
329 2917 383 2958 non
405 2901 570 2970 ascenderit,
593 2901 741 2958 liberarit.
782 2901 879 2958 Servus
902 2903 967 2956 here
987 2901 1008 2956 's
1031 2917 1087 2956 rem

276 2971 360 3042 ipsius
378 2969 483 3026 heredis
501 2971 566 3026 dare
581 2971 672 3028 iussus
689 2977 717 3026 ιι
733 2971 801 3026 liber
816 2985 875 3026 esse
888 2971 924 3024 ad
936 2971 1087 3026 libertatem

277 3039 1087 3166 tritt:tttttttt‘ttmtitittistt

278 3179 411 3248 scriptura
430 3177 545 3234 ‘Stichus
564 3195 625 3232 curn
641 3179 693 3232 erit
709 3179 857 3232 annorum⁷
874 3177 996 3248 triginta,
1020 3179 1087 3232 liber

279 3253 354 3302 ‘estu
390 3247 497 3304 Stichus
516 3247 539 3302 si
556 3247 645 3304 decem
663 3263 717 3302 non
734 3247 851 3312 dederit,
873 3247 942 3300 liber
964 3263 998 3302 ne
1019 3247 1086 3304 estc'

278 3317 348 3370 hanc
365 3315 417 3370 vim
434 3317 515 3370 habet
533 3317 648 3372 ‘Stichus
671 3315 694 3370 si
715 3317 807 3374 decem
823 3315 926 3370 dederit
942 3321 970 3370 et
987 3317 1022 3370 ad
1039 3331 1086 3370 an-

250 3403 251 3406 *
278 3389 335 3438 ‘nos
347 3385 456 3454 triginta
468 3385 626 3454 pervenerit,
644 3385 711 3440 liber
728 3385 809 3442 ssto’:
827 3399 942 3454 namque
953 3385 1086 3456 ademptio

278 3453 408 3508 libertatis
426 3455 466 3508 vel
484 3455 564 3524 legati
580 3455 630 3510 sub
649 3453 807 3508 condicione
822 3453 897 3508 facta
913 3453 1008 3524 incipit
1023 3471 1087 3510 con-

278 3523 387 3576 trariam
405 3521 587 3580 condicionem
603 3523 690 3592 legato
708 3523 750 3580 rel
766 3523 897 3590 libertati,
922 3539 991 3592 quae
1011 3523 1087 3594 prius

278 3591 342 3646 data
359 3595 425 3658 erat,
443 3591 571 3648 iniecisse.

315 3657 706 3718 temulentissime
722 3665 819 3732 quarto
835 3661 997 3732 directorum
1025 3661 1086 3716 Ser-

279 3745 339 3796 vus,
363 3731 409 3800 qui
429 3735 587 3786 testamento
606 3729 719 3798 domiui,
743 3745 805 3784 oum
821 3727 914 3784 decem
930 3729 1023 3786 heredi
1041 3729 1086 3784 de-

279 3799 369 3864 disset,
386 3799 454 3854 liber
471 3815 530 3854 esse
541 3799 630 3854 iussus
641 3805 707 3864 erat,
725 3797 815 3854 heredi
827 3799 975 3854 mercedem
986 3797 1088 3854 referre

278 3883 327 3938 pro
345 3867 433 3938 operis
451 3869 507 3924 suis
524 3867 641 3924 solebat:
666 3883 726 3922 cum
747 3883 780 3922 ex
797 3867 918 3922 mercede
935 3869 1012 3924 heres
1031 3883 1086 3920 arn-

297 3937 349 3992 lius
365 3937 457 3994 ‘decem
474 3953 535 3992 rece
554 3937 630 4004 isset,
651 3951 744 3994 servus
759 3937 872 3992 liberum
889 3937 967 3992 esre⁹
984 3937 1086 3990 aiebat:

279 3953 312 4062 ge
330 4021 362 4060 ea
378 4021 408 4062 re
425 3955 621 4064 assuefiant.
649 4005 788 4078 respondit
804 4021 858 4062 non
874 4003 957 4060 videri
974 4005 1087 4060 liberum

279 4091 351 4132 esse:
374 4093 429 4132 non
451 4075 520 4138 enim
542 4093 591 4148 pro
614 4075 749 4142 libertate,
774 4075 822 4132 sed
844 4091 892 4146 pro
917 4075 1005 4144 operis
1028 4089 1087 4130 eam

278 4145 419 4216 pecuniam
442 4145 547 4202 dedisse
569 4161 619 4202 nec
641 4147 708 4200 ma·
748 4145 782 4200 ob
809 4159 868 4200 eam
893 4159 948 4200 rem
974 4145 1087 4200 liberum

279 4229 351 4280 esse,
376 4229 454 4284 qnam
479 4213 630 4294 sifltlmdunr
647 4231 664 4270 a
682 4161 788 4294 &smine
806 4213 976 4270 conduxisset
993 4219 1020 4270 et
1037 4231 1086 4284 pro

282 4289 291 4336 t
329 4283 420 4338 fructu
437 4283 513 4336 fundi
528 4283 670 4352 pecuniam
686 4283 810 4340 dedisset.
847 4283 942 4338 Servus
962 4299 1023 4338 cam
1039 4285 1086 4338 bc-

280 4351 336 4406 redi
353 4367 484 4408 annornm
501 4357 602 4420 septem
620 4367 714 4420 operas
732 4349 855 4418 demessa,
872 4351 940 4406 liber
958 4365 1017 4408 esse
1030 4351 1086 4406 ins-

280 4435 326 4474 sus
344 4425 414 4474 erat:
432 4421 455 4474 is
473 4435 564 4474 serras
581 4419 687 4490 fugerat
706 4425 733 4474 et
746 4435 845 4474 annum
857 4419 886 4474 in
898 4419 963 4490 fuga
974 4419 1086 4474 fecerat.

281 4505 341 4544 curn
362 4495 469 4560 septem
487 4489 549 4542 anni
564 4489 768 4558 praeterissent,
792 4487 930 4560 respondit
951 4503 1006 4544 non
1028 4503 1087 4546 esse

281 4557 406 4612 liberum:
425 4573 479 4612 non
496 4555 565 4612 euim
581 4555 721 4626 iugitirrrm
736 4573 831 4626 operas
847 4555 953 4612 domino
968 4555 1086 4614 dedisse:

281 4643 363 4748 puers
380 4627 432 4682 nisi
447 4625 558 4682 totidem
574 4625 639 4690 dies,
657 4631 723 4696 quot
739 4625 858 4692 afuisset,
875 4625 1008 4692 serrimet,
1032 4643 1086 4682 nen

289 4697 337 4750 'ore
353 4695 473 4750 liberum.
508 4693 555 4750 sed
578 4699 605 4746 et
627 4693 650 4748 si
672 4693 710 4750 ita
727 4695 855 4764 scriptum
872 4699 954 4762 esset,
975 4699 1007 4748 nt
1029 4699 1087 4750 tum

281 4763 453 4828 liberasset,
476 4777 537 4818 cum
557 4767 659 4830 reptem
682 4763 757 4818 annis
781 4763 918 4828 servisset,
938 4763 1086 4832 potuisse*

281 4831 392 4888 liberum
410 4845 475 4898 esse,
494 4831 586 4886 sitam
605 4843 638 4884 us
655 4831 734 4900 fugae
749 4845 872 4888 reversus
888 4831 1022 4886 servisset.

1076 329 1140 406 632

1646 357 1691 406 nit
1714 355 1946 406 srnrumeultls

1140 521 1293 578 libertatern
1305 529 1521 592 consequeretur.
1547 523 1687 590 respondit
1703 523 1794 578 heredi
1811 537 1872 580 eum
1888 521 1948 578 dare

1141 589 1246 644 dehere.
1283 589 1331 644 sed
1348 595 1374 644 et
1391 591 1413 646 si
1431 589 1512 644 talem
1529 589 1614 658 legem
1632 589 1755 658 dixisset,
1777 597 1808 644 nt
1825 595 1947 644 ennaneo

1140 657 1221 710 alictii
1244 657 1386 712 statuliber
1408 657 1550 726 pecuniam
1572 655 1660 724 dmct,
1688 659 1827 724 respondit
1851 661 1879 712 et
1900 657 1947 712 boo

1104 759 1106 764 ι
1141 739 1206 778 casu
1225 727 1425 780 conventionem
1442 725 1545 790 valere,
1570 725 1633 794 quia
1655 723 1749 778 heredi
1770 725 1876 778 ridetur
1898 727 1946 778 sol-

1139 807 1209 856 vere,
1246 793 1274 846 ui
1291 793 1428 848 voluntate
1445 793 1502 848 eius
1520 793 1566 846 alii
1583 793 1669 846 solvit.
1794 827 1795 830 =

1177 857 1215 916 lb
1259 875 1384 914 ursanus
1399 861 1467 916 libro
1483 865 1581 930 quarto
1598 859 1755 930 reputarem
1790 859 1947 916 Statulibera

1140 929 1205 996 qnid
1223 929 1271 982 uid
1287 929 1399 998 peperit,
1416 927 1469 982 hoo
1486 943 1593 982 serrum
1608 927 1714 982 heredis
1733 931 1782 982 ιιι.

1176 945 1387 1054 17qunrr1os
1401 997 1470 1050 libro
1484 997 1563 1050 tertio
1577 997 1794 1050 membranarum
1820 993 1848 1048 Si
1861 993 1947 1052 decen

1139 1063 1233 1118 heredi
1254 1063 1384 1130 dedisset,
1407 1063 1498 1118 iussus
1517 1069 1560 1118 est
1575 1063 1643 1119 liber
1660 1079 1731 1118 esse:
1756 1063 1848 1116 decem
1870 1063 1946 1118 babet

1139 1135 1167 1186 et
1182 1131 1341 1186 tantundem
1358 1131 1465 1186 domino
1484 1131 1578 1186 debet:
1602 1131 1688 1186 dando
1705 1131 1772 1186 haec
1789 1129 1881 1186 decem
1897 1147 1947 1188 non

1138 1199 1306 1256 liberabitur.
1333 1213 1395 1252 nam
1407 1197 1479 1268 quod
1490 1199 1648 1254 statulibero
1663 1215 1696 1252 ex
1706 1199 1812 1266 peculio
1826 1213 1875 1252 ιιιο
1887 1197 1945 1254 dare

1139 1267 1287 1336 explendae
1305 1267 1468 1320 condicionis
1484 1281 1568 1320 causa
1582 1281 1740 1320 concessum
1752 1273 1801 1330 cst,
1818 1267 1857 1318 ita
1868 1265 1945 1318 inter-

1139 1333 1242 1402 pretari
1265 1333 1404 1400 debemus,
1428 1339 1460 1386 ut
1481 1349 1536 1388 uon
1557 1333 1639 1388 etism
1661 1349 1694 1388 ιιι
1717 1349 1749 1388 ιο
1773 1333 1837 1386 dare
1856 1333 1945 1402 possit,

1139 1401 1212 1470 quod
1229 1405 1306 1456 erma
1322 1401 1457 1470 peculium
1474 1405 1524 1456 est.
1550 1417 1600 1456 nec
1613 1417 1656 1456 me
1670 1401 1797 1472 praeterit
1811 1401 1860 1456 hos
1874 1417 1944 1454 num·

1139 1485 1196 1522 mos
1214 1471 1364 1538 peculiares
1377 1485 1458 1538 posse
1472 1467 1534 1534 dici,
1553 1469 1680 1538 quamvis,
1698 1469 1722 1524 si
1735 1471 1800 1524 nihil
1812 1473 1946 1538 praeterea

1139 1553 1233 1592 servus
1256 1537 1369 1604 habeat,
1397 1537 1532 1606 peculium
1558 1537 1662 1592 nudum
1683 1537 1725 1592 rit.
1764 1537 1812 1592 sed
1835 1537 1946 1594 dubitat

1139 1621 1193 1660 non
1216 1611 1336 1674 oportet,
1362 1609 1427 1674 quin
1449 1605 1517 1660 baec
1540 1621 1615 1660 mens
1637 1607 1718 1660 fuerit
1739 1607 1767 1660 id
1790 1605 1944 1660 constituen-

1138 1673 1220 1738 dum,
1241 1679 1273 1726 ut
1295 1673 1374 1742 quasi
1395 1687 1428 1726 cx
1448 1673 1609 1742 patrimonio
1631 1689 1680 1728 suo
1699 1673 1779 1726 dandi
1796 1689 1827 1728 ιο
1846 1673 1946 1730 nomine

1139 1755 1215 1794 servo
1229 1747 1350 1810 potestas
1364 1747 1443 1808 esset,
1461 1741 1524 1810 quia
1540 1741 1569 1796 id
1584 1741 1698 1796 maxime
1715 1741 1773 1798 sine
1789 1741 1886 1796 iniuria
1904 1741 1945 1796 do-

1139 1807 1272 1862 minorum
1289 1809 1400 1864 concedi
1416 1807 1566 1864 ridebatur.
1593 1811 1666 1878 quod
1682 1809 1707 1864 si
1723 1809 1795 1864 ultra
1811 1811 1870 1880 quis
1887 1825 1944 1878 pro·

1137 1875 1287 1944 gradietur,
1309 1893 1363 1930 non
1379 1877 1492 1930 multum
1510 1877 1610 1942 aberit,
1631 1879 1794 1946 quinetiam
1811 1893 1857 1934 eos
1874 1895 1944 1932 num·

1138 1961 1196 1998 mos
1235 1959 1302 2014 quos
1324 1945 1431 2000 domino
1455 1945 1633 2014 subripuerit,
1659 1945 1747 2000 dando
1766 1947 1945 2002 statuliberum

1138 1985 1291 2068 condicioni
1308 2011 1509 2068 satisfacturum
1526 2013 1667 2068 existimet.

1175 2075 1213 2138 18
1233 2081 1351 2134 Peuces
1366 2081 1434 2136 libro
1451 2081 1588 2152 sinqulart'
1610 2081 1643 2134 cte
1664 2081 1832 2136 libertatibus
1853 2083 1945 2138 cicadis

1139 2149 1167 2202 Si
1184 2149 1299 2204 triennio
1318 2149 1387 2204 dena
1404 2149 1470 2204 dare
1487 2149 1576 2204 iussus
1598 2149 1683 2218 primo
1703 2163 1774 2204 anno
1793 2149 1884 2218 viginti
1902 2165 1944 2220 op-

1137 2217 1241 2284 tulerit,
1265 2233 1320 2272 non
1342 2217 1491 2284 accipiente
1511 2217 1610 2272 herede
1630 2233 1685 2272 non
1708 2219 1800 2272 statim
1815 2219 1884 2272 liber
1901 2227 1944 2290 est,

1138 2287 1201 2354 quia
1219 2293 1245 2340 et
1263 2285 1286 2340 si
1304 2287 1452 2356 accepisset
1467 2285 1554 2352 heres,
1572 2285 1690 2340 nondum
1706 2285 1775 2338 liber
1793 2293 1863 2342 esset
1872 2287 1900 2338 ¹⁰.

1176 2351 1214 2410 19
1238 2353 1383 2410 Uarianos
1398 2353 1466 2410 libro
1484 2359 1582 2424 quarto
1601 2355 1701 2410 docimo
1719 2353 1887 2410 edacitatem
1922 2355 1945 2410 Si

1139 2437 1231 2492 serres
1254 2421 1323 2476 liber
1346 2437 1404 2476 esse
1423 2421 1513 2476 iussus
1530 2423 1565 2476 sit
1582 2427 1609 2476 et
1625 2423 1741 2492 legatum
1757 2421 1783 2476 ei
1799 2423 1903 2488 datum,
1925 2425 1944 2480 si

1138 2489 1209 2546 filius
1227 2497 1353 2560 quartum
1372 2491 1504 2546 decimum
1521 2505 1621 2544 annum
1638 2491 1817 2560 compleverit,
1835 2497 1863 2546 et
1879 2491 1944 2548 filius

1139 2565 1202 2614 ante
1220 2559 1377 2614 decesserit:
1395 2559 1506 2614 libertas
1518 2559 1611 2614 favore
1624 2565 1755 2630 competet
1767 2559 1809 2614 die
1820 2559 1944 2626 veniente,

1137 2627 1220 2694 legati
1236 2633 1326 2682 autem
1343 2627 1465 2682 condicio
1484 2627 1581 2684 deficit.

1172 2693 1212 2752 20
1235 2695 1355 2750 Pronus
1376 2695 1445 2752 libro
1466 2703 1546 2752 serto
1569 2697 1671 2752 decimo
1692 2695 1731 2752 od
1745 2695 1882 2752 Plautiam
1921 2697 1945 2752 st

1138 2763 1274 2886 gccrdium
1291 2779 1368 2820 serso
1385 2765 1503 2834 legatum
1520 2765 1569 2830 sit,
1611 2767 1639 2820 ui
1656 2767 1746 2822 iussus
1763 2773 1805 2820 ιιι
1822 2765 1868 2820 elii
1885 2767 1945 2822 dare

1157 2847 1231 2888 ecem
1253 2833 1342 2888 etsie
1365 2833 1434 2888 liber
1457 2849 1527 2902 esse,
1551 2839 1579 2888 et
1621 2851 1679 2890 eres
1701 2849 1761 2890 eum
1783 2835 1945 2904 prohibuerit

1139 2901 1217 2968 dare,
1240 2901 1337 2958 deiude
1358 2903 1536 2958 manumissus
1558 2903 1692 2974 peculium
1714 2909 1791 2972 petat
1812 2917 1846 2958 ex
1869 2919 1945 2958 cauea

1139 2971 1227 3040 legati,
1247 2987 1347 3040 anper
1364 2971 1419 3026 doli
1436 2971 1621 3040 exceptionem
1638 2987 1696 3026 eam
1714 2989 1851 3040 summam,
1870 2989 1944 3042 quan

1139 3041 1250 3096 daturus
1268 3045 1353 3106 esset,
1372 3039 1505 3096 deducere
1521 3041 1600 3096 heres
1617 3043 1716 3110 possit,
1741 3047 1772 3094 ut
1787 3043 1839 3110 ipsi
1856 3043 1944 3112 prosit,

1137 3125 1192 3164 non
1214 3109 1391 3174 manumisso,
1416 3111 1488 3178 quod
1511 3125 1544 3166 ea
1565 3109 1680 3180 pecunia
1701 3109 1794 3164 data³¹
1818 3113 1944 3166 nonest?

1138 3193 1173 3232 an
1194 3195 1258 3234 uero
1280 3177 1404 3248 indignus
1428 3179 1464 3232 sit
1487 3181 1578 3244 heres,
1604 3177 1650 3248 qui
1673 3185 1767 3232 contra
1787 3179 1944 3234 voluntatem

1139 3247 1259 3304 defuncti
1275 3247 1352 3312 fecit,
1370 3261 1430 3320 eam
1447 3247 1588 3316 pecuniam
1605 3247 1722 3302 lucrari?
1751 3251 1778 3302 et
1796 3263 1856 3302 curn
1873 3265 1944 3302 servo

1138 3315 1205 3370 nihil
1221 3315 1293 3372 absit
1310 3319 1338 3370 et
1352 3315 1464 3371 libertas
1481 3317 1506 3370 ei
1524 3315 1658 3386 competit,
1676 3315 1833 3372 insidiosum
1849 3325 1889 3372 est
1901 3319 1943 3370 hc·

1141 3393 1152 3438 1
1189 3385 1280 3440 nedem
1296 3385 1426 3438 fraudari.
1461 3385 1504 3440 De
1520 3385 1566 3440 illo
1583 3385 1734 3454 quaeritur,
1757 3385 1782 3438 si
1797 3385 1884 3454 ⁸inrito
1901 3385 1943 3440 he·

1137 3453 1201 3508 rede
1219 3455 1265 3508 det
1282 3459 1330 3508 aut
1345 3453 1488 3520 nesciente,
1507 3469 1542 3508 an
1556 3451 1639 3508 faciat
1649 3467 1771 3508 nummos
1785 3453 1942 3524 accipientis.

1138 3529 1165 3580 et
1181 3523 1301 3578 Iulianus
1319 3537 1380 3576 vere
1401 3523 1533 3578 existimat
1557 3537 1590 3578 ex
1612 3523 1664 3578 hac
1688 3537 1770 3576 causa
1793 3537 1944 3578 concessam

1138 3591 1221 3648 rideri
1238 3589 1401 3648 statuhberis
1421 3591 1608 3646 alienationem
1626 3607 1793 3646 nummorum
1811 3591 1890 3646 etiam
1907 3591 1943 3646 in·

1137 3661 1191 3718 rito
1209 3661 1307 3718 herede
1325 3667 1351 3716 et
1367 3661 1427 3716 ideo
1445 3661 1535 3718 facere
1553 3677 1599 3718 eos
1622 3661 1777 3730 accipientis
1798 3661 1942 3730 pecuniam.

1138 3737 1152 3784 2
1190 3729 1268 3800 Quod
1295 3731 1319 3788 si
1344 3731 1436 3786 heredi
1463 3731 1526 3786 dare
1550 3729 1641 3788 iussus
1664 3737 1704 3786 est
1728 3729 1818 3784 decern
1842 3735 1869 3784 et
1890 3745 1943 3784 ean

1137 3815 1268 3856 summam
1285 3799 1363 3856 heres
1381 3799 1479 3854 debeat
1495 3815 1584 3854 servo:
1604 3803 1627 3856 si
1643 3799 1706 3856 velit
1722 3813 1815 3856 sersus
1827 3813 1887 3852 eam
1900 3813 1942 3868 pc·

1138 3875 1152 3922 3
1189 3869 1296 3924 cuniam
1318 3883 1503 3938 compensare,
1532 3869 1584 3924 erit
1604 3871 1680 3926 liber.
1719 3871 1761 3938 Is,
1789 3867 1834 3926 cni
1856 3881 1942 3922 sersus

1136 3937 1278 4006 pecuniam
1301 3937 1366 3992 dare
1387 3937 1476 3992 iussus
1500 3943 1541 3992 est
1562 3943 1593 3992 ιιι
1609 3939 1677 3994 liber
1693 3943 1803 4006 essere,
1825 3937 1941 3994 decessit.

1137 4007 1266 4074 Sabinus,
1289 4007 1313 4060 si
1335 4005 1427 4062 decern
1448 4007 1586 4064 habuisset
1608 4015 1717 4078 parata,
1745 4009 1858 4066 liberum
1879 4007 1942 4070 iore,

1137 4075 1201 4148 quia
1217 4093 1272 4132 non
1289 4081 1373 4132 staret
1388 4091 1437 4146 per
1455 4091 1523 4144 enm,
1542 4093 1594 4148 quo
1613 4077 1698 4134 minus
1717 4079 1802 4134 daret
1827 4077 1942 4134 Iulianus

1137 4153 1227 4202 autem
1248 4145 1287 4200 ait
1309 4145 1400 4202 favore
1422 4147 1553 4202 libertatis
1577 4147 1722 4218 constituto
1745 4147 1803 4204 iure
1823 4149 1895 4204 hunc
1913 4143 1943 4198 ad

1136 4215 1286 4270 libertatem
1308 4219 1509 4286 perventurum,
1534 4215 1638 4270 ιιίιιιιιί
1655 4221 1753 4284 postea
1769 4219 1868 4272 habere
1886 4233 1941 4272 coe·

1136 4285 1207 4354 perit
1223 4285 1323 4340 decem.
1349 4285 1416 4340 adeo
1435 4291 1524 4340 autem
1541 4285 1686 4340 constituto
1696 4285 1787 4366 potius
1797 4285 1856 4342 iure
1867 4301 1941 4354 quam

1137 4369 1170 4408 err
1193 4357 1352 4408 testamento
1375 4351 1409 4408 ad
1431 4353 1581 4408 libertatem
1600 4357 1733 4422 perremt,
1755 4359 1798 4420 nt,
1820 4355 1845 4408 si
1862 4353 1941 4408 eidem

1136 4425 1164 4476 et
1185 4421 1304 4490 legatum
1326 4419 1374 4486 sit,
1400 4427 1506 4476 mortuo
1529 4437 1562 4474 eo
1584 4421 1628 4474 cui
1650 4421 1714 4476 dare
1736 4419 1826 4476 iussus
1849 4427 1889 4476 est
1911 4419 1942 4476 ad

1135 4489 1286 4546 libertatem
1304 4489 1409 4558 quidem
1425 4489 1576 4560 perveniet,
1600 4505 1654 4544 uon
1678 4495 1767 4546 auteur
1787 4495 1815 4546 et
1829 4489 1950 4560 legatum,

1135 4557 1278 4612 habiturus
1301 4563 1354 4614 est:
1384 4557 1465 4638 idque
1488 4565 1515 4612 ιι
1535 4555 1655 4612 Iulianus
1676 4563 1767 4628 putat,
1793 4563 1822 4612 ιιι
1844 4559 1872 4612 in
1894 4559 1941 4612 hoc

1137 4627 1232 4682 ceteris
1250 4627 1384 4696 legatariis
1402 4627 1494 4682 similis
1510 4625 1554 4680 sit.
1590 4627 1694 4680 diversa
1715 4641 1799 4680 causa
1820 4633 1861 4680 est
1878 4627 1940 4688 eius,

1136 4711 1215 4762 quem
1230 4695 1309 4750 heres
1325 4695 1452 4764 prohibet
1468 4693 1619 4750 confficioni
1634 4709 1743 4762 parere:
1764 4695 1808 4748 hic
1825 4693 1896 4748 enim
1912 4707 1941 4748 cx

1136 4765 1154 4816 4
1186 4767 1345 4818 ιιιιιιιιιιιιο
1364 4763 1398 4816 ad
1415 4763 1566 4818 libertatern
1602 4763 1710 4816 ervenit.
1739 4761 1838 4816 ΗιιιιιιΙ
1855 4767 1941 4816 autem

1135 4831 1237 4886 iussum
1262 4831 1327 4886 dere
1349 4831 1428 4886 etiarn
1451 4831 1556 4886 heredis
1577 4777 1669 4886 :Persei
1691 4831 1755 4884 dare
1772 4845 1852 4898 posse
1868 4831 1940 4884 dirue

318 4897 354 4956 15
377 4901 546 4954 Arnrcsnus
568 4897 588 4952 l'
604 4913 636 4952 ro
658 4915 729 4954 aooc
752 4901 937 4968 qaaestionem
975 4897 1084 4954 hdortuo
1134 4897 1289 4954 Hadrianus
1306 4899 1455 4968 rescripsit:
1474 4903 1501 4952 ιι
1517 4899 1542 4954 si
1558 4899 1611 4954 hoo
1627 4899 1710 4954 sensit
1727 4903 1848 4964 testator,
1865 4897 1940 4952 etiam

280 4967 378 5022 herede
394 4967 417 5020 si
435 4965 573 5022 statuliber
589 4965 791 5034 locupletiorem
812 4965 987 5020 hereditatem
1009 4973 1086 5020 tanta

300 5035 401 5102 munia,
419 5039 546 5104 quanam
562 5033 627 5088 dare
642 5033 679 5088 sit
694 5035 792 5102 iussus,
810 5033 910 5100 iacent,
927 5035 1009 5090 relati
1027 5049 1084 5090 cre·

1136 4969 1150 5018 5
1186 4969 1216 5020 in
1235 4967 1364 5034 legatario
1386 4967 1457 5020 idem
1480 4965 1621 5020 meandum
1643 4971 1691 5020 est.
1727 4965 1862 5032 Quaedam
1880 4981 1940 5020 con·

1136 5033 1254 5090 :limones
1270 5041 1368 5088 natura
1385 5035 1428 5088 sui
1444 5049 1494 5088 nec
1511 5039 1624 5104 possunt
1640 5035 1734 5088 eodem
1755 5039 1875 5112 tempore
1895 5033 1939 5086 im·

309 5105 411 5160 toribus
422 5101 561 5170 solvendo,
573 5101 675 5158 cibaria
685 5101 800 5158 familiae
810 5101 911 5158 dandm
924 5101 1015 5158 statim
1025 5119 1086 5158 cunr
1133 5103 1218 5174 pleri,
1241 5101 1289 5158 sed
1310 5103 1490 5158 necessariam
1509 5101 1611 5158 habent
1631 5101 1757 5172 temporis
1781 5101 1939 5164 ᾱιιίιίοιιιιιι,

285 5179 295 5224 t
331 5171 366 5226 ad
387 5171 537 5226 libertatern
561 5185 619 5226 esse
641 5175 780 5226 venturum
801 5171 967 5226 existimarit
1000 5171 1086 5228 Heres
1135 5171 1209 5226 velut
1232 5187 1293 5226 cum
1316 5173 1406 5226 decem
1429 5185 1570 5242 operarum
1596 5169 1685 5224 iussus
1709 5177 1751 5224 est
1773 5169 1851 5236 dare,
1880 5169 1940 5242 quia

278 5255 343 5294 cum
359 5239 543 5296 statuliberum
560 5239 652 5294 decem
670 5237 733 5294 dare
748 5239 850 5294 iussum
866 5239 999 5304 venderet,
1022 5257 1085 5294 con-

282 5305 411 5362 dicionem
432 5307 614 5378 pronuntiavit
635 5311 663 5360 et
684 5307 820 5362 traditioni
842 5307 926 5374 legem
950 5305 1031 5372 dixit,
1054 5311 1086 5362 ut

283 5373 333 5426 sibi
354 5375 444 5440 potius
466 5389 547 5444 qnam
569 5371 684 5442 emptori
707 5373 799 5428 cadem
825 5375 916 5428 decem
942 5375 1084 5428 darentur:

282 5441 472 5510 quaerebatur,
495 5441 549 5498 utri
569 5455 662 5498 eornm
682 5441 821 5496 statuliber
837 5441 978 5512 pecuniam
995 5441 1083 5516 dando

315 5551 489 5560 --ΜΨ

281 5621 312 5680 ιι)
329 5611 460 5666 ramnes*
519 5617 552 5678 ιι)
569 5613 734 5680 cderofiD.
744 5615 785 5678 to,
795 5623 879 5678 t,1e,2
941 5615 974 5674 ta)
992 5611 1086 5662 adebi-

283 5681 371 5734 curt*
412 5687 444 5742 tt)
461 5679 653 5744 applicanturd'
699 5683 730 5742 tal
748 5683 893 5746 poterintF
930 5689 963 5744 ιο)
980 5683 1086 5732 assim.

284 5759 315 5814 ιι)
333 5747 474 5800 mames
539 5751 572 5808 (ι)
591 5749 879 5812 adtacti-seselis.
956 5755 987 5800 tot
1006 5753 1085 5800 ιιιηι.

1136 5255 1233 5308 operae
1250 5255 1299 5308 per
1316 5239 1434 5308 singrdos
1452 5239 1508 5294 dies
1526 5239 1631 5292 dentur.
1668 5239 1776 5306 13ἰςιιιιι
1799 5245 1826 5292 ιι
1847 5239 1870 5294 si
1887 5239 1939 5296 sin·

1133 5307 1212 5374 gulos
1229 5323 1325 5362 aureos
1343 5305 1387 5362 det
1404 5305 1552 5372 statuliber,
1571 5311 1662 5376 potest
1677 5305 1730 5362 dici
1746 5321 1808 5362 eum
1820 5307 1940 5376 implesse

1135 5375 1326 5430 condicionem.
1365 5375 1419 5428 alia
1446 5389 1529 5428 causa
1556 5381 1598 5428 ιιι
1625 5389 1781 5444 operarum,
1810 5375 1940 5446 quiahoc

1134 5443 1286 5496 necessario
1310 5443 1429 5510 singulae
1450 5439 1568 5498 edendae
1589 5449 1661 5496 sunt
1700 5441 1749 5496 sed
1770 5449 1798 5500 et
1819 5443 1843 5498 si
1864 5443 1939 5498 heres

1137 5613 1182 5678 (ιι)
1201 5607 1297 5664 etliber
1307 5627 1356 5662 esse
1365 5609 1404 5662 [tt
1475 5613 1518 5678 (te)
1538 5615 1600 5668 tatia
1605 5617 1664 5684 sere
1673 5617 1811 5684 interpone:
1824 5615 1888 5668 ailae
1897 5613 1939 5668 etsi

1136 5683 1239 5746 possunt
1252 5695 1304 5732 unc
1316 5685 1425 5746 ιιιιιιιοιι
1439 5681 1546 5746 impleri,
1563 5685 1646 5736 maren
1658 5683 1734 5736 ctiam
1747 5689 1869 5752 temporis¹
1879 5683 1939 5738 diri·

1136 5749 1230 5800 sionem
1243 5751 1380 5812 rccipiunt:
1394 5755 1549 5816 peramans
1561 5753 1644 5806 ᾰιοιιιι
1655 5769 1743 5806 auset
1751 5755 1899 5808 ἀυιὶιιιιιιι
1907 5757 1940 5808 eti

284 5821 410 5872 numan
450 5819 492 5880 (ι’)
503 5819 655 5882 potuissstf‘
694 5823 736 5884 ,rel
747 5815 906 5870 thetmaer
947 5831 987 5884 ιιι)
999 5817 1056 5868 dota
1067 5819 1093 5872 F
1136 5821 1161 5870 et
1169 5817 1231 5868 liber
1242 5837 1292 5872 csse
