4366 6258
275 385 402 454 XXXX
424 391 442 454 5

310 567 404 628 iTEcc
413 571 479 624 libro
488 571 627 624 vicensimo
626 569 723 648 primo
732 567 1078 640 dipestornmSeanotnn.

277 637 430 694 Occurres:
453 637 527 692 ‘Cum
542 637 593 692 fibi
608 653 694 692 ursum
711 637 792 692 fuerit
808 639 1002 694 manumittere'
1026 639 1078 692 uti·

274 707 335 760 liter
352 705 431 760 datur
446 703 647 760 fideicommissa
663 703 782 760 libertas.

311 767 348 830 18
367 775 516 828 Scaevoia
545 773 612 828 libro
642 775 783 828 vicensimo
810 777 887 830 tertio
916 775 1078 844 clipeatorum

275 841 445 894 Testamenta
462 839 597 894 iteravit:
615 839 785 910 Tamphilus,
804 843 910 898 sibene
927 859 956 896 se
968 843 1079 908 gesserit

275 907 431 962 ‘rationibus
458 907 535 972 meis,
564 907 633 962 liber
659 909 736 964 esto':
767 911 915 978 quaesitum
937 913 990 976 est,
1019 925 1079 962 cum

275 981 398 1030 manente
411 973 502 1028 eodem
518 979 675 1030 testamento
692 981 756 1046 post
769 979 869 1046 aliquot
885 991 969 1030 annos
988 975 1077 1030 deces-

275 1043 340 1098 serit
364 1059 414 1098 nec
439 1043 507 1096 ullae
531 1045 664 1112 querellae
687 1045 762 1100 locus
791 1045 822 1100 de
845 1043 984 1112 Pamphilo
1009 1045 1080 1098 circa

275 1111 392 1164 rationes
414 1111 521 1180 patrem
545 1111 595 1174 sit,
625 1129 660 1166 an
684 1129 717 1168 ex
746 1117 903 1168 testamento
931 1111 1079 1166 libertatem

275 1179 311 1232 sit
328 1183 495 1232 consecutus.
530 1179 668 1246 respondit
684 1181 750 1234 nihil
766 1179 891 1248 proponi,
910 1195 957 1232 cur
974 1179 1080 1232 nonsit

275 1249 442 1300 consecutus.

311 1309 348 1368 19
365 1313 444 1366 loru
460 1311 526 1368 libro
536 1315 657 1368 vicesimo
676 1317 774 1384 quarto
788 1313 951 1382 dipestornm
974 1311 1079 1366 Herode

273 1381 393 1432 instituto
411 1381 506 1434 marito
523 1395 572 1450 per
586 1381 817 1436 fideicommissum
834 1379 984 1432 libertatem
997 1381 1078 1432 servis

273 1447 359 1510 dedit,
382 1447 522 1514 inquibus
546 1453 573 1504 et
591 1449 683 1502 Sticho
701 1447 786 1500 actori
803 1447 904 1498 mariti:
930 1447 1078 1514 quaesitum

275 1519 327 1576 est,
352 1531 411 1566 cum
428 1515 539 1570 absente
561 1517 666 1570 domino
689 1515 732 1570 isti
755 1513 904 1582 praesidem
925 1513 1079 1594 provinciae

273 1581 395 1646 adierint,
413 1587 444 1636 ut
460 1583 570 1638 libertas
589 1585 639 1636 sibi
655 1585 846 1652 praestaretur,
866 1597 942 1648 quast
959 1597 993 1636 ex
1008 1581 1080 1636 iusta

274 1663 354 1702 causa
371 1651 448 1706 heres
467 1651 584 1716 abesset,
609 1657 636 1704 et
656 1663 765 1720 praeses
787 1649 939 1716 provinciae
961 1665 1079 1718 pronun-

272 1717 378 1770 tiaverit
394 1717 543 1774 libertatem
561 1717 664 1784 deberi,
683 1733 718 1770 an
736 1717 780 1784 agi
798 1731 858 1770 oum
875 1717 968 1770 Sticho
986 1719 1078 1784 possit,

272 1789 304 1836 ut
320 1785 449 1840 rationem
466 1791 542 1840 actus
560 1801 577 1840 a
595 1799 623 1838 se
641 1783 818 1838 administrati
835 1783 947 1838 reddere
965 1785 1078 1852 compel-

275 1855 286 1904 1
322 1853 401 1906 latur.
427 1855 563 1924 respondit
581 1869 634 1906 non
650 1867 738 1920 posse.
765 1849 849 1906 Uxori
866 1853 954 1906 dotem
972 1857 1000 1906 et
1013 1853 1079 1908 alias

272 1935 315 1974 res
332 1921 420 1990 plures
443 1921 540 1990 legarit
563 1927 590 1974 et
612 1919 668 1972 eius
686 1917 747 1972 fidei
766 1921 907 1986 commisit,
931 1927 961 1974 ut
978 1921 1079 1990 Aquili-

272 2005 335 2042 num
353 2005 454 2044 serrum
496 1987 613 2056 roprium
637 1987 754 2042 mulieris
776 1987 849 2056 apud
866 1989 1006 2044 eonsilium
1023 2003 1078 2042 ma-

272 2057 435 2110 numitteret:
458 2005 495 2110 ai
509 2061 588 2122 negat
611 2071 639 2110 se
662 2055 753 2110 facere
770 2055 879 2120 debere,
903 2057 974 2126 quod
996 2057 1080 2126 ipsius

273 2125 396 2194 proprius
415 2127 498 2178 esset:
517 2137 623 2192 quaero,
641 2137 676 2176 an
694 2125 803 2178 libertas
822 2125 845 2178 ei
863 2125 1000 2180 debeatur.
1023 2141 1079 2180 res·

270 2191 365 2260 pondit
381 2207 505 2256 uxorem,
529 2191 551 2244 si
568 2207 601 2244 ex
618 2195 777 2246 testamento
800 2195 855 2246 non
876 2193 962 2248 solum
984 2191 1079 2260 dotem,

272 2261 319 2314 sed
342 2259 420 2314 etiam
443 2265 532 2314 cetera
554 2258 643 2326 legata
665 2261 798 2326 praestari
819 2261 871 2314 sibi
893 2261 983 2328 vellet,
1008 2275 1079 2314 oom-

271 2329 420 2396 pellendam
443 2343 475 2380 ex
497 2341 579 2380 causa
600 2327 796 2388 fideicommissi
814 2329 965 2396 Aquilinum
986 2345 1080 2382 manu-

271 2397 375 2450 mittere
393 2411 518 2464 eumque,
543 2411 604 2448 cum
629 2395 697 2448 liber
714 2397 776 2460 erit,
800 2397 945 2464 petiturum
962 2413 995 2452 ea
1013 2413 1080 2464 quae

272 2465 322 2518 sibi
338 2465 426 2530 legata
443 2467 512 2516 sunt.

306 2529 345 2588 20
364 2531 533 2584 Pellenitios
557 2531 626 2584 libro
652 2533 764 2600 septimo
791 2533 967 2602 epistolarum
997 2531 1081 2600 ,Apud

271 2599 402 2652 Iuhanum
419 2599 459 2650 ita
476 2599 603 2666 scriptum
622 2601 675 2650 est:
701 2599 732 2652 ‘si
749 2599 826 2654 heres
848 2605 957 2668 rogatus
976 2615 1080 2654 serrum

272 2665 464 2722 ‘manumittere
487 2681 520 2720 ιιι
542 2665 711 2720 Trebelliano
735 2671 844 2720 senatus
866 2667 987 2722 consulto
1004 2669 1080 2722 here·

272 2737 390 2790 ‘ditatam
407 2733 564 2800 restituerit,
584 2733 642 2802 cogi
660 2735 768 2788 debebit
785 2735 983 2802 manumittere,
1001 2741 1041 2800 et,
1058 2735 1081 2788 si

272 2803 396 2858 ‘latitabit
413 2803 454 2856 vel
471 2803 494 2856 si
510 2801 582 2856 iusta
600 2819 633 2856 ex
651 2819 733 2858 causa
751 2803 849 2868 aberit,
872 2809 982 2924 greater
1000 2819 1081 2856 causa

272 2869 389 2940 ‘cognita
411 2869 556 2926 secundum
579 2875 687 2926 senatus
712 2873 834 2926 consulta
858 2887 873 2926 ι
916 2887 960 2926 ιιι
986 2887 1080 2926 ιιιιιι

271 2939 439 3020 ‘pertinentia
467 2939 644 3020 ‘pronuntiare
671 2939 801 3020 debebit..
832 2939 855 2994 si
882 2953 946 3020 vero
977 2955 1081 3020 sertum

272 3007 447 3076 ιιιιιιιιιιιιιι1
464 3023 502 3072 ιι,
527 3025 570 3062 ιιι
586 3007 720 3062 hereditas
737 3013 861 3062 restituta
878 3007 973 3074 fiuent,
994 3023 1081 3076 ipsum

272 3075 423 3144 ‘competit2
443 3077 629 3130 manumittere
652 3081 678 3130 ιι
702 3077 793 3130 eadem
815 3075 842 3130 iu
863 3091 1006 3146 personam
1024 3075 1080 3130 eius

271 3145 416 3200 ‘observari
439 3145 589 3210 conveniet,
614 3159 683 3214 quae
707 3145 778 3200 circa
801 3151 934 3214 emptores
953 3145 1081 3200 custodiri

272 3215 384 3268 ‘solent'.
419 3229 454 3268 an
470 3213 537 3268 haec
554 3229 616 3268 vera
632 3217 731 3282 putes?
752 3229 815 3268 nam
831 3229 879 3282 ego
898 3211 1017 3268 discendi
1034 3229 1080 3268 cu-

270 3283 394 3350 piditate,
419 3297 498 3350 qnam
519 3283 603 3338 solam
624 3283 728 3336 vivendi
750 3283 881 3336 rationem
904 3283 1031 3350 optimam
1053 3281 1081 3334 in

271 3357 394 3404 octavum
411 3353 439 3404 ιι
455 3349 678 3418 septuagesimum
696 3367 795 3404 annum
813 3349 909 3404 aetatis
927 3349 1003 3416 duxi,
1026 3365 1080 3404 me·

271 3433 329 3472 mor
347 3433 405 3472 sum
422 3415 479 3472 eius
497 3419 653 3484 sententiae,
672 3419 717 3486 qui
734 3419 832 3472 dixisse
850 3417 946 3472 fertur:
966 3415 1017 3470 adv
1033 3415 1082 3470 cdv

271 3489 363 3556 ἕτερον
380 3481 453 3538 πόδα
471 3491 501 3538 ἐν
516 3489 548 3558 τῇ
568 3487 641 3556 σορῷ
659 3491 719 3550 ἔχοι,
739 3487 913 3556 προσμαθιῖν
929 3505 956 3538 τι
972 3483 1080 3554 βουλοί-

270 3555 350 3622 μηνι.
376 3553 518 3610 bellissime
534 3555 626 3610 Aristo
644 3561 671 3610 et
689 3555 840 3610 Octauenus
857 3553 992 3624 putabant
1008 3555 1080 3610 hunc

271 3639 386 3688 servum,
412 3623 444 3676 de
463 3638 514 3692 quo
533 3629 716 3692 quaereretur,
740 3621 960 3676 fideicommissae
977 3623 1080 3676 heredi-

270 3691 333 3746 tatis
356 3707 411 3744 non
431 3705 507 3756 esse,
531 3691 594 3760 quia
617 3697 732 3746 testator
754 3691 871 3760 rogando
890 3691 1027 3754 heredem,
1051 3695 1082 3744 ut

271 3775 331 3814 eum
356 3759 567 3824 manumitteret,
596 3775 651 3814 non
672 3759 777 3814 ridetur
800 3759 833 3812 de
861 3775 892 3814 ιο
916 3759 1080 3814 restituendo

271 3827 398 3880 sensisse:
416 3827 439 3880 si
454 3833 543 3882 tamen
555 3843 604 3896 per
613 3845 730 3882 errorem
744 3829 777 3880 ab
794 3827 891 3882 herede
901 3827 980 3882 datus
992 3827 1080 3892 suerit,

272 3909 303 3950 ea
322 3895 433 3948 dicenda
451 3901 513 3950 suut
530 3911 598 3964 quae
614 3895 734 3952 Iulianus
753 3895 852 3950 scribit.
1066 3893 1067 3898 ’

305 3961 343 4018 21
367 3961 550 4018 Papinianus
576 3965 644 4020 libro
666 3983 738 4020 norro
764 3965 867 4018 decimo
895 3965 1080 4034 qaaestionem

275 4033 371 4102 '‘Rogo,
401 4045 434 4084 ιιι
457 4031 570 4088 Stichus·
593 4033 703 4090 alterius
731 4033 883 4088 servitutem
911 4033 1080 4102 experiatur’.

270 4099 387 4180 intellegi
419 4099 508 4154 datam
539 4101 769 4156 fideicommissam
800 4101 949 4156 libertatem
980 4101 1082 4168 placuit

1071 367 1134 454 itt

1537 401 1584 448 DE
1604 399 1926 450 rinmeonitlssnnlls

1129 569 1182 624 dici
1198 567 1256 624 fieri
1272 569 1379 634 liberos,
1401 573 1431 622 ut
1446 567 1557 640 perinde
1572 569 1681 622 libertas
1699 571 1839 638 competat,
1859 583 1890 622 ae
1904 571 1925 626 ei

1129 653 1255 706 praesens
1278 637 1351 692 solus
1378 637 1563 692 manumittere
1585 635 1724 706 potuisset.
1763 635 1833 708 quod
1856 637 1878 690 ιι
1896 653 1926 692 ex

1130 705 1212 760 servis
1229 721 1296 760 unus
1313 703 1464 772 decesserit,
1481 705 1620 760 siveiusta
1633 717 1761 760 excausa
1775 703 1845 760 absit
1856 705 1926 762 heres

1130 775 1183 828 siue
1205 773 1257 828 fari
1283 785 1337 828 non
1357 775 1443 844 possit
1465 789 1482 826 a
1503 791 1555 842 qno
1572 773 1755 842 peritomen,
1778 773 1926 828 decernente

1129 847 1252 910 praetore
1280 841 1346 896 duos
1371 841 1417 910 qui
1439 847 1583 910 supersunt
1604 841 1662 894 fieri
1683 841 1781 894 liberos
1805 843 1926 894 convenit.

1130 913 1144 960 2
1181 907 1247 962 (ium
1269 907 1294 962 is
1319 907 1364 976 qui
1385 909 1614 964 fideicommissam
1634 907 1780 962 libertatem
1799 913 1926 976 praestare

1130 975 1209 1030 debet
1231 975 1300 1030 iusta
1326 991 1360 1030 ex
1382 991 1464 1030 eausa
1481 977 1557 1030 abest
1574 981 1622 1030 aut
1637 975 1737 1030 latitat:
1760 981 1809 1028 aut
1829 975 1927 1042 quidam

1129 1047 1284 1112 praesentes
1304 1049 1374 1108 sunt,
1394 1045 1439 1096 alii
1456 1059 1489 1096 ex
1505 1043 1577 1096 iusta
1595 1059 1676 1098 causa
1693 1043 1798 1108 absunt,
1816 1045 1928 1098 nonnulli

1130 1109 1276 1164 frustrandi
1300 1111 1385 1178 gratia
1407 1111 1603 1164 fideicommissi
1626 1111 1729 1180 copiam
1751 1111 1794 1164 sui
1817 1125 1870 1162 non
1892 1111 1926 1162 f-

1131 1179 1218 1230 ciunt:
1242 1183 1288 1230 aut
1309 1179 1347 1244 ei,
1371 1177 1417 1246 qui
1433 1177 1582 1232 libertatem
1599 1177 1703 1244 debuit,
1727 1177 1803 1232 heres
1821 1193 1871 1232 non
1888 1195 1926 1230 ex·

1129 1243 1197 1298 titit:
1216 1249 1263 1300 aut
1283 1261 1346 1300 snus
1362 1247 1440 1300 heres
1457 1245 1604 1300 hereditate
1621 1261 1650 1300 se
1667 1245 1809 1300 abstinuit:
1847 1251 1928 1300 metor

1129 1313 1304 1380 pronuntiare
1322 1311 1401 1366 debet
1416 1327 1449 1366 ex
1462 1317 1619 1366 testamento
1635 1313 1712 1366 Lucii
1726 1311 1790 1364 Titii
1804 1261 1926 1366 fideicom-

1129 1381 1236 1434 missam
1251 1381 1401 1434 libertatem
1416 1383 1574 1446 competere.
1601 1377 1680 1446 idque
1695 1383 1803 1432 senatus
1817 1381 1927 1434 consulto

1130 1447 1342 1500 demonstratum
1359 1451 1408 1510 ιιι,
1432 1461 1484 1512 quo
1502 1453 1608 1498 senatus
1628 1447 1748 1500 consulto
1766 1447 1926 1512 comprehen-

1130 1529 1189 1566 sum
1206 1519 1260 1576 est,
1278 1527 1314 1566 ne
1332 1513 1442 1566 dubium
1459 1519 1486 1566 et
1504 1513 1645 1566 obscurum
1661 1519 1743 1576 esset,
1766 1513 1841 1566 cuius
1857 1513 1926 1566 liber·

1130 1585 1173 1632 tus
1187 1579 1271 1648 fieret,
1288 1585 1440 1648 praetorem
1455 1581 1627 1648 pronuntiare
1640 1579 1744 1644 debere,
1763 1581 1809 1648 qui
1822 1593 1853 1634 ex
1866 1581 1927 1636 iusta

1131 1663 1215 1702 causa
1233 1653 1259 1702 et
1277 1647 1324 1716 qui
1342 1647 1532 1702 detractandae
1548 1649 1679 1702 libertatis
1696 1649 1782 1718 gratia
1800 1647 1876 1702 absit.

1164 1711 1203 1772 23
1227 1715 1309 1768 Ionos
1328 1715 1396 1770 libro
1420 1731 1490 1768 nono
1511 1731 1701 1786 responsorum
1739 1715 1926 1768 Fideicommis·

1130 1783 1203 1838 saria
1228 1781 1339 1836 libertas
1363 1787 1506 1850 praetextu
1532 1781 1689 1852 compilatae
1712 1783 1865 1836 hereditatis
1888 1791 1929 1838 aut

1133 1855 1143 1902 1
1181 1849 1292 1904 rationis
1309 1857 1401 1918 gestae
1421 1867 1476 1904 uon
1493 1849 1620 1904 differtur.
1656 1849 1928 1906 Fideicommissariam

1130 1917 1280 1972 libertatem
1305 1917 1341 1972 ab
1367 1917 1464 1972 herede
1490 1933 1544 1972 non
1565 1919 1719 1986 praestitam
1743 1915 1875 1986 cogendus
1895 1927 1928 1974 est

1130 1987 1236 2038 heredis
1259 1987 1350 2050 heres,
1380 1987 1426 2052 qui
1447 1987 1563 2038 restituit
1586 2003 1617 2038 ex
1640 1985 1809 2040 Trebelliano
1830 1991 1927 2042 senatus

1132 2053 1253 2108 consulto
1276 2051 1463 2118 hereditatem,
1489 2059 1641 2120 praestare,
1668 2053 1691 2106 si
1717 2053 1774 2106 eius
1797 2067 1928 2120 personam

1132 2125 1146 2174 2
1182 2121 1262 2188 eligat
1292 2119 1337 2188 qui
1363 2119 1590 2176 manumittendus
1617 2125 1665 2176 est.
1706 2119 1816 2174 Servum
1841 2119 1928 2188 peculii

1132 2189 1288 2256 castrensis,
1313 2203 1392 2256 quem
1412 2191 1489 2254 pater
1505 2187 1701 2242 fideicommissi
1717 2189 1804 2242 serbis
1822 2203 1839 2240 a
1854 2187 1927 2254 legiti-

1131 2257 1181 2312 mis
1198 2257 1261 2312 filiis
1279 2255 1422 2310 heredibus
1439 2255 1548 2310 liberari
1565 2257 1656 2320 uoluit,
1673 2255 1757 2308 filium
1772 2255 1880 2308 militem
1895 2257 1929 2312 rel

1131 2325 1177 2392 qui
1199 2323 1334 2390 militavit,
1364 2323 1386 2378 si
1411 2323 1497 2392 patris
1522 2325 1600 2380 heres
1625 2323 1726 2386 extitit,
1755 2323 1928 2380 manumittere

1132 2393 1278 2460 cogendum
1306 2393 1447 2462 respondi,
1475 2393 1599 2460 quoniam
1628 2391 1764 2460 proprium
1796 2391 1928 2446 manumis-

1132 2461 1198 2514 sisse
1213 2461 1357 2514 ‘defunctus
1374 2465 1437 2530 post
1460 2461 1628 2516 donationem
1650 2461 1678 2512 iu
1700 2459 1782 2514 filium
1800 2459 1929 2512 ιοιιιιιιιι5

1133 2527 1303 2588 existimavit:
1322 2527 1471 2596 portionem
1488 2529 1557 2582 enim
1574 2543 1592 2582 a
1608 2527 1691 2580 fratre
1709 2527 1814 2580 domino
1831 2527 1929 2582 fratrem

1131 2595 1296 2662 eundemque
1315 2595 1471 2650 coheredem
1490 2595 1557 2650 citra
1572 2595 1698 2650 damnum
1710 2593 1853 2650 uoluntatis
1868 2595 1928 2650 redi-

1132 2677 1203 2716 mere
1220 2679 1275 2716 non
1292 2663 1447 2730 cogendum.
1474 2679 1524 2716 nec
1538 2665 1572 2716 ob
1587 2663 1698 2716 eundem
1712 2677 1829 2716 errorem
1841 2669 1928 2728 cetera,

1133 2745 1200 2800 quae
1208 2737 1286 2798 pater
1299 2731 1327 2782 in
1339 2731 1477 2784 ιιιιιιιιιιιιθ
1490 2731 1644 2800 profecturo
1658 2731 1711 2784 filio
1724 2731 1839 2794 donarit,
1853 2731 1928 2796 fratri,

1133 2799 1179 2866 qui
1195 2799 1293 2854 mansit
1308 2799 1336 2852 in
1352 2803 1485 2866 potestate
1493 2801 1512 2864 ⁷,
1535 2797 1707 2866 conferenda,
1730 2815 1791 2856 eum
1807 2799 1929 2866 peculium

1133 2871 1268 2922 castrense
1284 2867 1355 2920 filius
1379 2867 1458 2920 etiarn
1474 2867 1543 2920 inter
1560 2865 1690 2934 legitimos
1707 2865 1819 2920 heredes
1837 2869 1929 2936 praeci-

1133 2939 1146 2988 3
1181 2951 1266 3004 puum
1278 2935 1401 2988 retineat.
1427 2935 1518 2988 Etiam
1533 2933 1779 2990 fideicommissaria
1796 2935 1930 2990 libertast

1115 3001 1185 3058 filio
1203 3007 1266 3072 post
1283 3007 1384 3058 certam
1401 3007 1516 3058 aetatem
1533 3001 1590 3058 eius
1608 3001 1683 3068 data,
1706 3003 1729 3058 si
1747 3003 1782 3058 ad
1799 3019 1857 3058 eam
1873 3019 1930 3074 puer

1132 3087 1187 3124 non
1209 3071 1341 3140 pervenit,
1364 3073 1398 3124 ab
1422 3071 1519 3128 herede
1541 3071 1589 3124 filii
1609 3071 1769 3140 praestituta
1786 3071 1828 3126 die
1844 3071 1929 3126 redda-

1133 3141 1207 3194 tur‘:
1240 3157 1320 3208 quam
1340 3141 1497 3196 seutentiam
1519 3139 1578 3196 iure
1600 3139 1728 3208 singulari
1750 3145 1883 3210 receptam
1902 3139 1929 3194 ad

1133 3213 1223 3264 cetera
1250 3207 1471 3266 ιιιιιιοιιιιιιιιιι9
1499 3209 1594 3262 ιιιιιιι
1622 3209 1722 3276 porrigi
1748 3223 1803 3262 non
1830 3211 1929 3278 placuit.

1132 3281 1149 3332 4
1184 3277 1293 3330 Servum
1310 3291 1326 3330 a
1343 3277 1397 3332 filio
1415 3283 1477 3346 post
1494 3277 1610 3346 quinque
1628 3291 1720 3340 annos,
1739 3277 1762 3332 si
1776 3291 1808 3330 eo
1822 3283 1930 3346 tempore

1131 3345 1278 3400 mercedem
1297 3343 1419 3398 diurnam
1435 3343 1489 3400 fifio
1512 3345 1701 3412 praestitisset,
1724 3345 1874 3398 manumitti
1892 3361 1929 3400 vo·

1131 3413 1195 3466 luit:
1214 3413 1320 3468 biennio
1337 3413 1458 3482 proximo
1475 3417 1585 3482 vagatus
1602 3429 1657 3468 non
1674 3413 1857 3482 praestiterat:
1876 3429 1929 3466 con-

1133 3481 1237 3536 dioione
1255 3481 1374 3538 defectus
1392 3481 1539 3536 videbatur.
1567 3481 1590 3536 si
1604 3487 1695 3538 tamen
1709 3481 1785 3536 heres
1799 3481 1868 3536 filius
1883 3485 1931 3544 tant

1132 3553 1233 3604 tutores
1244 3551 1310 3616 eius)
1321 3549 1495 3604 ministerium
1505 3551 1630 3672 ιιιιιὲιιι
1638 3549 1773 3604 biennium
1782 3551 1899 3624 elegisset
1907 3553 1930 3614 ²⁰,

1132 3633 1191 3674 eam
1208 3633 1276 3684 rem,
1301 3635 1333 3672 ιιι
1352 3619 1497 3688 praeterito
1520 3635 1572 3686 qno
1607 3637 1656 3688 per
1673 3619 1796 3674 heredem
1815 3619 1930 3682 stetisset,

1131 3685 1318 3812 imEedimento
1342 3687 1465 3742 residuae
1487 3685 1638 3742 condicioni
1658 3703 1713 3742 non
1733 3703 1793 3742 esse
1814 3687 1929 3742 constitit.

1167 3753 1207 3812 ‘4
1230 3753 1375 3810 Uarianos
1390 3757 1570 3826 libroqttinto
1586 3755 1851 3824 fideicommissorum
1886 3753 1929 3808 Go-

1132 3823 1259 3878 neraliter
1276 3823 1393 3878 dicemus
1411 3839 1457 3884 eos
1474 3839 1554 3892 posse
1571 3823 1841 3878 fideicommissariam
1861 3823 1930 3876 liher-

1131 3895 1216 3946 tatem
1238 3891 1416 3956 rescriberem
1429 3891 1475 3960 qui
1499 3889 1733 3946 fideicommissum
1757 3891 1931 3960 pecuniarium

1134 3963 1146 4012 1
1178 3965 1296 4042 possunt
1313 3961 1469 4030 relinquere.
1503 3959 1541 4012 Et
1550 3959 1684 4084 (principis
1703 3975 1777 4016 servo
1797 3961 1839 4014 vel
1854 3959 1931 4014 muni·

1133 4027 1195 4098 cipri
1219 4033 1245 4084 ιι
1268 4029 1375 4084 cuius1‘
1398 4028 1509 4084 alterius
1530 4027 1549 4082 fi
1569 4027 1733 4084 eicommissa
1758 4029 1866 4084 libertas
1891 4027 1931 4082 ad·

1132 4103 1147 4150 2
1183 4097 1284 4166 scripta
1301 4099 1379 4150 salet.
1415 4099 1539 4152 Hostium
1562 4111 1638 4152 servo
1660 4099 1683 4150 si
1698 4097 1932 4152 fideicommissario

270 4169 398 4240 principi:
427 4169 490 4236 quid
519 4169 588 4222 enim
616 4177 672 4224 tam
699 4169 862 4224 contrarium
891 4175 933 4222 est
960 4169 1081 4222 servituti
1130 4165 1272 4220 liberiore
1292 4165 1374 4222 fuerit
1397 4165 1544 4234 adscripta,
1568 4171 1659 4234 potest
1680 4165 1803 4230 tractari,
1829 4181 1862 4220 ιιι
1885 4179 1932 4220 noo

272 4253 351 4306 quam
368 4237 495 4290 libertas?
519 4253 568 4290 neo
591 4243 681 4292 tamen
698 4237 775 4306 quasi
797 4243 859 4306 post
876 4241 988 4292 mortem
1004 4237 1081 4292 here·
1131 4235 1167 4288 sit
1182 4233 1317 4290 inefficax.
1352 4239 1379 4288 et
1395 4233 1518 4290 fortassis
1537 4235 1596 4304 quis
1614 4235 1710 4288 dixerit
1726 4233 1863 4302 iudignum
1882 4247 1932 4288 esso

272 4307 312 4360 dis
336 4305 400 4358 data
422 4303 567 4360 ridebitur:
597 4307 669 4372 quod
692 4321 722 4360 eo
746 4307 875 4374 pertinet,
899 4309 942 4372 ut,
967 4305 1080 4360 siricus
1132 4303 1215 4356 civem
1237 4303 1389 4356 Romanum
1415 4303 1474 4358 fieri
1501 4301 1617 4356 hostium
1645 4317 1763 4356 servum:
1793 4303 1840 4358 sed
1865 4303 1932 4356 siin

272 4391 332 4428 enm
347 4373 505 4434 alienaverit,
525 4371 664 4426 confestim
681 4375 790 4426 libertas
805 4377 914 4440 petatur
930 4389 980 4428 nec
997 4373 1082 4442 prosit
1133 4387 1228 4426 casum,
1241 4371 1415 4438 relinquatur,
1433 4371 1462 4424 in
1479 4387 1557 4438 quem
1573 4375 1665 4426 noster
1682 4387 1740 4426 esse
1757 4369 1859 4438 incipit,
1878 4367 1932 4438 quid

271 4441 306 4494 ad
326 4439 519 4508 impediendam
541 4439 673 4500 libertatis
700 4441 869 4506 petitionem,
895 4441 918 4492 si
941 4441 1082 4494 redemerit
1133 4445 1146 4492 3
1181 4437 1687 4508 prohibetdioerelibertatemvalere?
1709 4437 1737 4492 Si
1746 4439 1848 4492 homini
1856 4437 1932 4492 libero

272 4523 346 4574 enm,
366 4507 441 4562 cuiue
461 4507 540 4562 semel
559 4507 679 4562 condicio
698 4507 792 4560 extitit.
828 4505 898 4560 idem
915 4509 1081 4574 probandum
1131 4505 1213 4560 inerit
1229 4507 1338 4560 libertas
1355 4513 1404 4576 per
1421 4505 1653 4560 fideicommissum
1670 4505 1805 4574 adscripta
1826 4511 1853 4560 et
1872 4505 1932 4558 isin

272 4581 312 4630 est
335 4581 363 4630 ιι
383 4577 408 4630 ιι
428 4593 483 4630 oon
504 4573 655 4630 voluntaria
679 4575 803 4630 alienatio
826 4575 859 4628 ab
886 4575 985 4630 herede
1007 4575 1081 4630 facta
1132 4575 1287 4630 servitutem
1303 4573 1428 4630 redactus
1445 4579 1625 4644 proponatur,
1649 4577 1739 4642 petere
1775 4579 1845 4630 otest
1860 4573 1932 4628 liber·

272 4651 325 4698 eet:
344 4659 393 4698 neo
410 4643 599 4712 refragabitur,
623 4643 695 4710 quod
715 4659 770 4696 non
786 4657 835 4710 per
851 4643 939 4712 ipsum
956 4645 1080 4698 alienatio
1131 4647 1225 4708 tatem,
1250 4643 1368 4696 simodo
1386 4643 1478 4696 mortis
1496 4649 1615 4712 tempore
1631 4641 1674 4696 vel
1691 4657 1742 4696 oon
1763 4641 1854 4696 'sionis
1873 4643 1932 4696 eris·

272 4711 345 4766 iacta
362 4717 411 4766 est.
445 4711 496 4764 fuit
518 4711 588 4764 euim
611 4709 688 4778 quasi
708 4711 849 4764 statuliber
869 4717 897 4764 et
914 4727 1080 4780 quacumque
1132 4715 1149 4762 4
1182 4709 1263 4766 tentis
1280 4711 1429 4764 inveniatur
1446 4725 1547 4764 servus.
1577 4709 1658 4764 Servo
1677 4709 1742 4772 eius,
1760 4711 1807 4776 qui
1824 4709 1932 4762 nondum

272 4779 375 4834 ratione
393 4777 513 4834 conditio
529 4777 639 4846 impleta
655 4783 704 4830 est.
1062 4787 1067 4792 '
1131 4777 1160 4830 in
1176 4779 1256 4832 rebus
1274 4779 1396 4834 humanis
1413 4783 1462 4844 est,
1479 4779 1590 4834 libertas
1607 4783 1680 4830 recte
1694 4793 1743 4846 per
1756 4777 1932 4830 fideicommis-

305 4843 346 4902 22
364 4847 443 4902 Ioco!
458 4847 525 4900 libro
543 4847 686 4900 vicensimo
703 4845 819 4898 recaredo
838 4847 1022 4914 quaestionum
1053 4847 1081 4900 si
1132 4849 1146 4900 5
1176 4861 1242 4908 ιιιιιι
1267 4847 1433 4914 relinquitur.
1474 4845 1503 4900 Si
1528 4861 1619 4900 servus
1646 4843 1675 4898 in
1700 4845 1836 4898 metallum
1860 4843 1934 4898 fuerit

272 4915 399 4984 legatario
425 4915 503 4968 fundi
524 4915 615 4968 decem
637 4913 716 4982 pretii
738 4913 842 4968 nomine
865 4915 960 4968 relicta
983 4915 1081 4968 sintin
1132 4915 1281 4978 damnatus,
1299 4915 1449 4968 libertatem
1467 4929 1575 4982 sperare
1592 4929 1647 4966 non
1658 4913 1764 4980 poterit.
1792 4913 1856 4982 quid
1868 4927 1932 4982 crgo,

272 4983 335 5048 hoc,
358 4985 405 5036 ut‘
429 4999 534 5036 serrum
556 4999 633 5036 suum
656 4981 838 5046 manumittat,
863 4981 982 5050 quamvis
1005 4981 1081 5036 fundi
1132 4983 1155 5036 si
1178 4981 1422 5038 fideicommissario
1445 4981 1555 5036 libertas
1580 4981 1604 5036 ei
1627 4981 1721 5034 relicta
1746 4981 1782 5034 sit
1806 4987 1832 5034 et
1853 4993 1934 5050 poena

271 5051 387 5118 legatum
400 5047 563 5116 adgnoverit,
581 5049 605 5102 si
620 5055 710 5100 tamen
728 5047 858 5116 pecuniae
875 5055 987 5116 propter
998 5049 1081 5104 inter·
1130 5051 1230 5104 metalli
1246 5051 1411 5116 indulgentia
1427 5049 1554 5118 principis
1573 5049 1608 5102 sit
1622 5047 1772 5104 liberatus?
1798 5053 1825 5102 et
1841 5053 1881 5102 est
1897 5065 1932 5102 re-

272 5123 378 5170 ventum
400 5117 536 5170 Falcidiae
558 5133 612 5170 non
640 5115 807 5182 adgnoverit,
835 5119 969 5184 cogendus
992 5123 1032 5170 est
1055 5123 1081 5170 ot
1132 5117 1261 5182 scriptum
1283 5119 1317 5172 ab
1343 5119 1503 5186 imperatore
1528 5121 1619 5170 nostro
1646 5117 1717 5170 hunc
1742 5117 1770 5168 iu
1798 5115 1932 5170 dominium

272 5185 412 5250 pecuniam
437 5185 557 5254 accipere
579 5185 672 5236 habita
692 5183 758 5250 legis
776 5185 912 5238 Falcidiae
935 5185 1038 5238 ratione
1055 5191 1081 5238 et
1131 5185 1228 5252 prioris
1252 5185 1350 5238 domiui
1373 5201 1427 5239 non
1449 5185 1568 5238 restitui:
1598 5185 1674 5238 onius
1697 5191 1787 5252 tamen
1811 5183 1857 5254 sit,
1886 5197 1932 5236 non

272 5265 347 5304 servo
369 5251 639 5306 fideicommissariam
661 5251 813 5304 libertatem
838 5257 990 5320 praestare,
1020 5269 1081 5304 eum
1132 5251 1254 5304 adicitur.
1291 5259 1362 5306 certe
1385 5269 1446 5306 oum
1470 5251 1529 5304 fisci
1553 5251 1698 5318 efficiatur,
1722 5267 1831 5318 sperare
1853 5253 1934 5318 potest

275 5323 286 5368 l
323 5317 405 5370 semel
425 5317 502 5370 fundi
522 5317 639 5386 legatum
662 5317 795 5384 adgnovit
828 5323 854 5370 A
876 5321 982 5372 duobus
1004 5319 1080 5372 here·
1132 5323 1148 5372 fi
1181 5317 1454 5374 fideicommissariam
1467 5317 1626 5372 libertatem.
1650 5319 1695 5372 Ex
1708 5319 1833 5372 damnata
1845 5319 1874 5372 in
1886 5335 1933 5372 me·

272 5383 349 5436 dibus
366 5383 413 5450 qui
429 5389 482 5438 tres
501 5401 589 5438 servos
613 5385 731 5438 ilabebat
751 5385 830 5452 petit,
854 5391 885 5438 ut
902 5385 969 5440 duos
988 5401 1022 5438 ex
1039 5385 1080 5440 his
1130 5383 1224 5440 talium
1240 5391 1368 5452 concepto
1384 5391 1411 5438 et
1424 5389 1488 5438 nato
1502 5383 1747 5440 fideicommissario
1760 5387 1870 5440 libertas
1883 5383 1933 5440 dari

272 5465 339 5518 quos
364 5449 509 5506 voluissent
530 5453 731 5506 manumittant:
758 5451 842 5506 altero
867 5453 995 5508 heredum
1019 5453 1080 5506 lati·
1130 5453 1242 5520 poterit:
1262 5453 1325 5522 quid
1337 5453 1442 5518 mirum,
1458 5467 1519 5506 cum
1532 5453 1612 5506 etiam
1624 5453 1779 5506 venumdari
1790 5469 1850 5506 eum
1860 5467 1934 5524 posse

272 5521 346 5572 tante
363 5517 431 5572 alter
448 5517 578 5584 declarat,
601 5535 667 5588 qnos
685 5519 748 5574 velit
764 5521 957 5576 manumittere.
992 5525 1080 5590 potest
1131 5527 1145 5572 i
1183 5521 1259 5588 quasi
1276 5525 1380 5576 serrum
1397 5519 1473 5574 divus
1487 5519 1725 5590 Pius'resoripsit?
1750 5521 1778 5576 Si
1794 5523 1935 5592 petitume

272 5693 301 5754 ιι]
319 5687 633 5756 cicccc.B,snsceperitF
710 5695 743 5756 (a)
761 5695 880 5758 competit
888 5695 936 5746 dei.
1003 5679 1034 5758 (ι)
1053 5695 1082 5746 id
1129 5675 1393 5764 iiliumeollatumscr.
1453 5697 1486 5762 (a)
1505 5685 1634 5746 militiaF
1679 5697 1709 5762 ιι)
1727 5695 1756 5746 in
1764 5697 1884 5764 potestate
1892 5695 1935 5750 dci.

273 5769 322 5812 cst:
339 5757 584 5824 lieetunumpedem
597 5761 624 5810 in
638 5761 751 5826 sepulcro
765 5761 879 5826 habeam,
894 5761 1020 5812 addiscere
1034 5761 1079 5824 uii-
1131 5762 1165 5825 (8)
1184 5761 1371 5826 reddeturHoL
1454 5767 1487 5830 (ι)
1505 5763 1754 5828 fideicommissum.
1831 5767 1877 5830 (ιι)
1895 5765 1935 5818 eli·

274 5827 429 5888 quidrelim.
517 5833 548 5890 ιι)
566 5833 595 5876 :it
611 5849 652 5878 ou.
668 5831 693 5878 F
775 5833 805 5886 (sl
824 5845 868 5890 per
881 5831 1040 5878 donationem
1052 5829 1077 5878 in
1130 5831 1240 5892 gissctfi
1304 5835 1344 5896 ιιι)
1363 5833 1535 5884 cuiusviscdcl.
1603 5835 1647 5896 ilai
1667 5835 1790 5888 adinaF
