4366 6258
270 355 328 420 XV
350 361 408 420 aa

269 537 383 592 fundum
405 537 475 606 patri
498 537 637 590 dominove
660 535 723 590 emit
746 549 837 590 servus
855 535 896 592 vel
912 535 982 590 filius
999 535 1076 588 iami-

269 607 326 664 lias,
342 619 446 658 versum
464 603 570 672 quidem
587 619 645 656 esse
660 601 774 664 videtur,
791 601 830 656 ita
847 609 949 666 tamen,
967 607 1005 664 ut,
1024 603 1078 654 sive

270 669 378 724 minoris
395 671 444 734 sit,
471 685 550 738 quam
574 675 615 722 est
638 673 756 736 emptus,
782 671 886 726 tantum
908 671 1027 724 videatur
1049 669 1077 720 in

270 753 325 790 rem
343 751 446 790 versum
465 737 558 804 quanti
576 737 669 804 dignus
693 735 743 800 sit,
767 737 822 790 sive
842 739 925 806 pluris
948 737 996 796 sit,
1022 751 1075 788 nen

269 805 329 872 plus
346 803 466 856 videatur
482 803 510 856 in
527 819 582 856 rem
598 819 702 856 versum
719 819 799 872 quam
817 811 920 874 emptus
938 809 987 856 est.

306 865 343 925 13
367 869 512 924 Uarianos
527 869 594 924 libro
611 871 755 924 vicensimo
772 887 844 926 conc
858 871 896 926 cd
909 871 1023 924 edictum
1049 869 1078 924 Si

269 935 297 1014 in
313 949 368 988 rem
386 937 492 990 alterius
511 951 543 990 ex
557 937 669 992 dominis
683 953 789 994 versum
803 941 847 1004 sit,
866 945 953 992 utrum
965 937 989 990 is
1004 937 1077 994 solus

269 1019 298 1056 ιιι
315 1003 389 1056 cuins
407 1021 462 1058 rem
478 1019 582 1058 versum
600 1011 641 1058 est
658 1019 693 1058 an
710 1013 738 1060 et
761 1009 850 1062 socius
873 1007 957 1074 possit
981 1021 1076 1060 conve-

269 1069 334 1134 niri,
352 1071 494 1138 quaeritur.
522 1079 548 1124 et
565 1071 684 1126 Iulianus
707 1075 800 1126 scribit
823 1089 882 1126 ιιιιιι
905 1073 990 1126 solum
1013 1087 1076 1126 con·

269 1135 352 1192 veniri
368 1137 395 1192 in
413 1139 489 1192 cuius
506 1153 561 1192 rem
578 1153 681 1192 versum
700 1147 749 1206 est,
766 1141 846 1194 sicuti
860 1153 918 1192 cum
934 1140 1007 1194 solus
1021 1141 1075 1192 ius-

270 1207 318 1260 sit:
337 1219 414 1272 qoam
432 1205 589 1260 senteutiam
605 1213 672 1274 pute
689 1225 785 1264 veram.

307 1269 519 1328 111unmnns¹
538 1273 605 1326 libro
626 1279 765 1330 undecimo
789 1273 821 1328 ut
837 1277 961 1326 estonum.
996 1273 1077 1328 Maa-

274 1353 379 1416 cnutus
391 1347 482 1392 notat:
499 1339 634 1394 Interdum
653 1349 679 1396 et
695 1347 806 1412 propter
818 1291 874 1392 (οι
892 1341 961 1408 quod
978 1341 1006 1396 in
1020 1357 1076 1394 rem

270 1405 378 1460 altenus
396 1407 462 1460 socii
479 1423 583 1462 versum
600 1415 640 1462 est
657 1411 734 1464 dein
751 1423 807 1462 rem
824 1421 900 1460 terso
919 1423 978 1462 cum
992 1409 1075 1462 altero

271 1473 312 1542 agi
329 1477 423 1540 potest,
442 1475 487 1542 qui
505 1483 649 1530 conventus
667 1493 684 1530 a
701 1477 774 1530 socio
792 1477 882 1542 petere
899 1481 988 1542 potest
1003 1477 1032 1528 id
1048 1477 1077 1528 in

272 1541 342 1608 quo²
359 1541 498 1596 damnatus
516 1543 603 1596 fuerit.
631 1543 695 1612 quid
713 1543 783 1596 enirn
800 1541 932 1606 dicemus,
956 1543 978 1596 si
995 1559 1076 1610 pecu-

270 1609 334 1662 lium
349 1625 423 1662 servo
440 1609 474 1664 ab
487 1611 570 1666 altero
584 1611 735 1680 ademptum
750 1609 849 1662 fuerit?
875 1609 999 1664 Pronus:
1016 1627 1075 1678 ergo

271 1679 337 1732 haec
361 1679 480 1746 quaestio
503 1681 541 1734 ita
564 1679 697 1750 procedit,
724 1679 747 1732 si
773 1677 805 1730 de
831 1677 935 1746 peculio
959 1679 1000 1746 agi
1023 1693 1077 1732 non

270 1751 366 1814 potest.

307 1811 344 1870 15
359 1813 505 1868 Uarianos
517 1815 585 1870 libro
599 1813 768 1868 secundariis
788 1813 938 1866 arationum
964 1813 992 1866 Si
1005 1813 1076 1866 lilius

270 1879 383 1936 familias
401 1881 567 1938 constituerit
581 1881 650 1950 quod
664 1885 741 1948 pater
775 1881 855 1944 abuit,
874 1879 1012 1934 videndum
1028 1887 1076 1944 est,

271 1963 306 2002 an
328 1949 408 2004 dein
430 1967 485 2004 ιιιιι
508 1965 583 2004 verso
606 1949 677 2002 actio
701 1947 760 2000 dari
782 1947 886 2002 debeat.
914 1949 1005 2016 atquin
1022 1965 1077 2002 non

270 2017 389 2070 liberavit
406 2023 522 2086 patrem:
541 2033 602 2070 nam
636 2017 664 2070 ui
682 2017 828 2080 coustituit,
847 2017 994 2086 sequidem
1009 2017 1075 2070 obli-

271 2093 330 2152 gat,
353 2093 455 2154 patrem
477 2101 539 2138 vero
557 2099 610 2138 non
639 2083 730 2136 barat.
759 2083 839 2152 plane
857 2081 879 2136 si
897 2083 999 2138 solvat³
1015 2091 1078 2152 post

272 2155 458 2218 constitutum,
481 2151 543 2206 licet
560 2167 607 2220 pro
627 2167 656 2206 te
672 2151 794 2222 videatur
817 2150 941 2216 solvisse,
963 2151 1014 2206 hoc
1037 2155 1077 2204 est

270 2221 304 2274 ob
321 2221 350 2274 id
367 2221 438 2290 quod
455 2221 606 2284 constituit,
630 2221 657 2272 in
681 2233 737 2272 rem
759 2221 974 2274 tamen'vertisse
993 2219 1076 2290 patris

270 2289 363 2344 merito
381 2289 491 2344 dicetur.

305 2353 343 2412 16
370 2359 507 2410 Arrrrus
530 2353 597 2410 libro
621 2353 740 2408 secundo
766 2353 930 2426 clipeatorum
965 2353 1077 2422 Quidam

269 2423 379 2478 fundum
404 2421 542 2476 colendum
564 2437 639 2476 servo
662 2437 711 2476 suo
734 2423 832 2476 locavit
849 2431 876 2476 et
892 2425 972 2478 hoves
992 2425 1014 2476 ei
1032 2423 1077 2476 dc·

271 2491 358 2544 derat:
384 2505 444 2544 curn
461 2489 489 2542 bi
506 2491 586 2544 boves
603 2505 657 2542 non
674 2497 763 2542 essent
780 2489 883 2554 idonei,
901 2493 1015 2546 iusserat
1032 2505 1077 2544 eos

269 2557 357 2612 venire
378 2563 405 2612 et
426 2557 468 2610 his
490 2557 603 2610 nummis
626 2557 671 2638 qui
695 2573 756 2610 rece
773 2557 794 2610 ti
812 2565 901 2614 essent
918 2559 984 2614 alios
1001 2575 1077 2626 repa·

269 2627 336 2680 rari:
354 2641 444 2680 servus
462 2627 543 2680 boves
559 2625 721 2690 vendiderat,
768 2625 806 2680 'os
824 2627 984 2692 redemerat,
1002 2641 1077 2680 num·

269 2711 326 2748 mos
353 2693 483 2748 venditori
509 2695 714 2760 consuluerat,
742 2701 837 2762 postea
860 2697 1077 2750 conturbaverat:

271 2761 315 2830 qui
336 2763 416 2818 boves
440 2761 594 2816 vendiderat
611 2779 732 2818 nummos
750 2779 767 2816 a
785 2761 890 2818 domino
908 2766 1015 2832 petebat
1032 2779 1077 2816 ac·

269 2833 342 2884 tione
366 2831 399 2884 de
426 2831 528 2898 peculio
555 2835 602 2884 aut
625 2831 696 2900 quod
718 2831 747 2884 in
770 2845 827 2884 rem
851 2831 948 2884 domini
974 2845 1077 2884 versum

270 2907 348 2962 esset,
367 2915 427 2954 cum
445 2899 525 2952 boves
542 2913 590 2968 pro
609 2899 705 2968 quibus
719 2899 836 2968 pecunia
849 2905 984 2966 peteretur
996 2915 1077 2968 penes

270 2965 402 3020 domnum
427 2971 521 3020 essent.
549 2967 685 3034 respondit
707 2983 761 3022 non
785 2965 868 3022 videri
890 2967 986 3034 peculii
1004 2967 1077 3034 quic-

270 3051 348 3102 quam
366 3049 432 3098 esse,
449 3033 500 3088 nisi
518 3035 540 3088 si
558 3035 621 3102 quid
639 3035 754 3088 deducto
773 3051 814 3100 eo,
833 3035 904 3104 quod
922 3049 1011 3088 servus
1030 3035 1077 3088 do-

269 3103 340 3156 minc
350 3103 492 3166 debuisset,
506 3103 636 3170 reliquum
650 3103 739 3158 lieret:
754 3103 821 3156 illud
837 3103 887 3158 sibi
901 3103 982 3156 videri
997 3103 1077 3156 boves

270 3169 374 3238 quidem
392 3171 419 3224 in
437 3187 491 3224 rem
515 3169 613 3224 domini
635 3185 725 3226 versos
751 3187 824 3236 esse,
851 3169 899 3226 sed
921 3187 969 3240 pro
994 3185 1026 3226 ea
1049 3187 1078 3224 re

269 3239 377 3292 solvisse
393 3243 512 3304 tautum,
537 3237 630 3306 quanti
651 3239 755 3308 priores
778 3241 859 3294 boves
882 3239 1026 3292 venissent:
1055 3239 1077 3292 si

270 3323 321 3374 quo
342 3305 474 3374 amplioris
491 3307 620 3376 pecuniae
635 3307 795 3376 posteriores
810 3307 891 3362 boves
906 3313 1003 3370 essent,
1021 3307 1077 3360 eius

270 3379 391 3442 oportere
409 3373 543 3428 domiuum
561 3373 738 3428 condemnari,

306 3439 342 3498 17
366 3443 535 3496 Αιιιιιιιιιι
554 3441 621 3496 libro
645 3449 738 3498 octavo
761 3443 945 3512 quaestionum
981 3439 1076 3496 Servus

269 3509 297 3562 in
320 3523 374 3562 rem
398 3509 496 3564 domini
519 3509 658 3578 pecuniam
680 3517 817 3564 mutuatus
842 3511 898 3562 sine
922 3509 1001 3576 culpa
1019 3525 1076 3562 eam

270 3575 396 3644 perdidit:
421 3577 501 3630 nihilo
526 3577 611 3630 minus
629 3593 708 3646 posse
726 3595 786 3632 cum
804 3577 909 3630 domino
928 3577 960 3630 de
977 3577 1005 3630 in
1021 3593 1076 3630 rem

270 3659 345 3698 verso
363 3643 404 3712 agi
422 3645 586 3698 existimavit.
619 3661 681 3698 nam
699 3649 725 3706 et
743 3645 766 3698 si
782 3649 942 3712 procurator
958 3661 1032 3698 meus
1049 3645 1076 3698 in

270 3711 375 3780 negotia
382 3713 615 3780 meaimpensurus
624 3713 765 3780 pecuniam
775 3717 912 3766 mutuatus
929 3713 985 3766 sine
998 3713 1076 3780 culpa

272 3793 329 3832 eam
345 3779 519 3846 perdiderim,
542 3787 615 3834 recte
633 3795 692 3834 eum
708 3781 761 3832 boc
779 3779 886 3834 numism
902 3781 1020 3834 mandati
1036 3781 1077 3832 vel

272 3853 283 3898 1
320 3847 483 3916 negotiorum
499 3853 632 3916 gestorum
650 3853 780 3902 acturum.
816 3847 882 3900 Cum
897 3847 987 3902 Sticho
1005 3847 1075 3902 vica·

270 3915 311 3968 rio
327 3915 393 3970 servi
410 3915 450 3970 tui
467 3915 597 3982 Pamphili
615 3917 750 3970 contraxi:
776 3917 847 3970 aedo
872 3915 903 3968 de
926 3917 1031 3982 peculio
1049 3923 1076 3970 et

270 3983 298 4036 in
314 3999 369 4036 rem
386 3999 460 4036 verso
478 3985 516 4036 ita
533 3983 590 4036 dari
613 3983 705 4048 debet,
728 3989 771 4048 ut,
797 3981 868 4064 quod
891 3983 931 4036 vel
953 3983 980 4036 in
1003 3991 1076 4036 tuam

270 4051 351 4120 ipsius
367 4065 421 4104 rem
435 4051 477 4104 vel
489 4051 517 4104 in
531 4051 663 4120 peculium
677 4051 809 4120 Pamphib
824 4067 927 4104 versum
943 4051 984 4114 sit,
1004 4067 1075 4104 com·

270 4117 456 4186 prehendatur,
472 4119 572 4174 scilicet
586 4119 687 4174 etiamsi
696 4125 801 4172 mortuo
810 4119 851 4172 vel
861 4119 974 4174 alienato
985 4117 1075 4172 Sticho

271 4191 371 4254 agatur.
398 4187 469 4256 quod
487 4187 509 4240 si
526 4185 663 4256 Pamphilo
682 4193 786 4240 mortuo
805 4201 896 4254 agam,
920 4187 1002 4254 magis
1025 4193 1074 4250 cst,

270 4261 309 4318 ut,
326 4255 444 4324 quamvis
462 4255 567 4308 Stichus
585 4255 662 4318 uvat,
680 4261 770 4306 tamen
786 4253 819 4306 de
838 4269 877 4316 co,
896 4255 966 4324 quod
983 4255 1011 4306 in
1028 4269 1074 4324 pe·

272 4321 339 4376 culio
362 4321 493 4390 Pamphili
518 4339 621 4376 versum
648 4327 702 4386 est,
728 4337 782 4374 nou
808 4321 859 4374 nisi
884 4321 954 4374 intra
977 4337 1077 4376 annum

272 4405 350 4458 quam
366 4389 389 4442 is
407 4391 520 4444 decessit
537 4391 607 4444 actio
625 4389 682 4442 dari
701 4389 810 4444 debeat:
836 4391 931 4442 etenim
949 4389 1076 4458 quodam-

271 4459 348 4512 modo
367 4457 399 4510 de
414 4459 518 4528 peculio
536 4457 666 4524 Pamphili
683 4463 740 4512 tum
759 4457 872 4524 experiri
894 4457 1016 4522 videbor,
1040 4459 1075 4512 si-

272 4527 325 4580 cuti
343 4525 378 4588 si,
396 4525 467 4594 quod
482 4527 557 4580 iussu
575 4525 630 4580 eins
650 4525 832 4588 credidissem,
857 4525 1002 4594 experirer:
1026 4541 1076 4578 nee

270 4609 319 4648 nos
335 4609 438 4648 movere
455 4593 540 4656 debet,
559 4591 630 4662 quod
645 4591 751 4646 Stichus
767 4593 800 4646 de
814 4591 889 4646 cuius
903 4593 1006 4660 peculio
1022 4593 1076 4660 agi-

270 4667 314 4714 tur
336 4663 420 4726 vivat,
444 4661 549 4730 quando
572 4677 627 4714 non
650 4661 726 4714 aliter
743 4675 776 4714 ea
792 4675 834 4714 res
851 4659 880 4712 in
896 4661 1000 4726 peculio
1019 4663 1075 4714 eins

272 4745 328 4784 esse
344 4735 440 4798 potest,
477 4745 537 4782 uam
555 4729 577 4780 si
593 4729 723 4798 Pamphili
760 4729 875 4780 eculium
891 4735 1005 4780 mancat.
1031 4743 1076 4782 ea-

272 4797 329 4850 dem
345 4797 414 4850 ratio
432 4747 542 4860 efficiet,
565 4801 596 4850 ut
617 4795 660 4858 id,
684 4745 758 4864 quod
777 4795 803 4848 iu
821 4795 925 4864 peculio
942 4795 1074 4864 Pamphili

271 4879 372 4918 versum
390 4867 438 4926 sit,
460 4865 498 4918 ita
520 4863 651 4930 praestari
674 4861 771 4916 debere
794 4863 925 4924 dicamus,
949 4867 979 4916 ut
1002 4865 1076 4930 prius

272 4933 340 4994 eius,
367 4931 438 5000 quod
460 4931 509 4984 tibi
532 4931 685 4998 Pamphilus
712 4929 846 4994 debuerit,
873 4929 995 4984 deductio
1019 4931 1076 4992 fiat,

272 4999 341 5066 quod
364 5013 424 5050 vero
450 4999 479 5050 in
504 5005 576 5050 tuam
598 5011 654 5050 rem
676 5011 781 5050 versum
806 4997 901 5060 luerit,
926 5003 1077 5064 praestetur

272 5065 349 5118 etiam
366 5081 419 5118 uon
437 5065 551 5118 deducto
570 5081 601 5118 eo
618 5065 690 5132 quod
705 5063 861 5132 Pamphilus
878 5065 926 5116 tibi
944 5065 1028 5116 debet.

308 5127 344 5188 18
362 5131 515 5186 Nrnrrros
530 5133 598 5186 libro
611 5133 724 5202 septimo
738 5133 951 5188 membranarum
979 5129 1076 5196 Quam-

271 5197 309 5250 vis
326 5199 354 5252 in
370 5215 427 5254 earn
443 5215 499 5252 rem
516 5215 564 5266 pro
583 5215 657 5254 servo
675 5215 733 5252 meo
752 5199 930 5262 fideiussoris,
954 5215 1022 5266 quae
1038 5199 1077 5252 ita

272 5269 407 5320 contracta
425 5271 474 5330 est,
491 5267 565 5320 utin
583 5281 638 5320 rem
655 5281 739 5320 meam
758 5269 924 5320 ιιιιιιιῐιιὅ
942 5265 1075 5330 (retunsi,

273 5347 331 5384 cnm
356 5347 446 5386 servus
468 5333 628 5388 frumentum
647 5335 751 5386 emisset
769 5349 820 5400 quo
837 5335 936 5386 familia
953 5335 1076 5396 claretum,

272 5397 399 5452 venditori
415 5401 540 5454 frumenti
552 5401 732 5464 fideiusseris),
750 5403 861 5470 propius
877 5409 918 5454 est
931 5407 1028 5466 tamen,
1046 5407 1076 5454 ut

272 5465 305 5518 de
325 5467 426 5532 peculio
450 5481 481 5518 eo
503 5467 621 5528 nomine,
647 5483 702 5520 non
727 5467 759 5520 de
782 5467 810 5520 in
834 5485 889 5522 rem
906 5483 980 5522 verso
999 5483 1076 5536 agere

272 5635 302 5692 (ι)
320 5629 409 5680 iuliani
419 5629 456 5678 F²
554 5639 585 5696 (a)
605 5635 671 5698 quod
682 5635 794 5686 Breuem.

272 5701 303 5758 (ι)
321 5697 503 5762 perdideratlPl
589 5703 621 5764 (5)
638 5703 846 5754 vertereturHcl.
938 5701 970 5764 (ι)
989 5719 1041 5752 esse
1052 5703 1076 5752 F

272 5767 305 5828 (7)
323 5791 354 5808 a
364 5767 378 5812 l.
389 5775 410 5816 at
422 5765 471 5816 ht.
524 5767 557 5826 (8)
576 5765 606 5814 ab
617 5767 642 5818 F
699 5771 732 5828 (9)
752 5771 797 5816 etsi
809 5789 854 5818 scr.

1066 347 1246 458 son*

918 5771 962 5828 (ιι)
979 5773 1038 5818 actu
1048 5771 1074 5818 F
1123 5771 1165 5834 (tt)
1184 5773 1311 5824 iussurum
1321 5773 1359 5824 κη

1730 365 1823 424 quon
1843 365 1935 412 iussn

1127 535 1228 614 possis,
1250 539 1280 588 ut
1301 535 1380 588 unius
1404 535 1544 588 dumtaxat
1565 533 1593 588 in
1607 549 1722 604 ‘quoquo
1747 537 1886 588 contractu
1903 531 1936 586 de

1127 619 1155 654 ιιι
1171 619 1227 654 rem
1244 617 1320 656 verso
1337 601 1372 656 sit
1390 601 1470 664 actio,
1488 603 1533 670 qui
1549 601 1578 656 id
1594 601 1682 670 ipsum
1700 601 1811 656 credidit
1824 601 1935 668 quadiu

1127 685 1182 722 rem
1200 669 1299 722 domini
1315 683 1421 722 versum
1439 673 1487 720 est.

1164 733 1201 792 19
1220 735 1338 790 Paucos
1359 735 1426 790 tttro
1451 739 1549 804 quarto
1574 737 1760 806 quaestionum
1793 735 1877 790 Filius
1894 733 1935 788 ia-

1127 803 1212 856 milias
1229 809 1319 872 togam
1335 803 1410 856 emit:
1436 809 1542 856 mortuo
1559 803 1653 856 deinde
1670 819 1701 856 eo
1715 809 1796 882 pater
1811 805 1935 872 ignorans

1128 879 1155 924 et
1176 877 1275 940 putans
1298 887 1374 924 suam
1398 885 1457 924 esse
1480 871 1611 924 dedicavit
1633 885 1692 924 eam
1714 889 1742 924 m
1764 871 1845 924 funus
1870 871 1934 924 eius.

1126 937 1251 994 Neratius
1268 939 1336 994 libro
1354 955 1542 1006 responsorum
1559 939 1597 990 ait
1613 939 1642 992 in
1658 955 1714 992 rem
1731 941 1815 1008 patris
1832 955 1933 994 versum

1126 1007 1222 1060 videri:
1247 1007 1275 1060 in
1298 1007 1404 1060 actione
1427 1011 1515 1060 autem
1538 1007 1571 1060 de
1593 1007 1698 1074 peculio
1714 1007 1788 1126 puod
1804 1009 1832 1060 in
1848 1021 1934 1060 rernm

1127 1079 1223 1126 natura
1239 1089 1293 1126 nen
1311 1077 1381 1126 esset
1397 1089 1452 1128 uno
1469 1073 1546 1126 modo
1565 1075 1699 1128 aestimari
1733 1075 1819 1138 ebera,
1837 1073 1860 1126 si
1874 1075 1934 1126 dolo

1127 1141 1196 1194 malo
1220 1141 1276 1194 eius
1300 1155 1416 1208 quocum
1439 1147 1535 1208 agatur
1557 1141 1659 1194 factum
1676 1143 1773 1194 essert
1801 1141 1892 1208 atquin
1914 1143 1935 1194 si

1127 1209 1180 1262 lilio
1203 1213 1281 1276 pater
1303 1213 1392 1276 togam
1416 1223 1502 1260 emere
1524 1207 1629 1272 debuit,
1655 1207 1683 1262 in
1708 1225 1764 1262 rem
1787 1209 1870 1276 patris
1894 1225 1935 1262 res

1127 1291 1202 1330 versa
1220 1283 1331 1330 estnon
1348 1291 1419 1328 nunc
1442 1291 1494 1344 quo
1517 1273 1698 1342 funerabitur,
1722 1277 1770 1330 sed
1794 1291 1845 1354 quo
1869 1283 1935 1330 tem-

1127 1359 1192 1410 pore
1211 1345 1272 1396 emit
1291 1343 1380 1408 (funus
1399 1341 1467 1396 euim
1484 1341 1530 1394 filii
1547 1357 1592 1396 aes
1610 1345 1724 1396 alienum
1739 1349 1822 1412 patris
1838 1349 1890 1396 est:
1910 1351 1935 1396 et

1127 1411 1179 1462 hoc
1196 1411 1323 1462 Neratius
1342 1425 1463 1478 qnoque,
1487 1409 1533 1478 qui
1554 1409 1587 1462 dc
1611 1411 1639 1462 in
1661 1425 1717 1462 rem
1740 1425 1815 1462 verso
1834 1417 1934 1478 patrem

1126 1477 1209 1528 teneri
1233 1477 1350 1546 putavit,
1373 1477 1490 1532 ostendit
1507 1477 1640 1544 negotium
1656 1477 1722 1540 hoc,
1745 1477 1772 1530 id
1791 1483 1876 1530 estse
1895 1479 1934 1530 ul-

1126 1549 1214 1594 turam
1229 1551 1256 1596 et
1269 1543 1350 1598 funus
1365 1543 1412 1596 filii
1425 1545 1509 1612 patris
1526 1561 1585 1598 esse
1600 1559 1645 1598 aes
1660 1543 1782 1606 alienum,
1796 1561 1850 1598 non
1895 1545 1934 1610 ''lz

1125 1609 1214 1664 factus
1233 1617 1272 1666 est
1290 1627 1351 1680 crgo
1370 1611 1474 1666 debitor
1489 1611 1599 1680 peculii,
1623 1613 1742 1682 quamvis
1759 1627 1801 1666 res
1819 1627 1872 1666 non
1891 1627 1935 1666 ex-

1128 1683 1193 1744 stet,
1217 1683 1247 1732 ut
1271 1679 1350 1732 etiam
1368 1679 1401 1732 dc
1418 1681 1522 1750 peculio
1539 1681 1625 1748 possit
1643 1681 1789 1744 conveniri,
1811 1681 1840 1734 in
1857 1695 1934 1750 quam

1128 1747 1259 1800 actionem
1276 1747 1348 1800 venit
1365 1753 1392 1800 et
1409 1747 1480 1816 quod
1497 1747 1524 1800 in
1540 1763 1596 1800 rem
1613 1763 1719 1800 versum
1737 1753 1789 1800 est:
1809 1763 1877 1816 quae
1893 1755 1934 1800 ta-

1127 1831 1187 1868 men
1204 1815 1318 1868 adiectio
1336 1821 1401 1868 tunc
1424 1815 1575 1868 necessaria
1598 1823 1653 1878 est,
1681 1831 1740 1870 cum
1766 1831 1851 1868 annus
1874 1823 1936 1882 post

1127 1887 1238 1936 mortem
1255 1881 1302 1934 filii
1320 1883 1440 1936 excessit.

1162 1947 1200 2008 20
1226 1947 1377 2002 Scasvctn
1404 1951 1473 2004 libro
1491 1951 1584 2020 primo
1610 1951 1818 2020 ιιιιιιιιιιιιιιτ
1855 1949 1935 2004 Pater

1127 2035 1175 2086 pro
1193 2017 1248 2070 filia
1266 2015 1354 2070 dotem
1371 2017 1493 2086 promisit
1511 2025 1536 2070 et
1560 2017 1697 2082 convenit,
1723 2023 1754 2070 ut
1775 2019 1832 2086 ipse
1855 2017 1934 2070 filiam

1128 2087 1224 2138 aleret:
1242 2099 1296 2138 non
1313 2089 1468 2152 praestante
1484 2091 1561 2152 patre
1578 2083 1632 2138 filia
1650 2101 1666 2136 a
1683 2085 1740 2138 viro
1758 2091 1874 2138 mutuam
1889 2101 1935 2152 pe-

1128 2153 1233 2206 cuniam
1256 2167 1320 2206 acce
1338 2153 1360 2204 it
1382 2157 1408 2204 et
1430 2159 1536 2204 mortua
1558 2157 1598 2206 est
1620 2151 1648 2206 in
1673 2151 1848 2206 matrimonio.
1880 2167 1935 2206 res-

1127 2221 1224 2290 pondi,
1253 2221 1276 2274 si
1300 2169 1338 2272 ad
1343 2221 1353 2252 ⁸
1375 2233 1407 2272 ιι
1430 2221 1458 2272 id
1481 2221 1552 2288 quod
1575 2219 1704 2274 creditum
1729 2227 1769 2272 est
1799 2225 1934 2288 erogatum

1129 2295 1211 2352 esset,
1236 2287 1293 2344 siue
1316 2287 1412 2356 quibus
1437 2293 1484 2340 aut
1508 2303 1536 2340 se
1552 2287 1621 2340 tueri
1639 2293 1685 2340 aut
1703 2303 1792 2340 servos
1809 2293 1934 2356 paternos

1129 2357 1251 2410 exhibere
1268 2371 1322 2410 non
1337 2361 1437 2424 posset,
1454 2355 1567 2410 dandam
1586 2353 1618 2408 de
1635 2355 1662 2408 in
1679 2371 1735 2408 rem
1751 2371 1827 2408 verso
1844 2353 1934 2408 utilem

1131 2431 1139 2476 1
1178 2425 1317 2476 actionem.
1353 2423 1449 2478 Servus
1467 2423 1584 2476 absentis
1598 2423 1637 2476 rei
1651 2423 1773 2490 publicae
1788 2437 1870 2476 causa
1885 2437 1933 2490 pu-

1128 2491 1183 2560 pilli
1201 2491 1282 2544 servis
1299 2491 1440 2560 pecuniam
1457 2491 1569 2544 credidit
1586 2491 1770 2544 subscribente
1786 2497 1874 2544 tutore
1888 2491 1934 2542 sti-

1128 2559 1263 2626 pulatione
1287 2557 1315 2610 in
1338 2575 1479 2626 personam
1502 2559 1598 2612 tutoris
1616 2559 1762 2612 translata:
1787 2557 1933 2626 quaesitum

1130 2633 1182 2692 est,
1201 2641 1236 2680 an
1253 2625 1380 2680 adversus
1397 2627 1527 2694 pupillum
1545 2631 1678 2694 competat
1696 2627 1774 2680 actio.
1802 2625 1934 2694 respondi,

1128 2695 1164 2758 si,
1184 2711 1243 2748 cum
1259 2695 1287 2748 in
1304 2709 1359 2748 rem
1377 2695 1470 2764 pupilli
1488 2695 1608 2758 daretur,
1631 2695 1659 2748 id
1681 2695 1709 2748 iu
1731 2709 1787 2748 rem
1805 2693 1860 2748 eius
1877 2711 1933 2748 ver-

1129 2779 1186 2816 sum
1199 2771 1239 2816 est
1252 2763 1305 2828 etl,
1324 2779 1375 2830 quo
1393 2763 1476 2830 magis
1495 2769 1570 2816 actus
1581 2765 1601 2794 ¹⁰
1618 2777 1752 2818 servornm
1766 2761 1934 2818 confirmare-

1128 2837 1187 2894 tur,
1209 2837 1284 2884 tutor
1307 2829 1465 2900 spopondit,
1489 2845 1568 2898 posse
1584 2831 1666 2884 nihilo
1684 2831 1771 2884 minus
1790 2831 1840 2886 dici
1858 2831 1934 2884 dein

1128 2913 1182 2952 rem
1199 2915 1274 2952 verso
1293 2915 1353 2952 cum
1370 2899 1471 2968 pupillo
1489 2899 1619 2952 actionem
1637 2899 1704 2952 iore.

1163 2963 1199 3024 21
1220 2965 1302 3020 Ionas
1320 2967 1387 3022 libro
1406 2967 1500 3036 quinto
1518 2967 1712 3038 clt'pestcrum1¹
1747 2965 1840 3018 Filiam
1857 2963 1933 3018 fami-

1127 3035 1176 3088 lias
1201 3035 1276 3088 duxit
1297 3049 1406 3090 uxorem
1429 3041 1506 3102 patre
1529 3033 1617 3088 dotem
1640 3035 1809 3102 promittente
1828 3041 1854 3088 et
1871 3049 1936 3088 con-¹

1127 3103 1199 3156 venit
1214 3103 1284 3156 inter
1301 3117 1392 3156 omnes
1409 3117 1552 3170 personas,
1577 3103 1617 3154 uti
1640 3119 1697 3154 eam
1721 3109 1797 3170 pater
1814 3109 1861 3156 aut
1877 3103 1935 3170 ipsa

1128 3187 1157 3226 se
1173 3177 1306 3224 tueretur:
1331 3171 1442 3222 maritus
1461 3169 1485 3224 ei
1502 3175 1607 3224 mutuos
1625 3187 1746 3224 nummos
1765 3169 1849 3234 dedit,
1876 3187 1934 3222 cnm

1127 3239 1196 3292 iuste
1220 3243 1327 3306 putaret
1350 3245 1453 3306 patrem
1472 3239 1527 3292 eius
1544 3237 1755 3292 ministraturum
1772 3247 1875 3292 tantum
1892 3253 1934 3290 sa-

1127 3307 1235 3370 larium,
1261 3311 1389 3376 quantum
1416 3307 1480 3358 dare
1505 3305 1575 3358 filiae
1601 3321 1665 3358 suae
1691 3307 1856 3360 instituerat:
1890 3321 1934 3358 eos

1128 3389 1248 3428 nummos
1272 3373 1319 3428 illa
1343 3373 1371 3428 in
1396 3389 1460 3428 usus
1484 3375 1647 3428 necessarios
1670 3373 1721 3428 sibi
1745 3379 1771 3426 et
1793 3375 1821 3426 in
1841 3379 1934 3428 'servos

1128 3457 1194 3510 quos
1211 3457 1301 3496 secum
1318 3443 1436 3496 habebat
1453 3443 1624 3508 consumpsit,
1643 3441 1806 3510 aliquantum
1821 3447 1846 3496 et
1865 3447 1934 3506 (cum

1128 3511 1152 3562 ei
1168 3525 1210 3562 res
1228 3509 1370 3564 familiares
1388 3509 1506 3562 creditae
1524 3515 1611 3562 essent
1619 3511 1649 3568 12ι
1667 3525 1700 3562 ex
1717 3511 1830 3588 pecunia
1847 3511 1932 3562 marit'

1127 3577 1154 3630 in
1172 3577 1277 3632 casdem
1295 3593 1390 3632 causas
1411 3577 1551 3632 convertit:
1577 3577 1670 3630 deinde
1687 3593 1842 3646 priusquam
1859 3587 1934 3646 pater

1127 3645 1251 3698 salarium
1270 3645 1400 3712 expleret,
1418 3645 1530 3698 moritur
1546 3645 1612 3700 filia:
1636 3651 1714 3714 pater
1730 3645 1875 3712 impensam
1892 3661 1933 3698 re-

1128 3719 1216 3766 cusat:
1235 3713 1345 3766 maritus
1363 3727 1405 3766 res
1422 3713 1539 3766 mulieris
1556 3713 1664 3766 retinet:
1684 3727 1790 3782 quaero,
1808 3729 1842 3766 an
1859 3715 1932 3766 dein

1127 3797 1181 3834 rem
1203 3795 1278 3832 verso
1303 3781 1430 3834 adversus
1446 3785 1549 3848 patrem
1566 3781 1635 3834 actio
1655 3787 1796 3850 competat.
1823 3797 1932 3850 respon-

1127 3849 1178 3910 dit,
1202 3847 1226 3902 si
1250 3847 1284 3902 ad
1310 3863 1341 3902 ea
1364 3847 1392 3902 id
1410 3847 1481 3916 quod
1499 3849 1625 3902 creditum
1644 3853 1683 3902 est
1703 3855 1835 3916 erogatum
1855 3855 1932 3914 esset,

1127 3919 1182 3970 sine
1207 3917 1302 3984 quibus
1326 3921 1373 3970 aut
1397 3931 1428 3970 se
1449 3915 1519 3970 tueri
1542 3925 1590 3970 aut
1610 3931 1699 3970 servos
1717 3921 1842 3986 paternos
1861 3919 1932 3970 exbi-

1126 3985 1188 4036 bcre
1210 3999 1264 4036 non
1290 3991 1395 4052 posset,
1421 3985 1536 4038 dandam
1558 3985 1591 4038 de
1615 3985 1643 4038 in
1665 3999 1721 4036 rem
1744 3999 1821 4038 verso
1843 3985 1932 4038 utilem

1127 4051 1264 4106 achonem.
1829 4083 1830 4086 =

1479 4123 1574 4182 1111¹³.

1421 4223 1511 4278 QUOD
1530 4221 1636 4270 IUSSU.

1163 4321 1176 4378 1
1202 4321 1347 4376 Ucnrrnus
1362 4321 1431 4376 libro
1445 4323 1585 4376 vicensimo
1599 4337 1671 4376 noco
1685 4321 1722 4374 ccl
1737 4321 1849 4374 edictum
1875 4321 1931 4374 Me-

1126 4391 1176 4444 rito
1196 4405 1227 4442 ex
1244 4389 1317 4442 iussu
1335 4387 1434 4442 domini
1451 4391 1480 4444 in
1502 4389 1614 4444 solidum
1639 4389 1764 4442 adversus
1783 4403 1841 4442 eum
1865 4389 1929 4446 iudi,-

1115 4459 1195 4518 ,cium
1212 4457 1299 4520 datur,
1315 4471 1376 4510 nam
1392 4457 1585 4526 quodammodo
1600 4473 1659 4510 curn
1669 4471 1700 4510 eo
1715 4455 1879 4510 contrahitur
1889 4455 1931 4524 qui

1129 4531 1138 4576 1
1175 4525 1256 4578 iubet.
1282 4525 1386 4576 Iussum
1396 4525 1416 4556 ¹⁴
1426 4531 1514 4578 autem
1523 4525 1705 4592 accipiendum
1715 4529 1762 4586 est,
1773 4525 1827 4576 sive
1835 4529 1932 4576 testato

1128 4593 1185 4660 quis
1208 4591 1262 4646 sive
1285 4607 1333 4660 per
1351 4591 1491 4660 epistolam
1509 4593 1561 4646 sive
1579 4591 1665 4646 verbis
1683 4597 1730 4644 aut
1746 4609 1794 4660 per
1811 4593 1931 4644 nuntium

1127 4661 1180 4714 sive
1203 4659 1353 4728 specialiter
1376 4661 1404 4712 iu
1427 4675 1480 4714 uno
1505 4665 1645 4714 contractu
1661 4659 1768 4712 iusserit
1784 4659 1837 4712 sive
1854 4675 1931 4726 gene-

1127 4727 1230 4782 raliter:
1248 4733 1273 4780 et
1291 4727 1350 4782 ideo
1369 4735 1395 4780 ct
1413 4729 1436 4782 si
1454 4729 1492 4780 sic
1511 4733 1674 4780 contestatus
1693 4727 1740 4780 sit:
1761 4727 1845 4792 ‘Quod
1862 4727 1931 4780 voles

1122 4801 1196 4848 -‘cum
1205 4795 1296 4850 Sticho
1306 4811 1380 4850 servo
1395 4795 1603 4874 meo'negoti'um
1618 4809 1680 4864 gere
1691 4797 1711 4828 ¹⁵
1724 4795 1841 4864 periculo
1856 4795 1931 4856 meo',

1126 4863 1229 4918 videtur
1246 4865 1280 4916 ad
1298 4863 1386 4918 omnia
1402 4863 1518 4926 iussisse,
1537 4879 1587 4916 nist
1604 4867 1677 4916 certa
1694 4863 1736 4916 lex
1755 4861 1853 4930 aliquid
1870 4879 1931 4930 pro-

1127 4935 1140 4984 2
1175 4931 1256 4984 hibet,
1294 4931 1346 4984 Sed
1364 4945 1411 4998 ego
1436 4945 1548 4998 quaero,
1573 4945 1606 4982 an
1624 4945 1749 4984 revocare
1765 4931 1815 4984 hoc
1832 4929 1931 4984 iussum

1127 5005 1267 5066 autequam
1286 4999 1410 5050 credatur
1427 4999 1526 5066 possit:
1551 5003 1577 5050 et
1599 5001 1664 5064 puto
1687 5011 1781 5064 posse,
1806 4997 1930 5066 quemad·

1126 5067 1232 5118 modum
1250 5065 1272 5118 si
1289 5065 1442 5118 mandasset
1459 5071 1486 5118 et
1502 5071 1596 5132 postea
1610 5071 1671 5116 ante
1686 5071 1853 5118 contractum
1870 5079 1931 5118 con*

1126 5133 1207 5186 maria
1230 5131 1366 5188 voluntate
1388 5133 1543 5184 mandatum
1565 5137 1717 5186 revocasset
1734 5137 1761 5186 et
1777 5147 1819 5186 me
1837 5131 1930 5186 certio-

1126 5205 1140 5254 3
1175 5205 1267 5254 nasset.
1303 5199 1356 5254 Sed
1382 5203 1409 5254 et
1435 5201 1457 5254 si
1482 5199 1644 5254 mandaverit
1669 5205 1746 5268 pater
1772 5199 1931 5258 dominosve,

1127 5273 1140 5320 4
1174 5269 1278 5322 videtur
1294 5269 1411 5322 iussisse.
1448 5267 1500 5320 Sed
1517 5273 1545 5320 et
1559 5269 1583 5326 si
1598 5269 1664 5322 servi
1679 5267 1800 5336 chiragra
1820 5269 1854 5320 bo
1868 5269 1930 5322 sub-

1127 5341 1140 5386 t
1175 5335 1311 5404 scripserit
1327 5335 1456 5398 domiuus,
1470 5341 1576 5390 tenetur
1590 5335 1660 5404 quod
1675 5335 1758 5390 iussu.
1795 5285 1930 5404 duringo

1127 5403 1148 5458 si
1170 5403 1329 5458 fideiusserit
1352 5419 1400 5474 pro
1425 5405 1520 5458 servo?
1546 5405 1584 5458 ait
1606 5405 1749 5458 Marcellus
1772 5421 1825 5458 non
1847 5403 1929 5458 teneri

1127 5471 1195 5536 quod
1217 5473 1306 5524 iussu:
1331 5473 1408 5540 quasi
1426 5479 1566 5524 extraneus
1585 5473 1653 5524 euim
1670 5473 1823 5526 intervenit:
1847 5485 1931 5542 neque

898 5637 929 5696 (3)
948 5635 1071 5684 solvitF²
1123 5637 1162 5702 (11)
1181 5641 1269 5692 atto
1280 5641 1303 5690 a
1315 5649 1330 5690 t.
1400 5641 1681 5704 (11)creditaessetF²

1156 5707 1200 5770 (13)
1218 5707 1353 5766 Saa.1...s;
1370 5711 1421 5762 Ed.
1431 5721 1451 5760 t·
1460 5719 1481 5760 t.
1490 5737 1524 5746 -
1539 5709 1603 5760 Bos.
1616 5713 1654 5774 18,
1666 5723 1686 5764 8-
1701 5739 1735 5750 -
1751 5711 1788 5778 Of
1802 5713 1858 5764 θοι).
1869 5715 1893 5776 4,
1903 5723 1929 5764 26

1496 5779 1540 5838 (15)
1559 5779 1595 5830 sic
1609 5781 1664 5830 dett.
1675 5797 1726 5830 eum
1736 5779 1778 5832 B:
1792 5797 1877 5848 gererc
1887 5781 1929 5832 Fs
