4366 6258
257 349 367 414 until
389 355 416 414 2,

257 545 305 600 εει,
323 539 402 592 ειιειιι
425 539 452 590 in
474 537 612 592 servilibus
634 535 817 590 adfinitatibus
840 537 998 592 seruandum
1015 547 1063 600 est

256 607 336 658 veluti
361 613 392 658 ut
417 619 490 666 earn,
517 619 585 670 quae
608 605 637 658 in
664 603 838 674 contubernio
863 607 948 674 patris
975 605 1064 668 fuerit,

257 673 333 740 quasi
351 687 489 724 novercam
506 687 561 724 non
576 673 678 792 1ᾗεεειιιι
701 673 813 736 ducere,
837 677 864 724 et
887 679 980 728 contra
998 687 1064 736 eam,

257 755 324 808 quae
341 739 369 790 in
387 739 559 792 contubernio
607 739 621 752 ”’
640 739 729 802 fuerit,
753 743 857 808 patrem
875 741 952 810 quasi
968 757 1064 794 nurum

256 823 310 858 non
328 805 436 860 ducere:
461 823 545 874 aeque
561 821 610 860 neo
629 811 740 860 matrem
764 823 835 872 erus,
860 825 939 878 quam
962 807 1020 874 quis
1037 807 1065 860 iu

257 871 382 926 servitute
408 889 518 928 uxorem
542 873 650 938 habuit,
675 875 751 942 quasi
774 889 888 930 socrum.
914 891 974 930 cum
996 875 1065 928 enim

257 941 379 1008 cognatio
402 943 502 996 servilis
524 941 696 1010 intellegitur,
721 957 804 1010 quare
827 961 882 998 non
899 949 926 998 et
942 941 1065 996 adfinitas

256 1009 439 1078 intellegatur?
462 1009 526 1062 sed¹
548 1009 621 1062 inre
639 1009 720 1062 dubia
737 1011 853 1066 certius¹
879 1017 906 1066 et
921 1009 1065 1064 modestius

257 1079 273 1126 4
308 1081 348 1130 est
364 1077 514 1130 huiusmodi
530 1077 630 1144 nuptiis
647 1077 792 1132 abstinere.
826 1079 905 1132 Nunc
921 1077 1065 1142 videamus,

257 1143 387 1210 quomodo
404 1161 519 1200 normca
536 1151 563 1198 et
578 1143 699 1212 privigna
716 1149 743 1198 et
761 1161 854 1200 socrus
880 1153 906 1200 et
923 1159 1007 1198 nurus
1024 1147 1065 1198 in-

257 1213 422 1280 tellegantur,
440 1219 471 1264 ιιι
488 1213 611 1276 sciamus,
630 1225 696 1280 quas
714 1227 769 1266 non
786 1215 865 1268 liceat
883 1213 987 1268 ducere.
1007 1213 1065 1292 qui:

257 1279 335 1332 dam³
351 1295 489 1334 novercam
508 1293 555 1348 per
572 1295 600 1334 se
617 1279 701 1348 patris
719 1285 847 1336 uxorem¹
867 1287 894 1336 et
906 1297 1002 1332 nurum
1019 1279 1066 1332 filu

257 1363 366 1402 uxorem
389 1355 415 1402 et
437 1347 582 1416 privignam
607 1347 698 1402 uxoris
723 1363 756 1402 ex
788 1351 839 1402 alio
863 1347 958 1400 marito
985 1345 1065 1400 dham

256 1413 423 1482 intellegunt:
457 1413 504 1468 sed
530 1413 601 1482 quod
625 1413 660 1468 ad
681 1415 752 1468 hanc
776 1431 885 1470 causam
912 1415 999 1468 terius
1025 1421 1066 1468 est

257 1499 306 1536 nec
329 1483 372 1534 avi
396 1495 505 1534 uxorem
534 1497 583 1534 nec
605 1483 698 1550 proavi
723 1483 785 1538 duci
802 1497 890 1552 posse.
914 1481 980 1534 duas
1004 1495 1065 1550 ergo

257 1549 297 1602 rei
314 1549 403 1618 plures
420 1563 549 1600 novercas
567 1549 664 1604 ducere
680 1567 735 1604 uon
752 1549 863 1618 poterit:
887 1563 941 1602 non
962 1549 1065 1612 mirum,

257 1633 318 1670 nam
337 1625 363 1670 et
380 1617 402 1668 is
419 1615 464 1684 qui
481 1615 621 1684 adoptivus
638 1623 679 1672 est
696 1633 745 1672 nec
763 1615 892 1670 naturalis
915 1617 999 1684 patris
1016 1631 1065 1668 uec

257 1683 375 1752 adoptivi
404 1699 514 1736 uxorem
539 1683 636 1738 ducere
681 1693 763 1740 otest:
797 1683 844 1738 sed
876 1687 903 1736 et
928 1681 950 1736 si
976 1683 1065 1750 pluras

257 1765 354 1804 uxores
371 1759 446 1818 pater
462 1751 593 1816 habuerit,
611 1769 630 1806 n
668 1769 711 1808 am
727 1767 817 1806 earum
836 1749 932 1804 ducere
947 1765 1064 1818 possum.

257 1819 347 1888 itaque
365 1835 456 1874 socrus
475 1821 651 1888 appellatione
674 1837 729 1874 non
751 1825 855 1872 tautum
879 1819 969 1870 uxoris
992 1833 1066 1872 meae

257 1893 351 1952 mater,
369 1887 416 1942 sed
434 1893 460 1940 et
477 1889 536 1942 aria
554 1897 579 1942 et
595 1891 705 1958 proavia
721 1887 894 1954 intellegitur,
919 1891 950 1940 ut
966 1887 1065 1940 nullam

257 1969 348 2008 earum
367 1955 462 2008 ducere
476 1957 582 2024 possim.
601 1973 684 2010 nurus
701 1969 807 2022 quoque
822 1955 999 2022 appellatione
1013 1969 1067 2008 non

256 2027 361 2076 tautum
377 2023 424 2076 filii
440 2039 521 2090 uxor,
546 2023 593 2080 sed
616 2031 642 2078 et
659 2023 764 2092 nepotis
788 2027 815 2074 et
832 2023 984 2090 pronepotis
1003 2037 1066 2076 con-

257 2089 365 2154 tinetur,
379 2089 441 2146 licet
449 2091 556 2160 quidam
568 2095 616 2146 has
626 2105 759 2158 pronurus
769 2089 904 2156 appellant
911 2091 930 2144 ⁵.
948 2089 1066 2158 privigna

257 2173 363 2226 quoque
387 2177 441 2212 nou
464 2161 549 2214 solum
573 2175 605 2212 ea
627 2157 692 2210 mihi
713 2157 874 2224 intellegitur
890 2173 958 2226 quae
974 2159 1065 2212 uxoris

257 2241 332 2278 meae
348 2225 402 2280 iilia
419 2233 467 2290 est,
486 2227 534 2280 sed
551 2233 577 2280 et
593 2225 681 2292 neptis
700 2231 726 2276 et
743 2225 892 2292 proneptis,
916 2233 947 2278 ut
966 2227 1066 2278 nullam

258 2309 348 2346 earum
366 2293 462 2348 ducere
479 2293 586 2362 possim.
604 2293 667 2346 item
685 2293 741 2344 eius
757 2297 875 2356 matrem,
891 2309 971 2360 quarn
985 2309 1065 2360 spon-

258 2377 314 2414 sam
332 2363 426 2426 habui,
446 2377 499 2414 non
516 2377 595 2428 posse
617 2375 658 2412 me
682 2375 792 2412 uxorem
817 2359 913 2414 ducere
930 2361 1065 2428 Augustus

257 2429 312 2482 inte
344 2435 445 2482 retatus
462 2433 515 2482 est:
540 2427 624 2482 fuisse
642 2427 710 2480 enim
728 2429 807 2480 eam¹
824 2443 939 2482 socrum.

293 2495 306 2552 i
349 2495 611 2550 Pnerrmrusiibro
626 2499 724 2564 quarto
739 2509 929 2564 reprobrorum
953 2497 1066 2550 Uxorem

259 2563 391 2632 quondam
416 2561 526 2630 privigni
552 2561 676 2628 coniungi
700 2561 867 2614 matrimonio
900 2563 987 2618 uitrici
1010 2579 1065 2616 non

259 2637 363 2698 oportet
379 2645 427 2684 nec
444 2629 471 2680 in
485 2629 681 2682 matrimonium
695 2629 836 2682 conuenire
850 2645 991 2684 novercam
1009 2631 1065 2684 eins

259 2699 303 2766 qui
338 2699 453 2766 ririguae
469 2695 578 2748 maritus
595 2695 654 2748 fuit,

294 2715 336 2824 fd
350 2765 466 2820 Pronus
495 2763 571 2842 iidro⁸
594 2765 730 2834 tripesimo
762 2765 856 2842 puiuto
882 2763 920 2818 ed
941 2763 1065 2820 ,edictum

259 2831 385 2886 Oratione
410 2833 462 2886 divi
486 2831 717 2896 dimicaretur,
741 2839 786 2896 ut,
811 2847 834 2886 ει
857 2833 987 2886 senatoris
1010 2833 1065 2886 filia

257 2899 379 2956 libertino
397 2899 545 2968 nupsisset,
563 2913 612 2952 nec
629 2899 739 2968 nuptiae
757 2905 858 2954 essent:
884 2917 962 2968 quam
980 2905 1007 2954 et
1023 2917 1064 2956 se-

260 2975 271 3020 t
308 2973 387 3022 natus
410 2967 559 3022 consultum
587 2973 708 3020 secutum
732 2973 780 3022 est.
829 2965 934 3038 Nepote
956 2983 1065 3022 uxorem

260 3037 373 3088 ducente
398 3041 424 3088 et
449 3033 519 3088 filius
545 3035 695 3088 consentire
721 3035 814 3090 debet:
845 3037 932 3104 neptis
954 3051 1015 3090 vero
1041 3037 1064 3090 si

258 3107 273 3156 2
308 3103 400 3166 nubat,
419 3103 540 3156 voluntas
556 3107 582 3156 et
596 3103 742 3156 auctoritas
762 3103 804 3156 avi
820 3103 943 3158 sufficiet.
978 3103 1065 3158 Furor

259 3169 379 3224 contrahi
396 3169 590 3224 matrimonium
607 3187 661 3226 non
679 3171 750 3236 sinit,
768 3171 830 3240 quia
849 3187 979 3226 consensu
997 3187 1065 3240 opus

260 3247 307 3302 est,
325 3237 372 3292 sed
389 3243 460 3292 recte
478 3243 643 3292 contractum
659 3255 713 3292 non
730 3239 846 3308 impedit.

295 3301 330 3360 ti
353 3305 444 3360 Gerus
458 3305 525 3360 libro
542 3307 681 3362 undecimo
706 3307 743 3362 ad
765 3307 879 3362 edictum
896 3305 1065 3376 provinciale

258 3373 311 3428 Per
325 3373 492 3442 adoptionem
506 3375 626 3442 quaesita
640 3373 793 3430 fraternitas
809 3389 925 3444 eousque
939 3373 1065 3442 impedit¹

259 3443 380 3510 nuptias,
399 3443 482 3496 donec
500 3449 590 3496 manet
612 3441 736 3512 adoptio:
765 3443 877 3512 ideoque
902 3457 967 3508 eam,
986 3457 1065 3508 quarn

259 3517 335 3576 pater
352 3525 425 3564 meus
443 3511 579 3578 adoptavit
596 3517 622 3564 et
640 3511 828 3580 emancipavit,
846 3517 939 3580 potero
956 3523 1064 3562 uxorem

260 3577 365 3630 ducere.
383 3585 501 3646 aequest
516 3577 588 3632 sime
598 3579 764 3646 emancipato
779 3579 850 3632 illam
863 3579 892 3630 ιιι
905 3583 1064 3646 potestatem

263 3649 272 3694 1
309 3645 459 3710 retinuerit,
482 3647 625 3712 poterimus
653 3647 726 3712 iungi
752 3645 929 3700 matrimonio.
971 3645 1065 3712 Itaque

259 3711 356 3764 volenti
378 3727 501 3780 generum
524 3711 652 3780 adoptare
674 3713 810 3776 suadetur,
828 3717 858 3766 ut
875 3713 956 3764 filiam
974 3727 1061 3764 eman·

260 3779 372 3846 ciparet:
392 3781 507 3832 similiter
522 3781 688 3844 suadeturei,
699 3781 847 3858 quinarum
857 3781 918 3832 velit
927 3779 1062 3848 adoptare,

260 3851 274 3898 2
309 3851 339 3898 ιιι
363 3847 509 3916 emancipet
526 3847 616 3900 filium.
651 3847 767 3900 Amitam
793 3863 898 3916 quoque
920 3853 947 3898 et
968 3853 1063 3900 mater-

259 3919 359 3980 teram,
383 3915 444 3968 item
461 3931 582 3982 magnam
599 3931 705 3984 quoque
727 3915 835 3968 amitam
852 3919 880 3968 et
896 3919 1065 3968 materteram

259 3997 381 4050 magnam
398 3983 567 4050 prohibemur
583 3999 692 4038 uxorem
710 3981 815 4048 ducere,
834 3983 952 4052 quamvis
969 3997 1065 4052 magna

260 4051 340 4104 amita
357 4051 402 4104 et¹
418 4057 560 4104 matertera
577 4057 671 4120 quarto
689 4051 774 4120 gradu
791 4051 851 4104 sint.
868 4051 960 4118 utique
976 4059 1064 4106 autem

260 4121 367 4172 amitam
392 4125 417 4172 et
440 4119 546 4172 amitam
563 4133 684 4186 magnam
701 4119 873 4186 prohibemur
889 4135 998 4172 uxorem
1015 4119 1063 4174 du·

260 4201 329 4248 cere,
348 4187 397 4240 etsi
413 4201 462 4254 per
479 4187 648 4258 adoptionem
664 4187 741 4238 nobis
761 4187 918 4240 coniunctae
935 4189 996 4240 sint.

297 4249 334 4312 18
353 4253 371 4306 I
374 4255 570 4308 erremuslibro
580 4259 657 4308 sercto
664 4253 765 4306 decimo
772 4253 935 4324 dipestorum
948 4253 1065 4324 Nuptiae

260 4323 327 4376 inter
361 4321 464 4376 easdem
490 4337 618 4390 personas
647 4321 699 4374 nisi
729 4321 879 4376 volentibus
910 4321 1064 4390 parentibus

260 4397 402 4444 renovatae
418 4391 503 4444 iustae
521 4405 575 4444 non
591 4389 732 4444 habentur.

297 4455 333 4516 19
352 4457 525 4512 Maecianus
545 4459 613 4510 libro
638 4463 717 4510 sexto
746 4455 846 4510 decimo
870 4457 1064 4510 institutionum

262 4525 353 4594 Capite
370 4525 501 4594 trigesimo
527 4525 618 4594 quinto
641 4525 705 4594 legis
722 4525 806 4578 iuliae
824 4523 868 4592 qui
884 4525 981 4578 liberos
999 4523 1065 4594 quos

261 4597 361 4648 habent
374 4595 400 4646 in
415 4597 546 4662 potestate
558 4593 655 4646 iniuria
668 4593 852 4660 prohibuerint
862 4591 960 4644 ducere
968 4609 1065 4648 uxores

261 4663 429 4724 relambere,
452 4661 492 4714 vel
516 4661 561 4728 qui
584 4661 671 4714 dotem
689 4661 753 4714 dare
770 4675 825 4714 non
841 4659 933 4712 volunt
950 4673 983 4712 ex
1001 4675 1065 4714 oon-

262 4729 396 4784 stitutioue
420 4729 538 4782 ffivorum
561 4727 651 4782 Severi
673 4735 699 4780 et
720 4727 863 4792 Antonini,
887 4741 936 4796 per
951 4741 1065 4794 procon-

261 4799 330 4852 sules
348 4795 534 4864 praesidesque
555 4795 749 4864 provinciarum
772 4801 903 4864 coguntur
923 4795 952 4848 iu
974 4795 1064 4848 matri·

261 4865 378 4920 monium
395 4865 525 4918 codooare
542 4871 569 4918 et
586 4863 685 4918 dotare.
704 4863 844 4932 prohibere
861 4867 950 4918 autem
963 4863 1067 4918 ridetur

265 4939 291 4986 et
326 4933 354 4984 ui
371 4933 550 4986 condicionem
566 4947 621 4984 uon
638 4933 750 5000 quaerit.

297 4951 335 5056 ill
353 4999 471 5054 Paucos
504 4999 572 5054 libro
602 4999 736 5068 simpulum·
767 4999 804 5052 ad
833 4999 980 5052 orationem
1012 4997 1068 5050 diri

263 5065 372 5122 Secum
389 5075 414 5122 et
430 5067 564 5122 Commodi
588 5065 728 5120 Sciendum
746 5071 787 5120 est
803 5065 838 5120 ad
855 5065 973 5122 officium
990 5081 1065 5120 oura-

263 5137 327 5188 toris
345 5137 429 5190 uon¹⁰
453 5137 593 5204 pertinere,
615 5136 701 5188 nubat
725 5135 827 5202 pupilla
852 5149 888 5188 an
911 5151 980 5198 uon,
1005 5133 1067 5202 quia

263 5199 380 5256 officium
397 5204 453 5256 eius
469 5203 497 5256 iu
514 5203 741 5258 administratione
763 5201 925 5282 negotiorum
949 5207 1065 5256 constat:

263 5275 290 5322 et
314 5269 352 5320 ita
377 5269 488 5326 Severus
515 5275 540 5324 et
557 5269 708 5324 Antoninus
730 5275 923 5338 resumpserunt
947 5271 975 5322 iu
1000 5269 1066 5324 haec

263 5335 357 5390 verba:
398 5337 448 5392 ‘Ad
474 5337 591 5392 officium
616 5337 747 5392 curatoris
770 5337 990 5392 administratio¹¹
1016 5353 1066 5406 pu-

1053 349 1117 426 seo
1190 449 1236 458 „..

1786 373 1832 420 Du
1850 373 1931 420 itini]

1115 539 1359 658 :pilpaevpertiuetr
1389 541 1489 594 nubere
1513 547 1601 592 autem
1623 519 1725 610 pupilla
1746 555 1796 596 suo
1821 537 1930 592 arbitrio

1143 623 1200 660 oes
1224 649 1230 658 .

1124 623 1188 730 pil
1210 673 1378 728 Tnanrrrus
1408 673 1542 728 Casurus
1571 675 1638 728 libro
1665 677 1743 730 terrio
1777 673 1815 728 od
1845 673 1928 742 lepem

1115 741 1215 862 ἐειιαιιι
1229 747 1254 796 ei
1267 739 1384 814 Papiam
1409 739 1472 796 Non
1487 741 1590 810 cogitur
1604 741 1674 796 filius
1688 741 1803 796 familias
1820 755 1928 794 uxorem

1134 823 1221 862 uccre.
1909 829 1911 834 ·

1150 871 1190 932 22
1211 877 1319 932 Onasus
1343 877 1411 930 libro
1439 877 1533 946 quinto
1558 877 1659 930 decimo
1685 875 1851 946 clipeatorum
1901 875 1929 928 Si

1115 951 1192 1012 patre
1217 951 1328 1012 cogente
1351 943 1425 998 duoit
1447 957 1571 1008 uxorem,
1595 959 1674 1012 quam
1697 959 1752 996 nou
1769 943 1886 1006 duceret,
1905 943 1928 996 si

1117 1013 1158 1064 sui
1175 1011 1277 1066 arbitrii
1294 1017 1372 1076 esset,
1388 1011 1522 1066 contraxit
1535 1017 1624 1064 tamen
1639 1011 1841 1074 matrimonium,
1858 1011 1928 1078 quod

1116 1079 1298 1132 interioritas
1316 1093 1371 1132 non
1388 1079 1569 1132 contrahitur:
1599 1079 1722 1132 maluisse
1739 1079 1791 1132 hoo
1816 1079 1926 1132 ridetur.

1151 1141 1190 1204 23
1208 1147 1290 1200 Ioum
1305 1147 1374 1200 libro
1392 1147 1548 1216 tripeusr'mo
1566 1145 1730 1216 clipeatorum
1760 1147 1833 1216 Lege
1844 1145 1928 1214 Papia

1117 1221 1225 1268 cavetur
1242 1215 1365 1268 omnibus
1379 1213 1499 1282 ingenuis
1514 1219 1620 1282 praeter
1634 1221 1770 1270 senatores
1786 1229 1928 1282 eorumque

1119 1281 1217 1336 liberos
1235 1283 1384 1336 libertinam
1401 1297 1511 1336 uxorem
1529 1283 1628 1336 habere
1644 1283 1731 1336 licere.

1151 1345 1191 1404 24
1209 1349 1398 1402 Moousrrros
1414 1351 1483 1402 libro
1495 1351 1587 1420 primo
1601 1351 1758 1418 repuleram
1784 1349 1816 1402 In
1829 1349 1928 1402 liberae

1117 1417 1233 1470 mulieris
1250 1417 1444 1472 consuetudine
1461 1431 1515 1468 non
1533 1417 1734 1480 concubinatus,
1754 1417 1802 1470 sed
1819 1417 1927 1484 nuptiae

1117 1483 1307 1550 intellegendae
1325 1489 1401 1548 sunt,
1426 1483 1449 1538 si
1466 1499 1520 1538 uon
1538 1501 1650 1552 corpore
1669 1489 1807 1552 quaestum
1824 1483 1926 1538 iecerit.

1151 1545 1191 1604 25
1208 1549 1290 1604 fourr
1309 1551 1377 1604 libro
1399 1549 1518 1606 secundo
1540 1551 1694 1622 repuleram
1735 1551 1820 1606 Filius
1838 1567 1926 1606 eman-

1118 1617 1222 1684 cipatus
1247 1619 1326 1670 etiam
1350 1617 1407 1672 sine
1430 1633 1561 1672 consensu
1584 1619 1667 1686 patris
1696 1633 1806 1672 uxorem
1830 1619 1926 1672 ducere

1116 1689 1206 1750 potest
1223 1693 1250 1738 et
1267 1691 1408 1754 susceptus
1426 1685 1496 1738 flius
1514 1687 1538 1738 ei
1554 1687 1630 1738 heres
1649 1687 1705 1738 erit.
1971 1697 1974 1702 ·

1151 1747 1191 1808 26
1209 1751 1288 1804 Ioum
1317 1753 1385 1806 libro
1418 1753 1511 1822 quinto
1541 1769 1731 1824 responsorum
1779 1751 1927 1822 Respondit

1116 1835 1175 1872 reas
1193 1819 1316 1874 adulterii
1332 1819 1419 1874 factas
1444 1835 1494 1874 nec
1518 1825 1580 1876 ante
1603 1821 1799 1876 damnationem
1822 1821 1926 1876 udentc

1115 1889 1209 1942 marito
1222 1889 1242 1920 ¹²
1258 1903 1356 1942 uxores
1373 1887 1435 1942 duci
1451 1903 1538 1956 posse.

1150 1951 1189 2010 27
1214 1955 1359 2010 Uarianos
1381 1955 1449 2018 libro
1478 1957 1557 2008 tertio
1588 1955 1625 2008 ed
1655 1957 1740 2026 lepem
1770 1955 1869 2010 lulium
1901 1969 1926 2010 et

1115 2021 1233 2094 Pupium
1273 2023 1302 2076 si
1324 2023 1383 2092 quis
1406 2023 1434 2074 ιιι
1457 2023 1590 2078 εειιειοιιο
1617 2023 1709 2076 ordine
1738 2039 1818 2092 agens
1847 2025 1926 2078 liber·

1115 2091 1198 2144 tinam
1220 2091 1345 2144 habuerit
1367 2105 1489 2154 uxorem,
1515 2091 1632 2158 quamvis
1654 2091 1759 2146 interim
1781 2107 1849 2146 texor
1872 2107 1926 2146 non

1116 2159 1159 2222 sit,
1175 2165 1292 2212 attamen
1306 2159 1335 2212 in
1349 2173 1381 2212 ea
1397 2157 1553 2212 condicione
1562 2163 1609 2222 est,
1625 2163 1663 2222 ut
1679 2161 1703 2212 si
1711 2159 1828 2214 amiserit
1842 2159 1925 2230 digni-

1116 2231 1206 2290 tatem,
1224 2243 1292 2278 uxor
1310 2241 1369 2280 esse
1385 2227 1504 2294 incipiat.

1150 2287 1190 2350 28
1208 2293 1385 2348 Maecianus
1397 2293 1466 2348 libro
1481 2293 1581 2348 decimo
1595 2293 1791 2346 iustitutionem
1814 2293 1925 2346 Invitam

1116 2361 1238 2416 hbertam
1255 2377 1364 2416 uxorem
1383 2361 1481 2414 ducere
1498 2365 1626 2429 patronus
1643 2377 1697 2414 non
1713 2365 1816 2428 potest:

1151 2425 1190 2484 29
1214 2429 1360 2482 Uerrium
1388 2429 1457 2484 libro
1489 2431 1566 2482 terrtio
1594 2427 1631 2480 ed
1662 2429 1747 2498 lepem
1773 2427 1873 2482 Iuliam
1899 2435 1926 2482 et

1116 2497 1233 2566 Pupium
1259 2497 1329 2562 quod
1347 2503 1374 2548 et
1389 2497 1485 2550 Ateius
1503 2495 1596 2564 Capito
1616 2497 1756 2548 consulatu
1773 2509 1822 2548 suo
1839 2495 1925 2548 fertem

1117 2563 1269 2616 decrevisse.
1303 2563 1356 2616 hoo
1380 2569 1471 2616 tamen
1505 2563 1543 2616 ita
1575 2563 1767 2618 observandum
1793 2569 1848 2628 est,
1874 2563 1925 2618 uisi

1115 2635 1245 2698 patronus
1261 2629 1321 2684 ideo
1341 2647 1399 2684 earn
1416 2631 1578 2696 manumisit,
1594 2637 1624 2684 ut
1637 2647 1747 2684 uxorem
1762 2647 1821 2684 earn
1835 2631 1923 2686 ducat.

1150 2695 1188 2754 30
1211 2697 1302 2752 Gerus
1313 2699 1381 2752 libro
1390 2699 1506 2752 secundo
1517 2699 1553 2752 od
1567 2699 1650 2768 iepem
1658 2697 1759 2752 Iuliam
1769 2703 1796 2752 et
1808 2697 1925 2770 Pupium

1117 2763 1260 2820 Simulatae
1277 2767 1386 2834 nuptiae
1404 2767 1503 2818 nullius
1520 2767 1644 2820 momenti
1661 2771 1731 2820 sunt.

1150 2829 1186 2890 31
1213 2833 1357 2888 [lueremus
1385 2833 1454 2888 libro
1485 2841 1563 2888 sexto
1595 2833 1632 2886 od
1663 2833 1746 2902 iepem
1772 2833 1872 2888 Iulum
1898 2839 1917 2890 d

1115 2899 1231 2970 Pupium
1266 2899 1294 2954 Si
1311 2903 1428 2956 senatori
1444 2901 1606 2968 indulgentia
1622 2901 1749 2970 principis
1766 2899 1848 2956 fuerit
1863 2917 1917 2970 per«

1115 2969 1224 3046 missum
1249 2969 1398 3022 libertinam
1423 2971 1522 3022 iustam
1547 2983 1655 3024 uxorem
1688 2970 1804 3034 habere,
1835 2971 1916 3038 potest

1114 3043 1185 3088 iusta
1202 3053 1269 3090 uxor
1286 3051 1352 3090 esse.

1149 3099 1190 3160 32
1208 3103 1386 3158 Mauortius
1409 3103 1476 3158 libro
1494 3105 1586 3174 primo
1610 3105 1647 3160 ad
1669 3103 1752 3176 dapem
1775 3103 1875 3158 Iuliam
1898 3111 1923 3158 ct

1115 3171 1231 3240 Pupium
1274 3171 1415 3226 Sciendum
1440 3179 1480 3226 est
1505 3171 1667 3236 libertinum,
1695 3171 1740 3240 qui
1764 3187 1794 3226 se
1809 3173 1922 3238 ingenuo

1115 3239 1186 3292 dedit
1202 3239 1398 3308 adrogaudum,
1423 3239 1540 3308 quamvis
1564 3241 1591 3292 iu
1614 3241 1669 3294 eius
1692 3241 1794 3292 familia
1817 3239 1923 3306 ingenui

1115 3307 1173 3360 iura
1184 3307 1225 3386 nsit
1243 3313 1410 3370 consecutus,
1428 3313 1459 3360 ut
1475 3307 1626 3362 libertinum
1643 3313 1731 3362 tamen
1750 3323 1767 3362 a
1783 3307 1923 3362 senatoriis

1115 3375 1521 3502 nuliusfdiirelltirilrulirlisdedd
1539 3443 1563 3496 le
1583 3459 1623 3496 em
1639 3441 1739 3496 ,lulium
1763 3447 1789 3498 el
1805 3441 1921 3512 Pupium

1114 3511 1236 3580 Plerique
1259 3511 1413 3580 opinantur,
1438 3529 1498 3566 curn
1523 3461 1614 3566 eelim
1637 3511 1729 3564 mulier
1753 3511 1787 3566 ad
1811 3511 1922 3564 eundem

1114 3579 1199 3632 virum
1215 3585 1371 3644 revertatur,
1388 3580 1416 3634 id
1433 3579 1628 3632 matrimonium
1644 3577 1713 3632 idem
1731 3595 1801 3634 esse:
1826 3579 1921 3648 quibus

1115 3647 1263 3712 adsentior,
1288 3649 1310 3700 si
1332 3663 1386 3700 uon
1409 3649 1492 3702 multo
1518 3653 1637 3714 tempore
1652 3647 1809 3716 interposito
1827 3661 1920 3700 recon-

1115 3715 1196 3766 ciliati
1218 3713 1317 3766 fuerint
1340 3731 1388 3768 nec
1411 3715 1481 3766 inter
1503 3731 1592 3768 moras
1615 3719 1662 3766 aut
1677 3715 1725 3766 illa
1742 3715 1786 3768 alii
1803 3713 1922 3782 nupserit

1115 3781 1230 3902 aupdlgio
1256 3781 1333 3834 aliam
1359 3781 1476 3844 duxerit,
1503 3781 1615 3834 maxime
1647 3781 1669 3834 si
1694 3797 1744 3836 nco
1771 3781 1858 3834 dotem
1882 3781 1922 3834 vir

1114 3865 1128 3902 r
1181 3849 1265 3902 ierit.

1129 3865 1188 3974 θ34
1204 3915 1388 3978 Prrrruaus
1404 3917 1471 3972 libro
1495 3923 1597 3998 quarto·
1610 3931 1800 3994 responsorum
1812 3919 1833 3950 ¹¹
1867 3915 1918 3970 Ge-

1114 3985 1197 4040 nerali
1220 3985 1344 4038 mandato
1367 3985 1510 4054 quaerendi
1533 3989 1620 4036 ιιιειιιι
1643 3985 1712 4038 filiae
1733 3985 1848 4040 famlias
1866 3999 1920 4038 non

1114 4053 1171 4108 fieri
1187 4053 1293 4120 nuptias
1311 4053 1422 4106 rationis
1440 4059 1494 4108 est:
1513 4053 1602 4120 itaque
1618 4069 1759 4122 personam
1777 4053 1833 4108 eius
1849 4051 1920 4122 patri

1115 4121 1296 4186 demonstrari,
1315 4123 1361 4188 qui
1377 4121 1544 4174 matrimonio
1565 4123 1741 4186 consenserit,
1765 4125 1796 4174 nt
1813 4121 1920 4190 nuptiae

1116 4195 1128 4242 1
1166 4189 1365 4252 contrahantur,
1382 4205 1491 4242 necesse
1508 4195 1556 4242 est.
1592 4189 1674 4240 lisam
1692 4189 1824 4252 adulterii,
1842 4203 1920 4258 quarn

1114 4257 1153 4310 vir
1169 4257 1227 4310 iure
1244 4257 1331 4310 mariti
1347 4257 1504 4324 postulavit,
1528 4273 1582 4310 uon
1604 4255 1761 4324 prohibetur
1777 4261 1839 4324 post
1856 4255 1919 4308 abo-

1114 4325 1232 4378 litionem
1249 4339 1360 4378 uxorem
1385 4325 1470 4378 denuo
1495 4325 1606 4378 ducere:
1633 4323 1679 4378 sed
1703 4329 1729 4378 et
1753 4325 1776 4378 si
1793 4339 1847 4378 non
1863 4325 1920 4378 iure

1115 4393 1202 4444 mariti
1218 4407 1290 4444 ream
1307 4393 1459 4458 postulavit,
1473 4393 1531 4446 iure
1545 4399 1711 4446 conuectum
1726 4393 1920 4446 matrimonium

1115 4465 1130 4514 2
1164 4459 1303 4514 videbitur.
1330 4459 1402 4512 Inter
1410 4459 1544 4528 privignos
1554 4461 1674 4514 contrahi
1682 4459 1792 4528 nuptiae
1800 4465 1919 4528 possunt,

1116 4529 1164 4582 etsi
1188 4527 1297 4580 fratrem
1320 4543 1484 4582 communem
1507 4543 1541 4582 ex
1565 4543 1632 4580 novo
1658 4527 1809 4596 parentium
1831 4527 1920 4580 matri·

1115 4601 1131 4648 3
1165 4595 1252 4648 monio
1261 4601 1413 4664 susceptum
1421 4597 1545 4650 habeant.
1570 4595 1665 4648 Filiam
1674 4595 1803 4650 senatoris
1814 4597 1920 4662 nuptias

1114 4663 1229 4716 libertini
1251 4675 1369 4716 secutam
1391 4663 1476 4732 patris
1493 4679 1572 4716 casus
1589 4677 1644 4716 nou
1664 4661 1749 4714 iaciat
1757 4663 1777 4694 ¹¹
1794 4675 1918 4716 uxorem:

1115 4745 1177 4782 uam
1186 4729 1305 4798 quaesita
1314 4729 1427 4798 dignitas
1435 4729 1526 4784 hberis
1541 4733 1650 4798 propter
1658 4729 1757 4784 crimen
1766 4731 1788 4762 ¹⁵
1804 4729 1888 4798 patris
1898 4731 1920 4762 ¹¹

1115 4795 1260 4852 auferenda
1277 4813 1330 4852 non
1341 4799 1361 4832 ¹⁷
1379 4803 1427 4852 est.
1819 4851 1821 4856 .

1149 4861 1188 4920 35
1206 4865 1292 4920 loru.
1301 4867 1368 4938 libro
1385 4869 1464 4920 scroto
1481 4881 1671 4936 responsorum
1704 4863 1788 4918 Filius
1805 4865 1918 4918 familias

1115 4933 1188 4986 miles
1197 4923 1389 4986 matrimdnium
1404 4933 1462 4986 siue
1475 4933 1559 5002 patris
1573 4933 1770 4986 voluntatenon
1779 4933 1918 4986 contrahit.

1149 4995 1190 5056 36
1208 4999 1326 5054 Pronus
1344 4999 1411 5054 libro
1436 5003 1530 5068 quinto
1553 5001 1738 5068 quaestionum
1778 4999 1863 5054 Tutor
1879 5001 1920 5054 rel

1117 5071 1224 5122 curator
1246 5067 1363 5122 adultam
1385 5083 1494 5122 uxorem
1517 5067 1613 5122 ducere
1634 5083 1688 5122 non
1711 5073 1813 5134 potest,
1836 5067 1920 5122 nisio

1115 5141 1192 5206 patre
1217 5135 1350 5204 desponsa
1376 5135 1539 5190 destinatave
1569 5139 1759 5190 testamentove
1783 5137 1917 5190 nominata

1117 5203 1271 5258 condicione
1280 5205 1301 5236 ¹⁸
1316 5203 1416 5272 nuptiis
1431 5209 1527 5258 ,secuta
1542 5203 1630 5256 fuerit.

1150 5267 1190 5328 37
1207 5269 1289 5324 rnre
1301 5269 1368 5326 libro
1385 5271 1498 5340 septimo
1517 5287 1707 5340 responsorum
1731 5269 1920 5324 Libertumcu·

1117 5339 1213 5392 ratoris
1218 5337 1321 5406 puellae
1326 5337 1460 5406 prohiberi
1471 5343 1575 5406 oportet
1583 5353 1692 5392 uxorem
1698 5337 1808 5392 eandem
1816 5337 1918 5392 durae.

264 5509 293 5568 (ιι
311 5505 363 5566 scd]
374 5509 398 5554 ct
406 5523 453 5556 scr.
555 5509 588 5568 (a)
605 5507 765 5556 rectiusHol.
869 5509 900 5566 ta)
919 5507 1065 5570 quidam]et
1115 5509 1294 5558 ruminel-Iol.
1364 5507 1408 5572 (1²)
1416 5505 1518 5554 ridente
1526 5507 1617 5554 marito
1625 5507 1663 5568 Ρ,
1673 5507 1773 5558 vivente
1781 5507 1919 5570 medula

263 5575 426 5638 quidemedd.
495 5573 526 5628 ut
545 5575 937 5626 etsocrumuxorismatremius.
952 5575 1066 5644 Krueper
1115 5575 1239 5638 pendente
1247 5589 1350 5624 eaareo
1358 5593 1404 5626 sec.
1414 5573 1446 5626 B.
1454 5593 1500 5624 scr.
1560 5575 1734 5636 (13l§a=D.
1746 5579 1770 5640 1,
1780 5587 1824 5640 aa
1877 5581 1918 5638 (tt)

263 5645 296 5704 (a)
314 5635 488 5706 appellentF²
555 5641 588 5700 (u)
605 5643 968 5708 meamscusereutliuckerus
1032 5647 1064 5704 ιι)
1115 5639 1218 5704 faciti).
1230 5643 1246 5692 i.
1254 5661 1330 5710 pem·
1376 5645 1418 5700 (15)
1429 5643 1533 5704 crimen]
1544 5659 1627 5692 casum
1637 5639 1669 5694 l).
1680 5643 1696 5692 l.
1705 5663 1766 5710 pem.
1828 5647 1918 5708 (idirc-

263 5707 429 5772 impediatF¹
489 5707 522 5766 (8)
539 5711 685 5770 magnatus.
745 5711 778 5772 (a)
797 5709 877 5760 Marci
886 5713 1009 5760 Antonini
1017 5731 1065 5762 scr.
1115 5711 1292 5760 motiasenotu
1300 5713 1344 5762 ina.
1352 5707 1385 5764 D.
1393 5711 1473 5778 lpem.
1510 5711 1914 5780 (ttinondelt.cuml.pem.,om.F

258 5779 351 5836 feroci
366 5773 472 5836 Wiciiup
541 5777 585 5834 [tol
602 5779 781 5826 mundaturum
790 5779 909 5838 B‚om.F
968 5783 1009 5842 itt)
1027 5793 1065 5828 rc-
1116 5779 1160 5838 tlsi
1179 5781 1405 5834 condicionemscr.
