4366 6258
1298 373 1344 420 DE
1366 373 1605 424 maurentinus.
1648 373 1679 422 81
1698 371 1833 422 meon
1854 373 1926 424 CET-

260 359 307 422 Χ]
331 361 389 424 ab
1061 349 1120 422 154

259 541 390 612 praesidis
398 539 549 610 provinciae
558 541 598 596 vel
607 541 776 610 proconsulis
791 541 986 612 conprehensos
1000 539 1070 612 frigi·
1120 541 1183 596 velit
1198 541 1241 596 vel
1256 541 1390 608 venditor,
1413 541 1490 598 cuius
1506 541 1578 596 modi
1595 559 1657 612 ager
1673 547 1775 598 veneat.
1801 541 1861 596 ideo
1880 555 1925 594 au-

260 609 328 664 tivos
345 613 418 664 recte
435 607 627 664 transmittunt.
1106 613 1173 664 tem
1190 609 1262 664 hanc
1278 611 1410 664 actionem
1425 611 1578 680 proposuit,
1602 611 1665 678 quia
1688 625 1743 664 non
1760 609 1927 664 crediderunt

298 677 316 736 5
336 679 542 732 Tarruourrrus
563 675 630 732 libro
643 675 735 748 primo
754 677 963 748 disputationum
997 677 1026 732 Si
1041 679 1070 732 in
1120 685 1221 730 vemres
1244 677 1314 732 inter
1336 679 1416 732 talem
1433 691 1575 746 personam
1591 679 1749 732 locationem
1767 681 1794 730 et
1811 677 1926 732 eonduc-

260 745 391 806 barenam
404 741 530 810 fugitivus
548 759 638 800 seruus
656 759 685 798 se
703 745 819 812 dederit,
843 761 878 800 ne
894 745 946 800 isto
964 745 1070 814 quidem
1119 741 1219 800 tionem
1242 759 1312 810 esse,
1336 745 1383 800 sed
1405 745 1488 814 magis
1511 761 1620 814 operam
1637 745 1755 800 beneficii
1773 745 1833 798 loco
1850 759 1926 814 prae-

258 811 392 882 periculo,
417 811 573 864 discriminis
590 811 661 866 vitae
678 817 795 878 mnium,
820 815 872 868 sibi
887 813 1003 880 irrogato
1021 829 1069 882 po·
1120 813 1178 868 beri
1195 817 1222 868 et
1238 813 1266 866 id
1283 813 1353 882 qnod
1370 813 1450 868 datur
1467 815 1505 880 ei,
1530 815 1565 868 ad
1588 813 1809 868 remunerandum
1827 811 1884 866 dari
1902 817 1928 866 et

259 887 383 934 testatem
399 877 498 932 domini
516 879 613 934 evitare
633 881 744 948 poterit:
768 899 829 936 nam
853 883 928 936 divus
945 881 1009 936 Pius
1026 897 1068 936 re-
1119 881 1182 934 inde
1198 881 1370 936 honoratione
1387 883 1530 950 appellari:
1556 883 1579 934 si
1601 889 1689 936 autem
1709 883 1846 936 err-locato
1865 895 1927 934 con-

259 947 367 1016 seripsit
396 947 545 1000 omnimodo
572 961 617 1000 eos
644 947 756 1004 dominis
782 951 837 1006 suis
861 947 990 1004 reddere*
1016 949 1071 1004 sive
1121 949 1201 1002 ducto
1219 949 1300 1002 fuerit
1317 953 1422 1012 actum,
1446 949 1587 1004 dicendum
1604 949 1654 1004 erit
1670 965 1719 1002 neo
1736 955 1826 1004 terrem
1842 949 1927 1000 inten-

262 1021 324 1068 anie
361 1029 457 1080 agnam
474 1015 508 1066 ad
524 1015 624 1068 bestias
642 1015 697 1068 sive
713 1023 776 1084 post
792 1033 921 1086 pugnam,
944 1019 1068 1086 qnoniam

258 1031 392 1136 interddm
410 1087 457 1134 aut
473 1081 587 1150 pecunia
603 1081 750 1138 interversa
764 1093 811 1138 aut
825 1085 965 1138 commisso
980 1085 1068 1152 aliquo

259 1149 360 1202 maiore
374 1147 502 1204 maleficio
518 1149 552 1202 ad
566 1147 720 1216 fugiendam
734 1151 928 1222 inquisitionem
942 1153 1068 1206 velinsti·

258 1217 325 1270 tiam
354 1215 588 1270 animadversionis
611 1217 639 1270 iu
664 1219 791 1274 harenam
813 1233 843 1274 sc
865 1219 928 1272 dare
951 1219 1068 1274 mallent.

259 1283 337 1338 reddi
354 1299 416 1354 ergo
434 1299 480 1340 eos
497 1289 610 1354 oportet.

641 1425 692 1486 Vi.

507 1525 553 1574 nn
571 1525 813 1576 annanoniaus.

296 1621 310 1678 1
336 1621 961 1678 Uarianusb'broeioensimotmtiondedr'oium
986 1625 1068 1678 Prae-

258 1695 302 1746 tor
320 1691 371 1744 ait:
398 1691 435 1744 ‘Si
457 1691 516 1760 quis
540 1705 613 1758 eum,
638 1693 712 1762 apud
735 1707 811 1760 quem
829 1691 888 1744 alea
904 1691 993 1746 lusum
1010 1707 1069 1746 esse

260 1759 380 1824 ‘dicatum
398 1759 593 1814 verberaverit³
613 1759 770 1814 damnumve
785 1759 807 1810 ei
822 1759 923 1812 dederit
937 1759 992 1814 sive
1006 1759 1069 1828 quid

260 1831 300 1882 ‘eo
316 1831 435 1894 tempore
450 1827 529 1882 dolo⁴
544 1829 599 1882 eius
614 1831 780 1882 subtractum
795 1831 836 1878 est
843 1829 861 1892 ὅ,
877 1827 1006 1882 iudicium
1015 1843 1069 1882 non

259 1895 347 1950 ‘dabo
374 1897 402 1948 in
418 1911 486 1960 eum,
502 1897 547 1966 qui
561 1897 636 1950 aleae
650 1895 782 1950 ludeudae
791 1909 873 1948 eausa
880 1895 933 1948 vim
941 1895 1068 1960 intulerit,

259 1969 271 2016 i
310 1963 359 2016 ‘uti
377 1979 496 2032 quaeque
512 1979 555 2018 res
573 1963 636 2028 erit,
656 1963 879 2016 animadvertam.¹
915 1961 943 2016 Si
960 1963 1068 2032 rapinas

257 2029 372 2086 fecerint
384 2033 453 2086 inter
467 2047 496 2086 se
512 2033 665 2098 collusores
679 2031 705 2084 vi
719 2031 849 2084 bonorum
862 2035 1001 2098 raptorum
1015 2047 1070 2084 non

259 2099 431 2168 denegabitur
448 2101 532 2156 eobo:
551 2099 751 2168 susceptoremi
770 2097 839 2152 enim
852 2099 991 2154 dumtaxat
1004 2115 1068 2180 pro·
1091 2151 1092 2154 ,

258 2167 345 2222 hibuit
362 2169 498 2236 uindicari,
515 2185 570 2224 non
587 2173 614 2224 et
632 2167 785 2232 collusores,
803 2167 921 2234 quamvis
940 2173 967 2220 ot
983 2167 1011 2222 br
1028 2167 1068 2222 in-

258 2239 273 2290 2
310 2235 381 2306 digni
396 2237 543 2292 videantur.
579 2239 645 2290 Item
662 2235 822 2300 notandum,
842 2235 913 2304 quod
929 2241 1068 2302 suscepto-

257 2319 313 2358 rem
330 2307 497 2360 verberatum
514 2305 619 2374 quidem
637 2309 664 2356 et
681 2303 804 2358 damnum
821 2319 931 2372 passum
948 2305 1068 2356 ubicum-

275 2387 310 2426 ue
327 2377 354 2426 et
378 2373 597 2440 quandocumque
621 2387 676 2424 non
698 2371 828 2426 vindicat:
851 2387 944 2424 verum
968 2371 1069 2424 furtum

257 2389 376 2494 dactnm⁷
395 2441 464 2494 domi
480 2445 506 2494 et
520 2455 551 2494 eo
566 2447 687 2506 tempore
701 2455 753 2506 quo
768 2439 826 2492 alea
839 2439 989 2502 ludebatur,
1007 2437 1069 2492 lieet

257 2507 331 2560 lusor
348 2525 402 2562 non
418 2507 499 2560 fuerit
516 2507 561 2574 qui
579 2505 642 2574 quid
661 2505 874 2572 commiscent,
899 2507 1006 2574 impune
1028 2505 1067 2560 fit.

258 2575 365 2630 demum
388 2581 477 2628 autem
500 2589 548 2642 pro
571 2575 738 2626 habitatione
761 2581 788 2626 et
805 2575 936 2628 domicilio
956 2589 1004 2626 nos
1024 2589 1068 2626 ac-

258 2647 273 2696 3
309 2643 395 2710 cipere
419 2641 514 2696 debere
538 2647 638 2696 certum
664 2647 711 2694 est.
748 2641 824 2710 Quod
848 2649 938 2694 autem
961 2647 1069 2710 praetor

257 2715 336 2778 negat
354 2725 382 2764 se
398 2707 465 2764 furti
482 2709 613 2764 actionem
628 2707 761 2774 daturum,
780 2709 915 2774 videamus
929 2715 1019 2762 uirum
1034 2709 1069 2762 ad

257 2779 396 2898 Epenalam
422 2777 554 2830 actionem
577 2777 661 2830 solam
683 2777 816 2846 pertineat
833 2793 868 2830 an
886 2783 913 2830 et
929 2777 954 2830 si
970 2777 1005 2830 ad
1023 2793 1067 2830 ex·

278 2843 400 2898 'bendum
425 2845 487 2898 velit
504 2861 581 2914 agere
598 2845 639 2900 vel
656 2845 792 2900 vindicare
807 2845 850 2898 vel
867 2845 1015 2900 condicere.
1043 2851 1069 2900 et

257 2919 299 2968 est
320 2915 433 2968 relatum
456 2913 528 2982 apud
545 2913 723 2982 Pomponium
746 2913 911 2968 solummodo
929 2915 1068 2982 poenalem

257 2981 389 3036 actionem
407 2981 576 3050 denegatam,
594 2981 666 3050 quod
683 2999 738 3036 non
755 2989 819 3050 puto
837 2999 941 3036 verum:
960 2989 1069 3050 praetor

257 3049 326 3104 enim
340 3049 389 3102 sim
408 3049 495 3104 liciter
509 3049 547 3103 ait
563 3049 594 3104 ‘si
608 3049 671 3118 quid
686 3051 852 3104 subtractum
867 3051 924 3114 erit,
943 3049 1068 3104 iudicium

257 3121 273 3172 t
308 3121 372 3172 ‘non
386 3067 473 3172 dabe'.
509 3119 549 3172 ‘ln
567 3119 644 3184 eum’,
662 3119 756 3188 inquit,
776 3121 828 3188 ‘qui
847 3119 921 3172 aleae
938 3118 1069 3173 ludeudae

258 3191 351 3238 ‘eausa
368 3185 420 3238 vim
437 3187 569 3250 intulerit,
594 3187 634 3240 uti
659 3203 779 3256 quaeque
800 3203 843 3240 res
862 3187 924 3252 erit,
949 3187 1068 3240 animad-

258 3253 385 3308 ‘vertam’
410 3253 477 3308 baec
495 3253 614 3308 clausula
630 3255 747 3322 pertinet
764 3255 799 3308 ad
816 3255 1068 3308 animadversionem

259 3319 1006 3458 latitanti.l²tnta¹¹ttt²l.illt.tifi¹ff
1023 3329 1070 3376 ³¹¹³

293 3451 449 3512 2Pnunus
469 3457 536 3512 libro
559 3475 630 3510 acuo
655 3457 756 3512 decimo
781 3459 818 3512 ud
834 3459 948 3514 ratetum
983 3457 1070 3512 solent

260 3523 330 3578 enim
353 3523 459 3604 quidam
483 3529 510 3578 et
533 3541 627 3592 eogere
650 3525 686 3578 ad
707 3527 795 3580 lusum
818 3527 859 3580 vel
883 3527 917 3580 ab
935 3523 1011 3580 initio
1028 3527 1070 3580 rel

262 3597 273 3646 1
310 3591 374 3646 victi
395 3591 459 3644 dum
481 3593 602 3646 retinent.
638 3593 751 3646 Senatus
776 3595 924 3648 consultum
941 3593 1026 3648 vetuit
1040 3593 1070 3646 in

260 3659 401 3728 pecuniam
416 3659 514 3724 ludere,
529 3667 716 3730 praeterquam
730 3661 752 3714 si
766 3661 824 3730 quis
840 3667 923 3716 certet
936 3662 1015 3716 hasta
1029 3661 1070 3714 vel

261 3727 443 3796 piloiaeiando
452 3728 493 3782 vel
509 3727 638 3784 cmrendo
653 3729 771 3784 saliendo
785 3729 911 3784 luctando
926 3729 1068 3798 pugnando

263 3795 333 3864 quod
350 3795 453 3848 virtutis
472 3811 553 3850 causa
569 3797 631 3850 liat:

296 3859 315 3920 3
334 3861 509 3918 Mamertinus
529 3865 597 3920 libro
621 3865 714 3934 quinto
732 3865 888 3936 aequiorum
921 3865 950 3918 in
973 3865 1069 3934 quibus

262 3931 342 3986 rebus
368 3947 401 3986 ex
425 3931 483 4054 ispe
506 3931 576 3986 Titia
600 3937 627 3986 et
649 3933 770 3986 Publicia
795 3939 820 3988 et
844 3933 966 3988 Cornelia
991 3933 1070 3986 etiam

263 3999 431 4070 sponsionem
459 4015 534 4056 acere
551 4001 626 4054 lieet:
646 4001 693 4054 sed
711 4017 744 4054 ex
761 4001 827 4066 aliis,
845 4001 892 4056 ubi
908 4017 957 4072 pro
974 4003 1070 4056 virtute

266 4075 399 4124 cunamen
414 4083 469 4122 non
485 4069 524 4134 iit,
542 4085 596 4124 non
612 4069 683 4124 licet.

298 4135 318 4192 4
335 4135 453 4190 Plutus
467 4137 536 4192 libro
553 4153 623 4192 auno
638 4137 740 4192 decimo
755 4137 792 4192 ad
805 4137 919 4192 edictum
953 4137 1029 4204 Quod
1041 4139 1070 4192 iu

265 4203 384 4260 conuiuio
399 4203 522 4258 vescendi
537 4219 619 4258 causa
652 4205 748 4270 onitur,
765 4205 794 4258 in
809 4219 867 4258 eam
881 4221 936 4258 rem
951 4207 1070 4260 familia8

268 4279 279 4326 i
315 4273 406 4326 ludere
430 4273 597 4342 permittitur.
631 4223 660 4326 dt
683 4289 772 4328 servus
794 4273 836 4326 vel
860 4271 930 4328 filius
956 4273 1070 4328 familias

264 4341 348 4396 victus
374 4339 468 4406 fuerit,
494 4341 564 4408 patri
589 4341 631 4396 vel
658 4341 762 4396 domino
790 4341 915 4408 competit
939 4341 1068 4410 repetitio.

264 4409 327 4462 item
344 4407 366 4462 si
383 4423 473 4462 servus
491 4409 624 4488 acceperit
639 4409 793 4478 pecuniam,
818 4407 926 4468 dabitur
941 4409 970 4463 in
987 4409 1069 4464 domi-

264 4493 328 4532 num
345 4477 378 4532 de
394 4475 497 4546 peculio
515 4483 600 4544 actio,
624 4495 679 4532 non
695 4477 811 4542 noxalis,
834 4477 897 4546 quia
914 4493 948 4530 ex
965 4477 1069 4546 negotio

264 4551 337 4614 gesto
353 4545 453 4614 agitur:
471 4543 585 4600 sednon
600 4547 713 4614 amplius
730 4545 860 4612 cogendus
876 4549 1069 4614 estpotestate,

264 4617 279 4668 2
315 4629 394 4682 quam
415 4613 443 4666 id
460 4613 531 4682 qnod
548 4629 582 4666 ex
599 4629 630 4666 ea
647 4629 677 4666 re
693 4615 720 4666 in
737 4613 840 4680 peculio
857 4613 900 4666 sit.
934 4613 1070 4668 Adversus

264 4687 388 4750 parentes
403 4687 430 4736 et
443 4687 571 4750 patronos
585 4681 707 4750 repetitio
725 4681 779 4734 eius
795 4679 866 4750 quod
878 4681 907 4734 in
915 4680 975 4734 alea
982 4681 1070 4736 lusum

266 4753 307 4804 est
323 4749 394 4804 utilis
412 4765 444 4804 ex
461 4749 512 4804 hoc
530 4749 615 4804 edicto
634 4747 723 4804 danda
740 4753 787 4802 est.

1123 1021 1134 1070 1
1170 1017 1277 1070 tionem.
1313 1015 1387 1070 Haec
1402 1015 1472 1070 aetio
1482 1017 1677 1070 dolummalum
1686 1015 1825 1070 dumtaxat
1834 1015 1926 1084 exigit:

1120 1083 1205 1138 νίειιννν
1229 1087 1270 1138 est
1293 1083 1363 1138 enim
1380 1083 1446 1136 satis
1463 1083 1622 1152 abundeque
1640 1083 1755 1138 coerceri
1772 1099 1927 1148 mensorem,

1121 1151 1238 1204 sidolus
1256 1151 1341 1204 malus
1358 1151 1431 1204 solus
1455 1153 1629 1204 conveniatur
1652 1151 1708 1204 eius
1731 1151 1859 1216 hominis,
1885 1151 1929 1218 qui

1121 1219 1233 1274 civiliter
1256 1219 1387 1288 obligatus
1410 1233 1465 1272 uon
1490 1225 1536 1272 est.
1563 1219 1674 1288 proinde
1697 1219 1719 1272 si
1736 1219 1857 1288 imperite
1872 1233 1928 1270 ver-

1120 1291 1196 1342 satus
1213 1291 1262 1352 est,
1280 1287 1330 1342 sibi
1346 1287 1479 1356 imputare
1496 1285 1576 1340 debet
1593 1285 1638 1354 qui
1655 1301 1714 1340 eum
1729 1285 1864 1340 adhibuit:
1883 1285 1929 1340 sed

1121 1355 1188 1408 etsi
1210 1357 1392 1424 neglegenter,
1415 1369 1500 1424 aeque
1523 1369 1631 1408 mensor
1653 1369 1763 1408 securus
1789 1353 1851 1408 erit:
1875 1353 1931 1408 lata

1121 1423 1200 1490 eulpa
1222 1423 1302 1490 plane
1325 1423 1386 1476 dolo
1404 1423 1609 1492 comparabitur.
1637 1423 1683 1476 sed
1701 1423 1767 1476 etsi
1784 1423 1929 1476 mercedem

1120 1489 1238 1558 accepit,
1262 1507 1317 1544 non
1339 1505 1442 1544 omnem
1467 1489 1572 1558 culpam
1591 1507 1650 1544 eum
1668 1495 1805 1558 praestare
1822 1495 1931 1558 propter

1120 1555 1200 1610 verim
1218 1557 1310 1612 edicti:
1328 1559 1420 1624 utique
1436 1559 1504 1610 enim
1520 1559 1571 1612 scit
1585 1563 1692 1626 praetor
1707 1563 1734 1610 et
1748 1557 1869 1610 mercede
1885 1573 1929 1612 eos

1121 1627 1135 1676 2
1169 1623 1335 1678 intervenire.
1371 1627 1397 1678 ls
1415 1631 1505 1678 autem
1523 1631 1629 1678 tenetur
1641 1627 1692 1678 hac
1709 1625 1813 1678 actione
1829 1625 1874 1692 qui
1889 1639 1929 1678 re-

1120 1691 1265 1752 nuntiavit:
1289 1691 1337 1746 sed
1353 1693 1519 1746 renuntiasse
1538 1699 1564 1744 et
1581 1709 1641 1746 enm
1659 1693 1780 1760 accipere
1797 1693 1930 1756 debemus,

1120 1757 1165 1826 qui
1182 1773 1230 1828 per
1248 1759 1328 1812 alium
1345 1759 1506 1812 renuntiavit

1155 1823 1174 1882 2
1192 1825 1311 1880 Parrus
1331 1827 1399 1882 libro
1417 1827 1559 1880 vicensimo
1577 1827 1670 1894 qurffnto
1688 1827 1726 1880 act
1742 1827 1857 1882 edictum
1890 1828 1931 1882 vel

1124 1897 1134 1946 l
1171 1909 1218 1962 per
1234 1895 1346 1948 litteras.
1383 1893 1436 1948 Sed
1453 1895 1476 1948 si
1494 1909 1541 1962 ego
1559 1895 1624 1960 tibi,
1649 1911 1710 1948 oum
1727 1909 1800 1948 esses
1817 1909 1931 1960 mensor,

1120 1961 1307 2026 mandaverim,
1325 1967 1356 2014 ut
1373 1977 1524 2016 mensnram
1541 1963 1598 2028 agri
1615 1977 1706 2030 ageres
1724 1967 1751 2016 et
1766 1969 1797 2014 tu
1814 1963 1842 2014 id
1859 1963 1929 2016 Titio

1121 2029 1280 2098 delegaveris
1299 2035 1325 2082 et
1341 2029 1385 2082 ille
1403 2029 1464 2084 dolo
1482 2029 1552 2084 malo
1571 2029 1634 2098 quid
1649 2031 1678 2082 in
1693 2045 1725 2084 ea
1739 2047 1767 2084 rc
1781 2029 1883 2096 fecerit,
1901 2035 1931 2082 tu

1119 2097 1261 2220 tenffifis’
1280 2097 1342 2168 quia
1360 2097 1420 2152 dolo
1434 2099 1503 2152 malo
1520 2103 1640 2152 uersatus
1655 2113 1692 2164 es,
1710 2099 1756 2166 qui
1771 2099 1819 2152 tali
1833 2099 1931 2154 homiui

1121 2183 1166 2220 cre
1187 2167 1192 2178 '
1214 2167 1265 2220 ‘sti

1154 2231 1172 2290 3
1196 2233 1342 2290 arrianas
1358 2233 1425 2290 i'bro
1439 2235 1582 2288 vicensimo
1598 2241 1694 2302 quarto
1709 2233 1747 2288 cul
1761 2235 1876 2290 edictum
1904 2235 1931 2288 Si

1121 2303 1224 2356 duobus
1243 2303 1402 2356 mandavero
1421 2307 1449 2356 et
1465 2301 1542 2356 ambo
1562 2301 1653 2356 dolose
1667 2299 1787 2368 fecerint,
1805 2303 1931 2356 adversus

1120 2371 1237 2438 singulos
1254 2371 1282 2424 in
1300 2371 1413 2424 solidum
1431 2371 1473 2438 agi
1490 2371 1602 2438 poterit,
1625 2369 1673 2422 sed
1690 2371 1773 2424 altero
1793 2377 1930 2434 convento,

1121 2437 1143 2490 si
1160 2437 1335 2502 satisfecerit,
1359 2437 1387 2490 in
1404 2438 1517 2490 alterum
1535 2437 1667 2494 actionem
1685 2437 1807 2506 denegari
1825 2443 1930 2506 oporte·

1124 2509 1134 2556 1
1171 2505 1218 2558 bit
1254 2505 1387 2572 Competit
1404 2509 1493 2558 autem
1510 2505 1577 2560 haec
1595 2505 1664 2578 actio
1689 2505 1727 2570 ei,
1751 2503 1827 2558 cuius
1850 2507 1931 2558 inter-

1120 2571 1172 2626 fuit
1188 2573 1285 2628 fabum
1310 2573 1416 2626 modum
1439 2575 1619 2626 renuntiatum
1642 2587 1696 2626 non
1721 2587 1795 2636 esse,
1817 2575 1869 2626 boo
1893 2579 1932 2626 est

1121 2643 1136 2694 2
1170 2641 1212 2694 vel
1219 2641 1377 2710 emptorivel
1384 2641 1521 2706 venditori,
1532 2641 1575 2694 oui
1583 2641 1742 2694 renuntiatio
1750 2639 1834 2694 offuit.
1853 2641 1930 2694 Pom-

1121 2707 1217 2776 ponius
1241 2713 1330 2762 tamen
1354 2707 1460 2774 scribit,
1486 2709 1509 2762 si
1527 2715 1630 2778 emptor
1646 2709 1705 2776 plus
1724 2707 1825 2762 dederit
1841 2709 1931 2764 vendi-

1120 2777 1173 2830 tori
1195 2781 1305 2844 propter
1326 2777 1565 2842 renuntiationem,
1596 2777 1657 2844 qnia
1681 2777 1821 2830 condicere
1844 2783 1932 2846 potest

1121 2845 1192 2914 quod
1209 2845 1270 2912 plus
1294 2845 1380 2910 dedit,
1404 2845 1447 2914 agi
1464 2861 1525 2900 oum
1542 2859 1662 2898 mensore
1680 2861 1734 2898 non
1750 2861 1844 2914 posse:
1868 2845 1931 2898 nibil

1121 2911 1190 2966 enirn
1208 2913 1333 2980 emptoris
1350 2911 1492 2978 interesse,
1517 2929 1578 2968 cnm
1602 2913 1686 2980 possit
1705 2913 1857 2968 condicere:
1882 2913 1933 2966 nisi

1121 2981 1245 3034 solvendo
1264 2981 1384 3036 venditor
1400 2997 1455 3034 nou
1472 2981 1536 3034 fuit:
1561 2987 1626 3034 tuno
1650 2981 1719 3034 enim
1736 2997 1843 3036 mensor
1860 2985 1931 3034 tene-

1121 3055 1135 3104 3
1171 3049 1251 3102 bitur.
1287 3049 1340 3104 Sed
1355 3049 1377 3104 si
1391 3049 1512 3104 venditor
1526 3049 1652 3102 maiorem
1670 3049 1776 3104 modum
1793 3049 1932 3104 tradiderit

1120 3117 1261 3172 fraudatus
1279 3133 1295 3170 a
1312 3133 1447 3182 mensore,
1474 3123 1665 3186 consequenter
1688 3117 1752 3172 dicit
1769 3119 1932 3186 Pomponius

1121 3201 1175 3240 non
1193 3201 1251 3240 esse
1268 3187 1400 3240 actionem
1418 3187 1545 3240 adversus
1568 3201 1729 3250 mensorem,
1769 3187 1814 3238 uia
1839 3191 1879 3238 est
1901 3201 1931 3240 er

1120 3253 1225 3306 vendito
1244 3255 1315 3308 aetio
1333 3253 1459 3308 adversus
1478 3259 1637 3322 emptorem,
1655 3253 1707 3306 nisi
1725 3259 1752 3308 et
1787 3255 1812 3308 ic
1829 3259 1933 3322 emptor

1121 3325 1136 3374 4
1172 3319 1297 3376 solvendo
1324 3337 1378 3374 non
1403 3321 1446 3374 sit.
1481 3321 1555 3386 Idem
1580 3321 1744 3390 Pomponius
1770 3321 1877 3386 scribit,
1910 3319 1932 3374 si

1121 3395 1231 3458 propter
1247 3389 1374 3442 iudicium
1392 3387 1526 3444 adbibitus
1544 3405 1650 3444 mensor
1667 3389 1830 3442 fraudaverit
1847 3403 1888 3442 me
1905 3387 1932 3442 in

1121 3457 1323 3522 renuntiatione,
1340 3457 1425 3510 teneri
1443 3471 1511 3522 eum,
1529 3457 1553 3512 si
1570 3459 1605 3512 ob
1619 3459 1671 3512 hoc
1686 3457 1719 3512 de
1732 3457 1830 3510 indicio
1846 3457 1932 3510 minus

1121 3524 1182 3579 tuli:
1200 3523 1278 3592 plane
1296 3525 1319 3578 si
1337 3541 1353 3578 a
1370 3525 1456 3580 iudice
1474 3527 1608 3580 adhibitus
1627 3531 1720 3580 contra
1737 3541 1779 3580 me
1796 3523 1931 3580 renuntia-

1120 3593 1257 3646 veritdolo
1274 3591 1353 3658 malo,
1369 3593 1531 3658 dubitatum
1546 3595 1630 3648 teneri
1644 3593 1706 3648 mihi
1722 3593 1836 3646 debeat?
1860 3591 1932 3662 quod

1121 3665 1136 3714 5
1171 3661 1255 3728 magis
1280 3661 1401 3714 admittit
1437 3661 1515 3716 Hauc
1532 3661 1664 3716 actionem
1680 3661 1771 3716 heredi
1789 3661 1930 3714 similibus·

1121 3745 1172 3796 que
1189 3727 1310 3796 personis
1328 3727 1443 3782 dandam
1460 3729 1623 3796 Pomponius
1641 3729 1745 3784 scribit:
1770 3729 1817 3784 sed
1839 3731 1868 3782 in
1884 3729 1930 3782 he-

1121 3803 1137 3850 6
1172 3795 1263 3850 nedem
1280 3795 1429 3864 similesque
1445 3811 1575 3864 personas
1592 3797 1770 3864 denegandam
1784 3797 1830 3850 ait.
1858 3795 1931 3850 Servi

1121 3869 1210 3916 autem
1227 3865 1333 3918 nomine
1349 3865 1431 3934 magis
1449 3863 1545 3918 noxale
1563 3881 1642 3932 quam
1660 3865 1692 3918 de
1706 3865 1809 3932 peculio
1826 3881 1930 3934 compe·

1121 3937 1177 3986 tere
1195 3931 1240 3996 ait,
1259 3933 1377 4000 quamvis
1396 3933 1478 3986 civilis
1496 3931 1571 3988 actio
1585 3933 1617 3986 de
1633 3933 1738 4002 peculio
1757 3937 1899 4002 competat.

1155 3997 1175 4056 4
1193 3999 1313 4054 Paulus
1324 4001 1391 4054 libro
1406 4001 1547 4054 ciceroniana
1563 4003 1656 4072 quinto
1673 3999 1708 4054 ad
1718 4001 1832 4054 edictum
1858 4001 1931 4054 Haec

1121 4069 1191 4122 actio
1207 4075 1338 4148 perpetua
1355 4073 1404 4134 est,
1423 4069 1485 4138 quia
1501 4069 1605 4124 initium
1620 4069 1659 4124 rei
1669 4071 1689 4102 ¹⁰
1700 4085 1755 4124 non
1769 4069 1804 4124 ad
1818 4069 1929 4124 circum·

1121 4137 1299 4206 scriptionem,
1309 4136 1356 4192 sed
1365 4139 1403 4190 a¹¹
1414 4141 1539 4204 suscepto
1549 4137 1929 4206 negotiaorig‘nemaooiptr12.

1157 4205 1174 4260 5
1199 4205 1344 4260 Uarianos
1358 4207 1425 4260 libro
1444 4207 1585 4260 uicensimo
1601 4209 1698 4274 quarto
1712 4205 1749 4258 ad
1762 4205 1877 4258 edictum
1903 4205 1931 4258 Si

1121 4287 1227 4326 mensor
1241 4289 1296 4326 uon
1310 4273 1407 4326 falsum
1422 4273 1529 4326 modum
1544 4273 1740 4338 renuntiaverit,
1759 4273 1806 4326 sed
1820 4273 1931 4326 traxerit

1121 4339 1343 4394 renuntiationem
1361 4345 1387 4394 et
1404 4339 1438 4394 ob
1456 4339 1508 4394 hoe
1526 4339 1641 4394 evenerit
1658 4345 1689 4394 ut
1701 4339 1822 4394 venditor
1837 4341 1929 4394 libere-

1121 4413 1179 4472 tur,
1204 4407 1250 4476 qui
1267 4407 1467 4474 adsignaturum
1484 4423 1513 4462 se
1530 4407 1638 4464 modum
1654 4407 1725 4462 intra
1743 4413 1845 4462 certum
1863 4407 1930 4462 diem

1121 4475 1255 4546 promisit,
1273 4477 1340 4530 haee
1358 4477 1428 4528 actio
1445 4477 1533 4530 locum
1551 4491 1605 4530 non
1622 4477 1716 4530 habete
1742 4477 1789 4530 sed
1806 4491 1855 4528 nec
1874 4477 1930 4528 dari

1121 4545 1212 4598 utilem
1229 4543 1325 4596 debere
1341 4543 1504 4612 Pomponius
1521 4543 1567 4598 ait.
1601 4543 1652 4598 erit
1669 4559 1728 4612 ergo
1748 4543 1782 4596 ad
1799 4545 1930 4598 uodonem

1124 4615 1134 4666 1
1171 4609 1283 4664 dedolo
1304 4609 1506 4666 decurrendum.
1544 4609 1580 4676 si,
1598 4627 1658 4666 cum
1675 4611 1759 4666 falsus
1777 4611 1871 4666 medus
1888 4627 1929 4666 re·

1121 4679 1257 4734 mandatus
1267 4683 1344 4744 esset,
1361 4685 1463 4746 emptor
1472 4695 1533 4734 cum
1540 4679 1677 4732 venditore
1686 4693 1719 4732 ex
1728 4685 1815 4748 empto
1825 4679 1929 4746 egisset,

1121 4761 1200 4816 agere
1216 4747 1314 4816 poterit
1331 4747 1410 4800 ctiam
1428 4763 1489 4800 curn
1511 4761 1645 4800 mensore:
1671 4747 1718 4800 sed
1740 4747 1763 4800 si
1786 4747 1852 4800 nihil
1875 4747 1938 4798 eius·

1056 4861 1057 4864 ,
1119 4813 1237 4880 interest,
1256 4813 1426 4870 condemnari
1442 4829 1590 4868 mensorem
1607 4831 1661 4868 non
1679 4819 1791 4882 oportet.
1819 4813 1930 4882 quodsi

633 4887 702 4948 VP.

341 4989 372 5038 sr
389 4989 526 5040 amusos
543 4987 679 5038 rausum
697 4987 819 5038 nonum
837 4987 987 5038 nrxnarr.

302 5085 317 5144 1
342 5087 486 5144 Uarianos
508 5089 575 5142 libro
600 5089 744 5142 umeasimo
770 5093 867 5158 quarto
894 5085 931 5140 ad
955 5085 1070 5140 eddonem

266 5155 399 5210 Adversus
422 5171 568 5212 mensorem
592 5171 714 5224 agrorum
738 5161 845 5224 praetor
861 5155 889 5208 in
905 5153 1007 5206 factum
1024 5167 1069 5208 ao·

264 5221 361 5276 donem
379 5225 524 5292 proposuit.
551 5241 567 5276 a
585 5239 636 5290 quo
654 5223 711 5276 falli
728 5239 776 5278 nos
794 5239 848 5278 non
864 5227 984 5292 oportet:
1007 5235 1070 5276 nam

264 5291 375 5344 interest
392 5297 492 5356 nostra,
509 5307 543 5344 ne
559 5291 683 5344 fallamur
699 5291 727 5344 in
741 5291 813 5344 modi
826 5289 1029 5354 renuntiatione,
1046 5289 1070 5344 si

265 5357 335 5412 forto
357 5359 398 5410 rel
421 5357 454 5412 de
478 5359 574 5414 finibus
599 5359 734 5412 contentio
757 5359 792 5412 sit
813 5359 854 5412 rel
875 5363 979 5428 emptor
1001 5355 1070 5410 scire

264 5599 293 5662 (l)
311 5597 383 5646 reddi
392 5595 480 5646 daborc
488 5597 644 5650 Breuemoao

297 5667 330 5728 (a)
347 5663 600 5722 rinnandans.
619 5693 653 5702 -
671 5665 734 5716 Bas.
745 5667 785 5726 60,
796 5677 816 5718 a.
834 5693 869 5704 «-
889 5667 927 5734 Os.
940 5665 998 5716 eorl.
1007 5667 1032 5728 3,
1041 5677 1068 5718 ra

264 5731 296 5794 (a)
314 5731 353 5780 νε]
363 5731 501 5782 verberarit
509 5731 554 5794 1⁴⁷²,
563 5731 602 5780 vel
611 5731 798 5782 liberaveritli'l
884 5737 917 5800 (t)
935 5737 1068 5800 tempores

266 5797 336 5848 domo
347 5801 401 5850 dett.
488 5799 519 5860 (sl
539 5799 585 5848 erit
595 5799 657 5850 Hal.
668 5819 696 5850 er
707 5807 720 5860 5
731 5809 744 5852 a
820 5803 853 5864 (6)
872 5803 1072 5866 susceptaremF

1120 4897 1175 4936 non
1184 4883 1282 4936 detoto
1291 4882 1369 4937 modo
1385 4881 1430 4952 qui
1445 4881 1536 4936 deerat
1553 4897 1613 4936 cum
1628 4881 1764 4936 venditore
1778 4881 1869 4950 egerit,
1883 4881 1930 4936 sed

1120 4951 1154 5004 de
1170 4951 1284 5016 minore,
1310 4955 1503 5020 consequenter
1525 4949 1618 5012 scribit
1632 4951 1797 5018 Pomponius
1815 4949 1849 5002 de
1865 4951 1929 5004 resi·

1120 5023 1136 5074 2
1171 5017 1223 5074 duo
1243 5035 1302 5072 cum
1319 5033 1440 5072 mensore
1456 5017 1499 5086 agi
1515 5033 1602 5086 posse.
1634 5017 1694 5072 Hoc
1707 5017 1836 5070 iudicium
1850 5017 1929 5072 latius

1119 5091 1229 5154 praetor
1246 5085 1379 5152 porrexit:
1403 5101 1465 5138 nam
1490 5089 1517 5140 et
1541 5085 1564 5138 si
1581 5083 1656 5140 cuius
1674 5084 1783 5138 alterius
1800 5083 1840 5138 rei
1857 5101 1929 5138 men·

1120 5169 1210 5208 suram
1226 5151 1323 5206 falsam
1339 5153 1531 5206 renuntiarisse
1550 5151 1666 5218 dicetur,
1684 5153 1752 5206 baec
1769 5151 1839 5206 actio
1859 5167 1929 5206 oom-

1119 5221 1193 5342 petit.
1219 5221 1331 5290 proinde
1348 5221 1415 5274 siin
1438 5219 1552 5274 aedilicii
1574 5235 1699 5276 mensura
1720 5219 1814 5274 fefellit
1838 5221 1879 5276 vel
1902 5221 1930 5274 in

1131 5289 1245 5344 rumenti
1262 5287 1303 5342 vel
1319 5287 1346 5342 in
1362 5287 1425 5354 vini,

1154 5353 1173 5414 6
1192 5355 1311 5410 Plutus
1333 5355 1401 5410 libro
1428 5355 1570 5410 uicensimo
1598 5357 1728 5428 ςινανΐε13
1752 5355 1791 5410 col
1814 5357 1929 5412 edictum

1119 5599 1152 5662 (rt
1170 5595 1275 5660 factum]
1285 5599 1383 5646 tantum
1393 5617 1440 5650 ser.
1526 5599 1560 5662 (a)
1579 5597 1689 5648 familias
1697 5599 1741 5662 FP,
1750 5597 1805 5650 alea
1816 5599 1930 5652 Catonius

1154 5667 1185 5730 (a)
1205 5665 1443 5728 lia-Baaeus
1505 5669 1550 5728 (10]
1568 5667 1615 5730 rei]
1625 5665 1692 5716 redit
1700 5687 1747 5718 sor.
1808 5669 1849 5732 (tl)
1868 5667 1932 5718 aaa

1120 5733 1162 5794 (lli
1180 5731 1322 5798 accepitF¹
1391 5737 1434 5798 (13)
1453 5735 1542 5798 quinto
1553 5735 1614 5786 Hal.
