4366 6258
272 385 375 466 lid

274 573 409 636 omnibus,
428 589 494 640 quos
510 573 554 628 id¹
572 585 668 626 munus
686 573 828 644 contingit,
847 573 945 642 suscipi
964 579 1076 642 oportet.

277 649 307 694 14
341 643 438 694 Munus
452 639 564 710 hospitis
578 641 606 694 in
622 641 699 694 domo
713 643 857 710 recipiendi
871 659 924 696 non
939 657 1077 712 personae,

277 717 306 764 15
342 709 390 764 sed
403 709 555 778 patrimonii
569 725 636 764 onus
650 715 698 762 est.
722 711 836 766 Praeses
851 709 1001 778 provinciae
1015 727 1077 778 pro-

274 775 363 832 videat
386 793 496 832 munera
521 783 548 832 et
572 779 687 832 honores
708 777 737 832 in
761 779 910 834 civitatibus
934 781 1078 846 aequaliter

274 861 324 916 per
339 847 409 900 uices
428 845 573 900 secundnm
590 851 691 900 aetates
710 853 736 902 et
754 847 907 916 dignitates,
931 851 962 900 ut
978 847 1077 916 gratim

274 931 411 968 munerum
433 915 614 982 honorumque
636 915 699 982 qui2
722 915 866 984 antiquitus
890 915 984 970 statuti
1007 921 1077 982 sunt,

273 983 387 1052 iniungi,
410 999 443 1036 ne
466 983 522 1038 sine
547 983 697 1038 discrimine
718 987 745 1038 et
761 983 913 1052 frequenter
929 983 1012 1038 isdem
1030 1001 1077 1052 op-

274 1053 373 1120 pressis
392 1051 468 1106 simul
485 1051 548 1104 viris
566 1057 593 1104 et
609 1051 708 1108 viribus
726 1067 768 1106 res
786 1051 909 1120 publicae
932 1051 1077 1106 destituan-

277 1123 307 1174 to
343 1123 395 1172 tur.
431 1119 459 1174 Si
476 1119 528 1174 duo
545 1119 593 1172 filii
610 1119 637 1172 in
655 1121 738 1188 patris
755 1125 889 1186 potestate
905 1119 966 1184 sint,
986 1119 1077 1174 eodem

275 1193 393 1256 tempore
410 1201 520 1240 munera
537 1203 628 1240 eorum
644 1195 721 1256 pater
737 1189 868 1240 sustinere
891 1205 945 1240 non
962 1189 1078 1254 compel-

278 1261 306 1308 li
342 1255 412 1308 litnr.
448 1255 476 1308 Si
499 1255 534 1322 is,
559 1255 604 1324 qui
626 1255 692 1310 duos
713 1253 782 1308 filios
799 1255 989 1324 relinquebati,
1013 1255 1078 1308 nihil

274 1323 308 1378 de
326 1323 492 1390 expediendis
515 1325 667 1378 muneribus
690 1321 799 1378 alterius
821 1323 869 1376 tilii
892 1339 924 1378 ex
947 1323 1078 1378 communi

274 1391 433 1472 patrimonio
456 1393 585 1458 supremis
608 1393 663 1446 suis
684 1391 765 1454 cavit,
791 1391 906 1460 propriis
929 1391 1077 1460 sumptibus

274 1475 297 1512 rs
315 1463 342 1512 at
359 1473 468 1514 munera
485 1464 511 1512 et
527 1459 656 1526 honores,
696 1459 725 1512 ui
742 1457 767 1510 ei
786 1459 967 1530 iniungantur,
992 1459 1077 1514 susci-

274 1543 339 1596 pere
356 1527 444 1592 dehet,
463 1529 580 1594 quamvis
597 1545 646 1598 pro
665 1477 748 1580 altem
766 1527 840 1580 rivus
857 1533 933 1596 pater
950 1525 1078 1600 eiusmodi

274 1609 357 1650 onera
374 1595 525 1664 expedierit.

309 1661 424 1720 ‘ilcan
443 1663 511 1720 libro
536 1667 612 1720 tertio
635 1663 790 1734 optationem
832 1663 903 1716 Oura
926 1663 1078 1718 exstruendi

274 1731 316 1786 vel
338 1731 490 1786 reficiendii
516 1733 605 1802 operis
632 1733 661 1786 in
686 1731 792 1786 civitate
819 1747 915 1786 munus
943 1731 1078 1800 publicum

275 1805 327 1864 est,
351 1813 368 1852 a
388 1815 439 1868 quo
458 1801 573 1870 quinque
589 1789 733 1854 liberorum
749 1799 921 1852 incolumium
938 1805 1015 1868 pater
1032 1813 1077 1852 ex-

275 1873 396 1922 cusatur:
415 1885 464 1922 nec
482 1869 504 1922 si
521 1885 570 1936 per
585 1869 640 1922 vim
659 1873 791 1922 extortum
807 1885 903 1924 munus
920 1867 1013 1930 fuerit,
1032 1883 1077 1920 ex-

276 1935 447 2000 eusationem,
465 1951 546 2004 quam
561 1937 643 1990 habet
661 1935 694 1988 ab
713 1935 771 1988 aliis
786 1937 947 2000 muneribus,
965 1935 1077 1990 auferet.

278 2009 288 2056 t
326 2001 510 2058 Deficientinm
527 2001 699 2056 facultatibus
716 2003 751 2056 ad
770 2017 881 2056 munera
902 2003 942 2058 vel
963 2005 1077 2056 honores

275 2071 321 2138 qni
336 2071 488 2124 indicuntur
509 2071 646 2124 excusatio
667 2087 722 2124 non
743 2077 885 2140 perpetua,
908 2071 954 2126 sed
975 2077 1077 2140 tempo-

274 2137 338 2192 ralis
356 2143 408 2194 est:
432 2155 494 2192 nam
518 2137 541 2192 si
563 2155 597 2194 ex
613 2143 674 2194 voto
691 2139 811 2194 honestis
829 2139 976 2194 rationibus
994 2137 1077 2208 patri-

274 2205 390 2262 monium
415 2207 604 2260 incrementum
629 2209 777 2276 acceperit,
806 2225 855 2262 suc
883 2215 1013 2278 tempere,
1043 2223 1077 2260 an

274 2275 384 2328 idoneus
402 2275 437 2330 sit
453 2275 548 2342 aliquis
566 2275 600 2328 ad
618 2289 657 2340 ea,
676 2293 744 2344 quae
762 2281 867 2332 creatus
885 2277 973 2342 fuerit,
998 2277 1077 2330 aesti-

274 2347 289 2396 2
325 2345 447 2398 mabitur.
482 2343 577 2412 Inopes
603 2359 684 2398 onera
705 2343 858 2410 patrimonii
877 2343 937 2410 ipsa
959 2361 1012 2398 non
1029 2343 1077 2396 ha-

273 2409 354 2464 bendi
374 2411 534 2466 necessitate
557 2427 610 2464 nou
632 2411 776 2476 sustinent,
801 2413 906 2478 corpori
928 2417 1016 2464 antem
1037 2413 1077 2464 in-

274 2485 289 2532 3
325 2479 396 2532 dicta
413 2479 540 2546 obsequia
557 2479 669 2532 solvunt.
706 2477 757 2544 Qui
777 2479 908 2532 obnoxius
926 2479 1077 2532 muneribus

273 2561 339 2602 suae
356 2545 469 2600 civitatis
486 2545 552 2612 fuit,
575 2561 670 2598 nomen
692 2545 801 2600 militiae
824 2545 973 2614 defugiendi
991 2547 1078 2602 oneris

273 2613 372 2668 muniti
391 2613 439 2668 alis
456 2611 543 2682 gratia
560 2611 645 2668 dedit:
668 2613 826 2668 deteriorem
847 2629 954 2668 cansam
971 2613 1011 2668 rei
1027 2631 1077 2682 pu-

273 2683 359 2736 blicae
372 2631 464 2736 lacere
480 2695 535 2734 non
551 2683 645 2752 potuit.

308 2749 326 2806 5
344 2749 495 2806 Scauroaa
518 2749 586 2806 labro
602 2751 694 2820 primo
716 2751 873 2820 repuleram
914 2749 1079 2804 Navicularii

272 2823 301 2870 et
317 2823 477 2872 mercatores
496 2817 594 2884 olearii,
613 2817 659 2886 qui
675 2833 797 2888 magnam
809 2823 916 2888 partem¹
926 2817 1078 2884 patrimonii

274 2885 299 2942 ci
315 2885 354 2938 rei
371 2885 554 2950 contulerunt,
576 2885 647 2938 intra
669 2887 878 2956 quinquennium
894 2883 1010 2940 muneris
1027 2901 1077 2954 pu-

274 2953 337 3006 blici
353 2953 517 3008 vacationem
535 2953 641 3008 habent.

308 3019 327 3080 6
356 3021 499 3076 Uarianos
526 3021 593 3078 libro
614 3027 712 3094 quarto
735 3021 769 3076 de
792 3023 886 3104 officio
903 3021 1078 3144 {araneolis

273 3089 413 3160 Rescripta
437 3089 557 3146 dirorum
578 3089 690 3144 fratrum
713 3091 748 3144 ad
765 3091 896 3144 Rutilium
936 3105 1018 3160 upum
1040 3091 1078 3144 ita

274 3157 438 3214 declaratur:
458 3157 634 3224 ‘damnata
653 3163 828 3228 quassatum
845 3163 893 3226 est,
911 3163 990 3226 prout
1004 3157 1078 3226 quis·

274 3231 333 3294 ‘que
351 3225 458 3282 decmio
476 3231 581 3280 creatus
599 3231 647 3292 est,
665 3235 696 3280 ut
713 3229 752 3280 ita
769 3233 797 3282 et
809 3227 991 3296 magistratum
1006 3227 1077 3296 apis·

274 3299 372 3362 hatur,
398 3295 495 3350 totiens
523 3295 622 3350 serrari
646 3295 736 3362 debet,
763 3295 885 3364 quotiens
912 3295 1021 3350 idoneos
1052 3301 1079 3348 et

273 3361 443 3418 ‘sufficientes
466 3365 575 3418 omnes⁵
598 3365 734 3432 contingit.
777 3367 895 3418 ceterum
915 3363 938 3418 si
959 3363 996 3416 ita
1020 3361 1077 3432 qui-

273 3431 343 3484 ‘dam
359 3435 452 3484 munes
469 3435 496 3484 et
513 3431 635 3486 exhausti
653 3439 726 3496 sunt,
749 3437 780 3484 ut
797 3447 851 3484 non
868 3429 946 3486 modo
963 3431 1077 3500 publicis

273 3499 427 3554 ‘honoribus
443 3513 521 3568 pares
539 3515 593 3552 non
610 3499 675 3564 sint,
695 3499 741 3554 sed
760 3505 786 3552 et
803 3499 846 3552 rix
863 3499 897 3552 de
913 3513 962 3554 sno
978 3499 1077 3554 victum

273 3567 414 3622 ‘sustinere
430 3565 546 3634 possint:
571 3571 597 3620 et
614 3567 701 3622 miuus
719 3565 785 3620 utile
802 3571 828 3620 et
845 3583 1012 3636 nequaquam
1028 3569 1077 3622 ho·

249 3679 250 3682 ,
282 3639 387 3688 nestum
403 3639 444 3688 est
460 3633 558 3688 talibus
576 3635 696 3688 mandari
713 3635 905 3700 magistratum,
921 3635 1077 3702 praesertim

274 3705 342 3756 ‘cum
365 3703 418 3756 sint
440 3703 486 3770 qui
510 3703 696 3758 convenienter
718 3703 760 3756 ei6
782 3705 809 3756 et
830 3717 894 3756 suae
911 3701 1033 3756 fortunae
1050 3709 1078 3756 et

274 3769 416 3838 ‘splendori
431 3769 538 3838 publico
556 3769 660 3838 possint
677 3769 772 3824 creari.
803 3769 891 3824 sciant
906 3771 986 3838 igitur
1002 3769 1076 3824 locu-

274 3839 406 3962 ‘Hletiores
425 3855 478 3892 non
496 3837 592 3892 debere
608 3855 637 3894 se
655 3839 723 3892 hcc⁷
747 3843 888 3906 praetextu
911 3837 976 3908 legis
994 3839 1033 3892 uti
1050 3845 1078 3892 et

274 3911 281 3936 ⁴
300 3923 315 3962 e
328 3913 454 3976 tempore,
473 3921 525 3976 quo
541 3907 651 3978 quisque
665 3907 693 3962 in
707 3907 810 3962 curiam
822 3907 938 3962 allectus
949 3907 991 3972 sit,
1008 3907 1079 3962 inter

274 3981 328 4032 ‘eos
344 3977 447 4030 demum
463 3991 522 4030 esse
536 3975 721 4056 quaerendum,
740 3977 787 4046 qui
800 3991 849 4044 pro
864 3975 1014 4032 substantia
1028 3991 1079 4030 sua

276 4051 285 4098 1
324 4045 440 4114 ‘capiant
453 4045 562 4098 honoris
576 4045 747 4114 dignitatem’.
771 4045 912 4100 Debitores
926 4059 1014 4098 rerum
1027 4061 1077 4114 pu-

274 4113 402 4168 blicarum
425 4111 459 4166 ad
482 4113 595 4168 honores
615 4113 721 4166 invitari
741 4129 798 4166 non
814 4129 893 4180 posse
911 4117 1011 4168 certum
1029 4119 1078 4178 est,

274 4181 325 4236 nisi
341 4183 414 4250 prius
431 4181 459 4234 in
476 4181 504 4234 id
539 4181 592 4234 uod
609 4181 719 4234 debetur
735 4183 776 4235 rei
795 4183 920 4250 publicae
942 4181 1077 4234 satisfece-

274 4249 334 4304 rint.
376 4249 423 4304 sed
445 4265 491 4304 eos
516 4197 620 4304 rismum
647 4249 781 4304 debitores
802 4265 891 4302 rerum
912 4249 1078 4318 publicarum

275 4317 396 4384 accipere
413 4317 552 4384 debemus,
574 4317 618 4386 qui
640 4333 672 4372 ex
689 4315 918 4372 administratione
935 4317 974 4372 rei
990 4319 1077 4386 publi-

275 4399 323 4440 cae
338 4385 535 4466 reliquantnr⁸:
556 4391 672 4438 ceterum
688 4385 712 4440 si
729 4401 784 4440 non
802 4401 836 4438 ex
852 4385 1078 4440 administratione

274 4453 327 4508 siut
344 4453 489 4518 debitores,
512 4453 559 4508 sed
581 4457 699 4506 mutuam
719 4453 860 4522 pecuniam
881 4469 898 4508 a
920 4453 1079 4522 republica

275 4523 436 4590 acceperint,
460 4537 514 4576 non
532 4527 594 4576 sunt
611 4521 639 4575 in
657 4537 688 4574 ea
706 4535 801 4588 causa,
825 4527 856 4576 ut
872 4521 1016 4576 honoribus
1034 4537 1077 4576 ar-

275 4593 393 4644 ceantur.
427 4589 506 4660 plane
527 4589 585 4642 vice
607 4589 747 4644 solutionis
764 4589 876 4656 sufficit,
899 4591 1008 4658 niquis
1031 4593 1079 4642 aut

272 4657 426 4726 pignoribus
447 4663 495 4710 aut
517 4657 717 4712 fideiussoribus
740 4657 843 4712 idoneis
866 4663 973 4712 caveat:
998 4657 1079 4712 etita

273 4725 326 4780 diri
346 4725 442 4780 iratres
465 4725 573 4780 Aufidio
596 4723 766 4780 Herenniano
789 4727 992 4794 rescripserunt.
1032 4725 1079 4780 sed

272 4799 300 4846 et
317 4793 339 4846 si
356 4807 389 4846 er
410 4793 603 4862 pollicitatione
625 4791 751 4858 debeant,
776 4807 845 4862 quae
866 4799 963 4846 tamen·
976 4793 1079 4860 pollici-

272 4861 336 4914 tatio
354 4861 473 4914 recusari
490 4877 544 4916 non
560 4865 663 4930 potest,
681 4861 708 4912 in
726 4875 759 4914 ea
776 4865 839 4916 sunt
857 4859 1025 4926 condicione,
1049 4865 1080 4912 nt

272 4933 287 4982 a
322 4927 468 4984 honoribus
491 4933 642 4982 arceantur.
683 4927 712 4982 Si
737 4929 796 4996 quis
821 4933 1004 4992 accusatorem
1026 4943 1080 4982 non

272 4997 381 5064 haheat,
410 5011 465 5050 non
488 4997 584 5052 debet⁹
605 4995 752 5050 honoribus
775 4995 924 5064 prohiberi,
953 4995 1079 5062 quemad·

271 5065 380 5118 modum
396 5079 450 5118 non
468 5063 548 5118 debet
564 5065 595 5128 is,
614 5063 690 5116 cuius
709 5071 850 5118 accusator
868 5063 1005 5116 destiterit.
1040 5065 1080 5116 ita

272 5131 342 5184 enim
358 5131 503 5200 imperator
519 5137 611 5186 noster
628 5145 689 5184 cum
706 5131 767 5186 diro
779 5137 857 5200 patre
869 5147 918 5186 suo
933 5129 1077 5200 rescripsit.

272 5203 286 5250 3
323 5197 464 5254 Sciendum
482 5203 523 5254 est
540 5197 670 5268 quaedam
686 5213 747 5254 esse
764 5215 873 5254 munera
887 5203 935 5252 aut
949 5213 1080 5268 personae

271 5269 319 5320 aut
342 5267 574 5334 patrimoniorum,
601 5267 693 5320 itidem
718 5267 848 5336 quosdam
873 5281 931 5320 esse
954 5267 1078 5320 bonores.

271 5339 288 5386 4
322 5333 448 5396 Munera,
473 5349 543 5402 qnae
558 5335 725 5402 patrimoniis
741 5335 927 5404 iniungantur,
944 5335 986 5388 rel
1003 5333 1078 5388 intrr-

1070 381 1131 456 dib

956 463 959 478 i

951 481 1252 496 ——un--n--ffl

1676 405 1722 454 DE
1742 403 1930 454 amamus

1128 579 1142 628 5
1178 589 1195 628 a
1220 573 1406 642 personalibus
1432 573 1584 628 muneribus
1612 589 1709 628 exuere
1718 573 1746 628 ¹⁰.
1779 571 1839 628 saed
1864 573 1931 628 enim

1127 643 1194 698 baec
1213 659 1335 708 munera,
1361 657 1428 710 quae
1445 643 1610 712 patrimoniis
1628 641 1794 706 indicuntur,
1818 641 1932 710 duplicia

1129 715 1204 766 sunt:
1227 725 1288 764 nam
1306 709 1436 778 quaedam
1452 707 1652 780 possessoribus
1668 707 1854 778 iniungantur,
1877 705 1931 764 sira

1127 777 1272 848 municipes
1301 785 1364 832 sunt
1389 777 1443 832 sive
1466 795 1519 832 non
1541 783 1617 842 sunt,
1646 777 1775 848 quaedum
1802 793 1856 832 non
1880 777 1932 832 nisi

1127 847 1302 916 municipibus
1323 847 1364 900 rel
1381 847 1483 900 incolis.
1518 845 1718 912 intributicnes,
1742 847 1839 916 quaell
1862 845 1932 916 agris

1127 915 1195 970 fiunt
1211 917 1252 970 rel
1270 915 1407 980 aedificiis,
1425 915 1623 984 possessoribus
1637 915 1803 970 indicuntur:
1820 929 1931 968 munera

1129 999 1203 1048 vero,
1222 999 1291 1052 quae
1308 983 1526 1052 patrimoniorum
1544 985 1686 1050 habentur,
1705 999 1759 1038 non
1777 983 1835 1036 aliis
1853 997 1932 1052 quam

1128 1051 1224 1106 muniti
1244 1051 1304 1106 ibus
1322 1051 1362 1104 vel
1379 1051 1480 1106 incolis

1161 1111 1179 1170 7
1229 1131 1374 1174 accianus
1393 1119 1461 1174 libro
1484 1119 1599 1174 remando
1617 1119 1820 1188 publicoram¹²
1859 1117 1931 1174 Reus

1128 1187 1232 1242 delatus
1254 1187 1332 1240 etiam
1356 1191 1418 1240 ante
1441 1187 1599 1240 sententiam
1621 1189 1734 1242 honores
1751 1191 1842 1256 petere
1858 1187 1930 1256 prin-

1129 1255 1257 1324 cipalibus
1282 1255 1515 1308 constitutionibus
1538 1255 1709 1324 prohibetur:
1739 1269 1788 1308 nec
1814 1255 1930 1318 interest,

1127 1323 1246 1390 plebeius
1265 1339 1300 1376 an
1318 1321 1425 1378 decurio
1442 1321 1530 1376 fuerit.
1566 1319 1612 1378 sed
1634 1327 1697 1392 pust
1718 1339 1829 1388 annum,
1854 1339 1930 1390 quam

1127 1407 1189 1444 rens
1214 1393 1319 1444 delatus
1341 1395 1396 1456 est,
1424 1397 1515 1458 petere
1538 1407 1592 1444 non
1613 1389 1782 1460 prohibetur,
1811 1389 1863 1444 nisi
1884 1407 1932 1460 per

1126 1459 1215 1528 ipsum
1238 1459 1325 1524 stetit,
1349 1473 1401 1528 quo
1420 1459 1505 1512 minus
1523 1475 1606 1514 causa
1622 1459 1693 1512 intra
1711 1473 1809 1512 annum
1826 1459 1931 1526 expedi-

1131 1533 1142 1580 t
1179 1529 1290 1582 retur¹³.
1326 1525 1405 1590 Eum,
1424 1531 1516 1582 centra
1534 1543 1611 1594 quem
1626 1531 1737 1596 propter
1754 1528 1866 1582 bonores
1884 1543 1931 1594 ap·

1128 1595 1256 1664 pellatam
1273 1599 1322 1660 est,
1340 1595 1364 1648 si
1380 1595 1512 1662 pendente
1525 1597 1702 1664 appellatione
1716 1597 1843 1650 honorem
1856 1607 1933 1648 usur·

1127 1663 1242 1732 paverit,
1266 1663 1440 1718 coemendum
1462 1659 1538 1716 dirus
1556 1665 1667 1718 Severus
1688 1663 1834 1732 rescripsit.
1870 1679 1931 1732 ergo

1129 1737 1155 1786 et
1172 1731 1244 1796 siis,
1262 1729 1308 1798 qni
1324 1731 1470 1786 honoribus
1487 1747 1535 1800 per
1552 1731 1711 1786 sententiam
1727 1731 1766 1786 uti
1783 1729 1932 1800 prohibitus

1128 1803 1178 1920 {sifi
1196 1801 1381 1922 {ppellareria
1406 1799 1539 1852 abstinere
1559 1799 1663 1852 interim
1679 1799 1807 1870 petitione
1824 1801 1932 1852 honoris

1147 1867 1242 1920 eeit.

1163 1929 1182 1990 8
1205 1933 1350 1990 Uarianos
1369 1935 1437 1990 libro
1454 1933 1592 1988 undecimo
1610 1933 1648 1988 ad
1664 1935 1778 1990 edictum
1812 1935 1855 1990 Ad
1877 1951 1932 1990 rem

1127 2003 1261 2068 publicam
1282 2001 1518 2056 administrandam
1541 2007 1603 2056 ante
1625 2001 1794 2056 vicensimum
1812 2003 1932 2072 quintum

1128 2085 1235 2134 annum,
1253 2071 1295 2124 vel
1313 2069 1346 2122 ad
1363 2085 1473 2122 munera
1490 2083 1558 2138 quae
1574 2085 1629 2124 non
1645 2071 1798 2140 patrimonii
1815 2075 1878 2126 sunt
1891 2071 1933 2126 vel

1127 2137 1257 2202 honores,
1283 2137 1386 2192 admitti
1402 2137 1517 2192 minores
1536 2155 1589 2192 non
1607 2143 1719 2206 oportet.
1754 2137 1932 2208 deniqueret

1129 2205 1283 2260 decuriones
1307 2211 1432 2260 creantur
1454 2207 1495 2260 vel
1518 2205 1601 2260 creati
1627 2205 1781 2276 suffragium
1805 2207 1833 2260 ia
1859 2205 1933 2260 curia

1128 2275 1225 2330 ferunt.
1253 2289 1338 2328 annus
1356 2281 1445 2328 antem
1462 2269 1619 2328 vicensimas
1637 2275 1746 2344 quintus
1760 2281 1869 2354 coeptus
1883 2291 1932 2344 pro

1128 2343 1206 2410 pleno
1224 2343 1351 2398 habetur:
1371 2339 1424 2398 hoe
1442 2339 1509 2396 enim
1526 2341 1555 2394 in
1571 2341 1718 2398 honoribus
1736 2341 1834 2396 farone
1851 2357 1932 2398 causa

1128 2411 1300 2464 constitutum
1315 2415 1362 2476 est,
1376 2417 1407 2466 ut
1419 2427 1467 2480 pro
1480 2409 1565 2482 plenis
1579 2411 1719 2466 inchoatos
1732 2409 1893 2480 accipiamus
1903 2413 1945 2476 ²⁴„

1129 2475 1176 2532 sed
1192 2479 1220 2532 in
1236 2479 1278 2532 his
1295 2479 1449 2542 honoribus,
1466 2479 1495 2532 in
1513 2479 1609 2548 quibus
1625 2478 1802 2548 reipublicae
1817 2477 1880 2560 quid
1895 2479 1932 2534 eis

1129 2561 1183 2600 non
1205 2545 1386 2600 commiffitnn
1421 2551 1538 2602 cetemm
1560 2563 1621 2602 eum
1643 2547 1738 2602 damno
1759 2545 1866 2616 publico
1884 2547 1931 2600 ho·

1127 2629 1218 2668 norem
1241 2615 1266 2668 ei
1290 2613 1419 2668 committi
1442 2631 1497 2668 non
1521 2619 1562 2668 est
1585 2615 1737 2680 dicendum,
1766 2615 1844 2670 etiarn
1872 2629 1932 2668 cum

1127 2683 1210 2752 ipsius
1228 2683 1346 2752 pernicie
1363 2683 1480 2736 minoris.

1163 2747 1181 2806 9
1205 2749 1285 2804 lnam
1304 2749 1372 2806 libro
1395 2753 1472 2806 tertio
1495 2749 1528 2806 dc
1550 2749 1644 2820 officio
1665 2749 1783 2806 consulis
1823 2749 1851 2806 Si
1874 2749 1932 2818 quis

1128 2819 1297 2886 magistratus
1322 2817 1350 2870 in
1378 2817 1520 2886 municipio
1550 2821 1654 2872 creatus
1683 2833 1791 2872 munere
1814 2817 1932 2872 iniuncto

1128 2887 1142 2938 f
1195 2887 1201 2898 '
1220 2885 1361 2952 detrectet,
1379 2901 1428 2954 per
1443 2885 1578 2956 praesides
1596 2901 1691 2940 munus
1709 2885 1869 2954 adgnoscere
1881 2901 1932 2952 ,coa

1127 2969 1178 3022 gen
1196 2971 1227 3008 us
1249 2959 1290 3008 est
1312 2953 1447 3020 remediis,
1476 2953 1572 3024 quibus
1594 2959 1695 3008 tutores
1719 2965 1823 3022 quoque
1838 2954 1932 3018 ¹solent

1129 3023 1188 3090 cogi
1204 3023 1239 3076 ad
1254 3039 1351 3076 munus
1370 3021 1440 3092 quod
1456 3023 1602 3092 iniunctum
1619 3027 1660 3076 est
1677 3019 1898 3092 adgnoscendum.

1164 3089 1202 3148 10
1220 3089 1409 3146 Monnsrrncs
1429 3087 1497 3146 libro
1519 3093 1611 3170 quinto
1629 3091 1842 3160 differentiarum
1876 3091 1931 3144 Ho-

1128 3175 1219 3214 norem
1241 3157 1382 3214 sustinenti
1403 3175 1499 3214 munus
1520 3159 1620 3228 imponi
1641 3175 1695 3214 non
1712 3163 1813 3228 potest:
1838 3173 1929 3214 munus

1128 3227 1268 3282 sustinenti
1284 3228 1370 3282 bonor
1388 3225 1486 3282 deferri
1502 3231 1599 3296 potest.

1164 3295 1233 3352 111⁶
1250 3295 1329 3350 Inna
1349 3295 1416 3350 libro
1433 3295 1572 3350 andecimo
1586 3295 1783 3366 pandectarum
1817 3293 1855 3350 Ut
1870 3309 1928 3376 grad

1129 3363 1210 3418 datim
1228 3363 1343 3418 honores
1361 3361 1527 3430 deierantur,
1545 3363 1644 3430 edicto,
1664 3367 1737 3424 etut
1754 3379 1771 3418 a
1787 3361 1932 3418 minoribus

1128 3433 1163 3486 ad
1179 3433 1292 3486 maiores
1310 3433 1516 3502 perveniatnrffi,
1535 3431 1650 3500 epistula
1667 3431 1719 3484 divi
1736 3429 1779 3484 Pii
1794 3429 1829 3484 ad
1847 3431 1932 3484 Titia-

1130 3505 1142 3554 1
1178 3517 1242 3554 num
1262 3499 1425 3568 exprimitur.
1460 3499 1521 3554 Etsi
1543 3499 1600 3568 lege
1622 3499 1777 3568 municipali
1799 3503 1931 3564 caveatur,

1127 3573 1158 3622 ut
1184 3567 1371 3636 praeferantur
1379 3571 1399 3602 1⁷
1426 3567 1454 3622 in
1481 3567 1626 3624 honoribus
1653 3571 1741 3622 certae
1771 3565 1932 3622 confficionis

1127 3637 1260 3690 homines:
1285 3641 1402 3690 attamen
1426 3637 1563 3692 sciendum
1585 3641 1626 3690 est
1645 3637 1696 3690 hoo
1714 3651 1773 3690 esse
1788 3637 1931 3690 observan-

1129 3703 1198 3766 dum,
1217 3705 1239 3758 si
1256 3703 1343 3758 idonei
1361 3703 1426 3758 sint:
1452 3709 1479 3760 et
1496 3705 1534 3758 ita
1550 3703 1678 3774 rescripto
1697 3703 1749 3758 diri
1766 3703 1851 3758 Marci
1869 3721 1932 3758 con·

1129 3775 1143 3824 2
1177 3771 1283 3826 tinctor.
1323 3771 1450 3838 Quotiens
1476 3773 1588 3840 perona
1616 3777 1656 3826 est
1679 3787 1782 3836 eorum,
1810 3771 1854 3840 qui
1876 3785 1931 3826 ma-

1128 3837 1266 3908 gistratum
1277 3841 1350 3894 susci
1369 3841 1434 3904 iunt,
1447 3841 1599 3894 immunitas
1613 3841 1648 3894 ad
1661 3839 1761 3910 aliquid
1771 3837 1931 3910 infringitur,

1130 3913 1144 3962 3
1179 3907 1257 3962 sicuti
1274 3907 1326 3964 diri
1343 3855 1440 3964 lienes
1457 3907 1656 3976 rescripserunt.
1686 3907 1836 3978 Reprobari
1851 3923 1932 3978 posse

1128 3975 1257 4030 medicum
1281 3991 1298 4030 a
1320 3975 1488 4046 republica,
1510 3977 1627 4046 quamvis
1646 3979 1726 4030 semel
1741 3979 1871 4046 probatus
1888 3977 1930 4042 sit,

1128 4051 1144 4098 4
1180 4045 1254 4098 dirus
1262 4045 1377 4112 Magnus
1386 4045 1536 4100 Antoninus
1548 4061 1608 4098 cnm
1618 4051 1695 4112 patre
1706 4045 1849 4114 rescripsit.
1867 4045 1931 4110 Eos,

1129 4113 1173 4182 qui
1190 4113 1281 4182 primis
1298 4113 1394 4166 litteris
1409 4129 1505 4180 pueros
1518 4113 1656 4180 inducunt,
1674 4129 1728 4186 non
1741 4113 1840 4168 habere
1853 4129 1931 4168 vaca

1127 4183 1226 4236 tionem
1243 4181 1318 4236 dirus
1335 4181 1449 4250 Magnus
1468 4183 1618 4236 Antoninus
1636 4181 1781 4250 rescripsit.

1163 4245 1202 4306 12
1219 4249 1387 4304 Iarcnnnns
1401 4249 1468 4304 libro
1484 4257 1560 4304 scorto
1575 4267 1613 4304 ccc
1628 4249 1718 4304 Cassio
1754 4249 1802 4304 Oui
1816 4249 1932 4304 muneris

1128 4317 1227 4384 publici
1244 4317 1347 4372 vacatio
1366 4317 1452 4382 datur,
1472 4333 1524 4370 non
1538 4317 1680 4372 remittitur
1696 4317 1727 4382 ei,
1745 4333 1779 4372 ne
1792 4317 1932 4384 magistra·

1127 4391 1171 4438 tus
1189 4385 1243 4452 fiat,
1262 4385 1325 4454 qnia
1341 4385 1369 4438 id
1386 4385 1564 4438 adhererem
1581 4385 1665 4452 mame
1682 4401 1762 4452 quam
1777 4385 1810 4438 ad
1822 4399 1933 4440 munera

1127 4453 1249 4522 pertinet.
1287 4459 1375 4506 cetera
1392 4453 1494 4520 omnia,
1513 4469 1581 4522 quae
1598 4453 1632 4506 ad
1649 4459 1753 4522 tempus
1772 4459 1845 4506 extra
1862 4453 1932 4508 ordi·

1129 4537 1188 4576 nem
1206 4521 1355 4590 exiguntur,
1373 4521 1455 4576 ueluti
1471 4521 1581 4576 munitio
1599 4521 1709 4588 riarum,
1731 4521 1766 4576 ab
1783 4519 1934 4576 huiusmodi

1128 4603 1244 4660 persona
1261 4589 1389 4658 exigenda
1406 4605 1460 4642 non
1478 4595 1548 4642 sunt.

1165 4653 1203 4714 13
1221 4657 1302 4708 luna
1320 4657 1388 4712 libro
1406 4657 1499 4726 quicto
1516 4657 1617 4710 decimo
1639 4673 1677 4710 aa
1696 4657 1785 4712 Cassio
1820 4655 1932 4710 Vacatio

1128 4725 1243 4792 itemque
1265 4725 1431 4790 immunitas,
1456 4741 1524 4792 quae
1540 4723 1630 4780 liberis
1648 4729 1674 4778 et
1691 4723 1805 4792 posteris
1823 4723 1935 4778 alicuius

1129 4793 1193 4912 {iata
1210 4797 1263 4912 estt,
1287 4791 1323 4846 ad
1339 4807 1385 4848 eos
1403 4791 1542 4846 dumtaxat
1557 4791 1686 4862 pertinet,
1711 4791 1756 4860 qui
1779 4791 1836 4846 eius
1859 4789 1936 4846 iami-

1141 4875 1182 4914 ιιι
1199 4875 1269 4914 snn.

1167 4925 1205 4984 14
1235 4927 1448 4984 Gaaarsranrus
1476 4927 1543 4982 libro
1565 4927 1657 4998 primo
1682 4925 1717 4980 dc
1741 4927 1937 5008 copattioaidus

1130 4997 1224 5050 Honor
1250 4993 1416 5064 municipalis
1444 4999 1486 5050 est
1520 4993 1713 5050 administratio
1742 5011 1782 5050 rer
1813 4993 1936 5062 publicae

1132 5079 1192 5118 cum
1218 5063 1353 5132 dignitatis
1377 5063 1476 5130 mado,
1503 5063 1557 5116 sire
1583 5077 1644 5116 cum
1667 5067 1775 5131 sumptu
1801 5065 1856 5116 sive
1882 5063 1939 5116 sine

1133 5137 1144 5184 1
1182 5131 1334 5200 erogatione
1352 5131 1515 5198 contingens.
1550 5131 1650 5184 Munus
1668 5135 1724 5182 ant
1736 5131 1874 5200 publicum
1891 5135 1947 5192 ant¹

1130 5199 1262 5268 privatum
1279 5203 1327 5252 est.
1364 5197 1500 5266 publicum
1517 5215 1613 5252 munus
1631 5197 1737 5264 dicitur,
1756 5197 1827 5268 quod
1844 5197 1873 5250 in
1890 5197 1937 5252 ad·

1130 5267 1305 5322 ministranda
1321 5281 1350 5320 ra
1368 5265 1476 5336 publica
1500 5281 1560 5320 cum
1582 5271 1690 5346 sumptu
1714 5265 1770 5320 sine
1786 5265 1864 5320 titulo
1883 5265 1937 5334 dig-

1130 5339 1145 5388 2
1180 5335 1271 5388 nitatis
1289 5335 1418 5390 subimus.
1454 5333 1563 5388 Vierum
1580 5335 1752 5398 mumtiones,
1770 5333 1938 5402 praediorum

272 5401 394 5456 bationes
412 5399 477 5454 talia
494 5407 564 5468 suut,
582 5407 613 5456 ut
630 5419 715 5470 neque
732 5409 806 5458 aetas
824 5419 856 5458 ea
870 5407 981 5456 excuset
993 5417 1079 5470 neque
1130 5401 1284 5458 collationes
1301 5417 1356 5456 non
1373 5417 1520 5470 personae,
1539 5401 1586 5456 sed
1602 5401 1723 5458 locorum
1739 5417 1850 5456 munera
1866 5407 1937 5456 sunt.

272 5483 397 5524 numerus
415 5467 558 5520 liberorum
575 5485 624 5522 noc
644 5471 695 5524 alia
711 5471 907 5538 praerogativa,
925 5485 993 5538 quae
1011 5471 1079 5524 solet
1130 5475 1144 5524 3
1179 5469 1221 5524 De
1238 5469 1384 5524 honcnbus
1397 5471 1453 5524 sire
1470 5471 1624 5524 muneribus
1641 5469 1764 5538 gerendis
1782 5485 1842 5524 cunr
1857 5483 1938 5538 quae·

1318 5587 1368 5594 m
1649 5585 1820 5594 -uu—-ffl—-m-a
1823 5587 1937 5594 ...η-η..-

271 5645 302 5708 (1)
320 5643 386 5696 adF
445 5643 479 5708 (a)
497 5641 597 5708 quidal.
664 5645 696 5710 (a)
715 5641 917 5708 relinquiebatF
971 5645 1002 5708 (4)
1019 5659 1076 5710 per·
1127 5649 1169 5708 (13)
1189 5643 1371 5710 expedieturiF
1458 5645 1503 5710 (14)
1521 5641 1671 5708 accipiemus
1684 5645 1711 5694 F
1795 5645 1839 5706 (15)
1857 5643 1935 5702 acite

271 5711 419 5764 deieudiF²
479 5713 510 5774 (a)
530 5711 696 5762 ameinaedd.
756 5713 790 5774 (e)
809 5713 894 5764 reiF²
953 5713 983 5772 tt)
1002 5713 1084 5764 hosF
1127 5715 1336 5778 th.27,1,t,t
1414 5715 1457 5778 (tt)
1475 5713 1654 5778 perveniantur
1669 5713 1707 5764 V*

272 5779 534 5846 (8)re1inqnanlurF
595 5781 628 5846 (9)
648 5779 771 5830 debealF
833 5781 877 5844 (to)
896 5783 1077 5832 excusareedd.
1127 5783 1254 5840 rentan

273 5851 314 5908 (11)
332 5851 360 5898 in
374 5849 510 5900 tributione
527 5863 604 5914 usque
617 5849 656 5900 F2
750 5849 796 5906 lta)
814 5847 963 5900 iudiciorum
978 5851 1022 5900 ins.
1040 5849 1077 5900 W
1099 5839 1103 5908 l

1783 5713 1827 5777 (tt)
1844 5711 1935 5778 praese
