4366 6258
547 679 637 778 DE
670 677 1213 782 CONFIRMATIONE
1245 679 1689 782 DIGESTORUM.

319 965 359 1020 IN
379 963 521 1022 NOMINE
544 961 677 1018 DOMINI
701 965 767 1018 DEI
791 963 923 1022 NOSTRI
946 963 1055 1018 IHESU
1167 971 1236 1020 ιΕΝ
1252 967 1418 1020 onomast
1433 965 1505 1018 ΤΟΥ
1518 965 1716 1016 ΔΕΣΠΟΤΟῬ
1733 967 1800 1016 ΚΑΙ
1816 965 1916 1018 ΘΕΟΨ

617 1031 759 1088 CHRISTI
1337 1033 1449 1086 ΗΜΩΝ
1464 1033 1581 1084 {naor
1595 1033 1752 1084 maror

289 1115 516 1170 ¹lrnPERaTort
533 1113 674 1170 CAESAR
691 1115 845 1172 FLAVIUS
860 1113 1087 1170 IUsTINIArtUS
1140 1121 1381 1170 Amoueamus>
1408 1119 1552 1168 ΚΑΙΣΑΡ
1583 1119 1644 1168 ΦΛ.
1673 1117 1940 1180 1ουΣσ1111ΑΝοι1,

286 1183 543 1236 ALAMAUNIUUS
562 1183 761 1240 GOTTHIUUS
781 1181 983 1238 FRANUIUUS
1001 1183 1088 1236 eiia-
1140 1189 1424 1238 ΑΛΑαΑΝαιιςοΣ
1439 1187 1620 1238 Panormos
1636 1187 1844 1236 anarrinon
1864 1189 1941 1240 aar·

286 1249 444 1304 MAMUUS
471 1249 624 1306 ANTIUUS
653 1249 831 1304 ALANJUUS
859 1249 1087 1304 VAUUALIUUS
1140 1255 1312 1306 mastruca
1340 1255 1503 1306 Aarmoa
1530 1255 1730 1306 ΑΛΑΝιΚοΣ
1759 1255 1940 1306 canaam-

285 1317 489 1372 AFRICANUS
514 1317 593 1372 Pius
619 1317 730 1372 FELIX
754 1315 932 1370 mandros
955 1315 1089 1372 VICTOR
1140 1323 1216 1372 ΚοΣ
1229 1323 1446 1372 ΑΦΡΙΚΑΝΟΣ
1457 1321 1636 1372 ΕΨΣΕΒΗΣ
1646 1321 1822 1372 ΕῬΤῬΧΗΣ
1832 1325 1940 1374 amao-

285 1383 331 1436 ΑΟ
362 1385 624 1440 TRIUMPHATUR
652 1383 800 1438 smblPUR
824 1381 1010 1440 AUGUSTUS
1037 1385 1087 1438 AD
1140 1387 1216 1444 aaa
1226 1389 1660 1440 mifflnaarmuarornoa
1670 1391 1942 1442 Auranaaaroa

403 1453 576 1510 SENATUM
592 1453 641 1506 ΕΤ
660 1451 783 1506 OMNES
800 1451 971 1506 POPULUS.
1065 1475 1066 1478 ¹
1133 1457 1371 1516 'Aaronem
1400 1459 1449 1506 aa
1471 1459 1635 1506 ΜΕΓΑΛΗ
1658 1457 1789 1510 aaran
1811 1459 1878 1510 ΚΑΙ
1902 1463 1942 1512 ro

1141 1525 1247 1576 ramo
1262 1527 1329 1576 ΚΑΙ
1344 1525 1496 1574 namara
1513 1527 1600 1576 rara
1617 1527 1691 1576 ΤΗΣ
1709 1525 1944 1580 ornormnmna

319 1665 423 1762 Tanta
440 1705 510 1760 circa
524 1721 574 1760 nos
589 1703 693 1760 dvinae
706 1705 879 1760 humanitatis
894 1711 936 1762 est
947 1705 1087 1774 providen-
1175 1701 1309 1766 Λέδαικεν
1325 1705 1389 1778 ἡμῖν
1407 1705 1422 1762 δ
1439 1705 1506 1764 θεὸς
1521 1709 1588 1778 μετὰ
1604 1707 1655 1776 τὴν
1670 1705 1737 1780 πρὸς
1754 1713 1857 1780 Πέρσας
1874 1711 1942 1784 εἰρή-

284 1775 329 1842 tie,
350 1779 381 1828 ut
398 1789 501 1840 semper
518 1775 633 1830 aeterms
650 1773 855 1830 liberalitatibus
872 1791 921 1830 uos
938 1779 1088 1830 sustentare
1139 1795 1196 1840 νην,
1214 1775 1284 1846 μετὰ
1298 1775 1332 1830 τὸ
1349 1777 1419 1828 κατὰ
1434 1773 1577 1830 Βανδίλοιν
1592 1775 1728 1846 τρόποι-ιον
1743 1781 1789 1828 καί
1802 1775 1852 1844 τὴν
1866 1773 1944 1846 λίην

284 1843 412 1912 dignetur.
447 1845 510 1910 post
536 1843 607 1896 bella
635 1843 705 1896 enirn
728 1839 855 1896 Parthica
885 1849 993 1898 aeterna
1040 1859 1089 1898 ace
1140 1841 1244 1912 Λιβύης
1259 1847 1353 1912 κτῆσιν
1364 1849 1410 1896 καί
1423 1843 1476 1912 τὴν
1487 1847 1534 1912 τῆς
1548 1837 1766 1916 δνομαοτστάτης
1777 1845 1944 1916 Καρχηδόνος

284 1911 369 1980 sopita
386 1915 500 1978 postque
514 1909 687 1964 Vandalicam
704 1915 809 1978 gentem
826 1913 962 1980 ereptant*
978 1915 1005 1966 et
1020 1859 1087 1966 gar·
1140 1909 1311 1984 ἐπανάληψιν
1333 1917 1379 1966 καί
1401 1911 1497 1978 τὸτῆς
1514 1911 1722 1968 ἐπανανεάσεοις
1740 1915 1809 1980 (τῶν
1823 1913 1944 1968 παλαιῶν

283 1979 430 2046 thamnan,
454 1979 532 2032 immo
549 1979 633 2048 magis
650 1993 755 2034 omnem
770 1977 885 2048 Libyam
901 1979 1021 2034 Romano
1038 1979 1087 2032 im·
1139 1979 1234 2050 νάμοιν
1255 1985 1344 2054 ἔργον]
1368 1981 1404 2036 τίς
1427 1985 1509 2054 πέρας
1530 1975 1652 2052 άγαγεῖν,
1678 1975 1755 2050 [ὅπερ
1776 1973 1872 2050 οὐδεὶς]
1892 1987 1944 2038 τῶν

284 2047 356 2116 perio
382 2047 476 2100 iterum
500 2047 628 2102 sociatam
650 2053 678 2104 et
698 2047 768 2114 leges
792 2047 915 2116 audenus
938 2047 992 2100 iam
1014 2047 1087 2102 senio
1139 2047 1192 2116 πρὸ
1211 2047 1290 2116 ἡμῶν
1304 2047 1539 2118 βσβσσιλσυνότσυν
1556 2045 1784 2122 [σδτυκρστίροιν]
1805 2051 1864 2102 aa
1887 2045 1944 2104 οάδέ

283 2119 469 2184 praegravatos
493 2131 541 2184 per
563 2119 683 2170 nostram
709 2115 871 2184 vigilantiam
893 2115 1035 2186 praebuit³
1060 2115 1089 2170 in
1142 2117 1177 2170 εἰς
1199 2119 1264 2170 νοῦν
1286 2115 1439 2186 βάλλεσθαι
1460 2115 1573 2184 ἤλπισεν
1596 2115 1631 2170 ἂν
1653 2115 1715 2172 οὔτε
1741 2113 1855 2170 δυνατὸν
1880 2113 1944 2178 diam

283 2199 377 2238 novam
393 2183 617 2254 pulchritudinem
637 2191 663 2240 et
680 2185 846 2240 moderatum
862 2183 999 2252 pervenire
1017 2199 1089 2238 com·
1142 2187 1183 2256 [τῇ
1208 2181 1369 2258 ἀνθρωπίνῃ
1396 2183 1482 2256 φάσει]
1505 2179 1571 2238 acici
1595 2181 1629 2238 ἂν
1651 2185 1799 2254 ἐνομίσθη·
1823 2185 1882 2252 [τὴν
1898 2187 1943 2260 γὰρ

282 2253 420 2320 pendium:
446 2251 517 2320 quod
538 2269 616 2308 nemo
640 2257 702 2308 ante
724 2259 845 2308 nostrum
868 2251 1007 2322 imperium
1029 2269 1087 2306 um·
1140 2257 1197 2308 τῶν
1212 2251 1355 2320 Ῥωμαίων]
1373 2255 1542 2320 νομοθεσίαν
1559 2257 1775 2322 [stamaconstat
1787 2255 1866 2322 ἑαυτῆ
1882 2249 1942 2324 ἀπὸ)

284 2335 363 2390 cuam
386 2321 501 2392 sperarit
524 2337 609 2390 neque
631 2323 748 2376 humano
765 2319 870 2392 ingenio
908 2321 1014 2376 ossibile
1031 2335 1088 2376 esse
1140 2323 1188 2374 coi
1214 2323 1260 2388 τῆς
1286 2325 1464 2392 πρεσβυτέρας
1488 2317 1593 2392 [Ῥώμης
1616 2327 1767 2404 κτίσματος]
1791 2309 1866 2398 μέχρι
1893 2329 1944 2378 τῶν

282 2391 388 2458 penitus
412 2389 578 2446 existimavit.
614 2395 672 2444 erat
701 2389 771 2444 enim
797 2339 918 2444 miratio
940 2389 1093 2444 Romanam,
1142 2393 1196 2456 [τῆς
1213 2387 1341 2464 ἡμετέρας
1357 2387 1494 2458 βασιλείας
1508 2387 1636 2462 χρόνον,
1653 2391 1731 2458 οἵπερ
1749 2395 1818 2460 aaut
1831 2389 1866 2446 τὰ
1879 2391 1944 2458 χίλια

283 2459 447 2512 sanctionem
464 2457 499 2512 ab
517 2457 582 2512 urbe
602 2457 709 2512 conditu
726 2473 812 2528 usque
833 2457 869 2512 ad
884 2457 970 2512 nostri
986 2457 1089 2526 imperii
1142 2461 1197 2524 [καί
1219 2455 1380 2530 τυτρισιόσια
1403 2461 1449 2524 ἐτη
1472 2461 1658 2532 ἐκτρέχουσιν]
1679 2451 1728 2512 οὐκ
1744 2463 1773 2512 ίν
1788 2459 1944 2518 corallion

283 2533 411 2596 tempora,
429 2541 497 2596 quae
514 2539 599 2596 paene
614 2527 643 2580 in
658 2525 729 2580 mille
744 2533 771 2580 et
783 2525 989 2596 quadringentos
1004 2541 1088 2580 annos
1140 2525 1227 2594 μόνον
1255 2519 1320 2580 ἀλλὰ
1346 2531 1392 2578 καί
1414 2529 1444 2580 ἐν
1466 2533 1526 2582 ταῖς
1547 2525 1699 2596 βασιλικοῖς
1722 2525 1863 2588 διατάξεσι
1883 2529 1944 2602 πρὸς

284 2601 459 2658 concurrunt,
482 2593 613 2650 intestinis
631 2595 738 2662 proeliis
756 2593 924 2650 vacillantem
941 2595 1045 2662 hocque
1062 2599 1089 2650 et
1142 2589 1252 2650 άτισσαν
1275 2593 1367 2668 άγςιν4
1392 2599 1551 2666 συμφωνίαν
1573 2615 1604 2650 τε
1626 2599 1673 2648 καί
1697 2591 1851 2668 διαφωνίαν
1859 2599 1876 2662 ⁵,
1905 2605 1944 2650 καί

282 2665 311 2716 in
338 2661 485 2732 imperiales
514 2663 716 2718 constitutiones
743 2663 927 2718 extendentem
954 2663 983 2716 in
1008 2679 1089 2716 uuam
1141 2661 1409 2734 elemosimarum
1426 2657 1506 2730 αὐτῆς
1523 2661 1626 2728 ἐξελεῖν,
1645 2661 1678 2716 τὸ
1697 2657 1843 2718 δέτυίιτίν
1859 2673 1944 2720 τινα

282 2729 410 2786 retinuere
432 2731 646 2798 consonantiam,
675 2737 707 2786 ut
728 2731 795 2786 nibil
818 2747 903 2800 neque
926 2731 1088 2786 contrarium
1143 2725 1239 2800 δμσιον
1254 2731 1406 2798 ἐξοιθῆσσι,
1425 2737 1491 2800 μίαν
1509 2729 1539 2784 δὲ
1556 2725 1623 2802 αὐτῇ
1640 2729 1751 2788 κάλλους
1768 2731 1842 2786 ἰδίαν
1858 2755 1944 2806 παρα-

283 2815 369 2868 ncque
395 2799 465 2854 idem
492 2815 578 2870 nequo
605 2799 691 2856 simile
712 2801 742 2856 in
764 2815 798 2854 ea
819 2799 967 2856 inveniatur
989 2803 1017 2854 et
1038 2801 1088 2854 no⁴
1142 2807 1219 2866 σχεῖν,
1239 2797 1308 2856 duce
1325 2803 1374 2854 ἕνα
1391 2799 1440 2854 τὸν
1457 2805 1581 2868 κείμενον
1595 2793 1644 2872 ἐφ’
1658 2797 1764 2868 ἑκάστῳ
1780 2801 1944 2856 καθεστάναι

283 2869 401 2938 geminae
428 2869 499 2938 leges
527 2887 576 2940 pro
604 2869 685 2926 rebus
713 2867 822 2938 singulis
847 2869 950 2938 positae
976 2885 1089 2950 usquam
1140 2865 1280 2942 πράγματι
1295 2867 1393 2938 νόμον,
1418 2871 1464 2936 τῆς
1487 2865 1701 2942 άνσιθυνροιτῆς
1718 2871 1825 2936 καὶτῆς
1842 2871 1944 2926 malou

284 2941 438 3008 appareant.
473 2953 587 3008 namque
609 2939 662 2992 boc
686 2937 808 2992 caelestis
827 2937 932 3006 quidem
948 2937 1088 3008 pronden-
1141 2937 1350 3010 cameleontes
1374 2935 1448 2992 ἴδιον
1469 2929 1515 3004 ἦν,
1541 2929 1595 2990 ἀλλ’
1620 2929 1668 2992 οὐκ
1686 2929 1863 3010 ἀνθρωπίνης
1878 2937 1944 2992 τινὸς

282 3007 337 3062 tiae
353 3005 486 3076 peculiare
503 3007 565 3076 tuit,
588 3007 721 3062 humanae
742 3021 804 3062 vero
826 3005 994 3062 inbecillitati
1016 3007 1089 3062 nullo
1142 3007 1263 3064 διανοίας
1286 3003 1303 3074 ἢ
1328 3005 1499 3092 ἐγχειρήσεως
1517 3005 1533 3070 ἢ
1551 3003 1689 3076 δυνάμεως
1707 3001 1782 3064 ilas.
1813 3001 1945 3074 decisoria

283 3073 361 3130 modo
383 3075 516 3146 possibile.
552 3091 602 3130 nos
624 3075 714 3144 itaque
737 3091 811 3130 more
832 3075 909 3130 sclito
932 3075 966 3130 ad
983 3075 1089 3130 immor-
1141 3079 1230 3144 (τσίιτο
1260 3073 1293 3146 δι)
1315 3097 1347 3130 το
1372 3075 1595 3146 συνσιθισμένον6
1622 3071 1697 3160 ἡμῖν)
1726 3075 1773 3132 τὰς
1798 3083 1887 3148 χεῖρας
1916 3077 1945 3130 είς

282 3143 393 3200 talitatis
416 3145 581 3214 respeximus
603 3145 780 3214 praesidium,
808 3151 835 3200 et
857 3161 958 3202 summ
982 3145 1089 3200 numine
1140 3145 1211 3202 θεὸν
1227 3139 1414 3202 ἀνατείναντα
1430 3147 1477 3198 καί
1495 3143 1652 3212 αἰτήσαντες
1673 3151 1739 3214 ημῖν
1755 3137 1838 3200 αὐτὸν
1854 3145 1944 3200 συλλα-

282 3215 405 3268 invocato
428 3213 504 3268 deum
529 3217 666 3270 auctorem
689 3219 716 3268 et
730 3215 816 3268 totius
834 3213 921 3282 operis
939 3213 1089 3284 praesulem
1140 3219 1201 3282 βεῖν
1223 3213 1424 3284 ἐνεγειρήσαμέν
1445 3233 1476 3266 τι
1499 3217 1561 3264 καί7
1589 3217 1623 3266 τό
1647 3215 1704 3268 πᾶν
1727 3213 1943 3286 ἐξειργασάμεθα,

283 3283 341 3338 ficri
362 3283 525 3352 optavimus,
553 3289 580 3338 et
606 3299 683 3338 omne
704 3283 822 3338 studium
846 3281 1009 3338 Triboniauo
1032 3281 1089 3338 viro
1142 3285 1318 3354 Τριβανισνῷ
1336 3285 1378 3350 τῷ
1395 3279 1567 3348 ἐνδοξοτάτῳ
1605 3287 1724 3354 αγίστρῳ
1743 3287 1788 3334 κοί
1805 3275 1860 3336 άπὸ
1874 3303 1944 3336 κυισ-

282 3351 387 3406 excelso
413 3349 537 3420 magistro
567 3351 717 3406 officiorum
745 3357 772 3406 et
801 3355 996 3422 exquaestore
1019 3351 1090 3406 sacri
1142 3351 1249 3424 στάρσν
1270 3355 1319 3406 τοῦ
1340 3351 1420 3406 θείου
1442 3347 1521 3420 ἡμῶν
1541 3303 1674 3406 maiorica
1696 3355 1742 3404 καί
1757 3349 1872 3406 ὑστάτων
1886 3349 1945 3424 πρὸς

282 3421 367 3476 nostri
389 3419 482 3490 palatii
506 3425 531 3474 et
555 3435 589 3474 ex
610 3421 720 3478 consule
742 3419 900 3476 credidimus
918 3419 996 3490 eiquo
1012 3437 1089 3476 omne
1139 3421 1190 3488 τὴν
1214 3417 1278 3490 ὅλην
1298 3417 1447 3494 ὑπουργίαν
1467 3417 1633 3504 γγρησάμυνοι
1650 3423 1699 3472 καί
1712 3439 1785 3474 τισιν
1803 3417 1890 3504 iidata
1906 3427 1944 3474 ἐν·

282 3489 454 3546 ministerinm
485 3489 670 3546 huittscemodi
700 3489 875 3546 ordinationis
905 3489 942 3544 im
961 3491 1088 3556 osnimus‚
1142 3489 1231 3554 δόξαις
1247 3511 1278 3546 τε
1294 3495 1340 3544 καί
1355 3497 1449 3562 σοφοῖς
1464 3487 1608 3562 ανδράσιν’
1626 3493 1779 3562 ἐροιτιόντυς
1795 3493 1845 3558 μὲν
1862 3493 1903 3544 αεὶ
1919 3487 1945 3542 τί

282 3565 314 3616 ut
335 3559 392 3630 ipse
413 3577 467 3616 uno
488 3577 548 3614 oum
570 3557 646 3616 aliisi
668 3559 816 3616 illustribus
834 3565 862 3616 et
878 3577 930 3630 pru
949 3559 1089 3616 endssimis
1140 3559 1289 3634 γινόμενον,
1307 3559 1341 3616 τὸ
1360 3557 1390 3612 δὲ
1405 3553 1641 3644 ἀμφισβητήσιμον
1655 3557 1849 3628 μανθάνοντες,
1869 3563 1946 3614 πᾶσιν

281 3629 345 3684 viris
361 3635 481 3684 nostrum
499 3627 659 3686 desiderium
677 3629 840 3700 adimpleret.
872 3635 967 3686 noema
984 3645 1089 3700 quoque
1142 3627 1172 3684 a
1188 3633 1218 3684 ἐκ
1233 3633 1279 3698 τῆς
1295 3625 1466 3700 ἐνδιδομένης
1483 3635 1548 3700 ημῖν
1563 3627 1639 3700 παρὰ
1661 3631 1710 3682 τοῦ
1733 3625 1865 3682 δυσπότου
1885 3629 1947 3682 θεοῦ

281 3697 407 3754 maiestas
439 3715 542 3768 semper
570 3697 752 3766 investigando
781 3703 809 3754 et
833 3699 1028 3766 perscrutando
1057 3715 1090 3754 ea

282 3781 350 3838 quae
375 3769 409 3822 ab
435 3769 477 3822 his
499 3769 741 3838 componebantur,
770 3765 897 3836 quidquid
925 3767 1035 3826 dubium
1051 3773 1091 3822 ¹et

282 3837 412 3892 incertum
433 3835 629 3904 inveniebatur,
657 3837 709 3892 boc
737 3835 843 3892 numine
872 3835 981 3892 caelesti
1001 3841 1090 3892 erecta

283 3907 441 3964 emendabat
454 3913 480 3962 et
491 3905 520 3960 in
533 3909 728 3976 competentem
739 3905 852 3962 tonnam
865 3905 1010 3976 redigebat.
1033 3921 1088 3962 orn·

282 4083 311 4146 (1)
329 4077 794 4146 =Ooat‚u,atvicesuprap.ltllt)
836 4079 868 4144 (t)
882 4079 1089 4146 peremptamscr.
1143 4079 1173 4144 (1)
1191 4079 1667 4148 Versioncmadiecimusinimcpoyinu
1712 4081 1746 4144 (1)
1761 4081 1807 4130 aci
1818 4075 1869 4144 τὴν
1880 4071 1947 4144 dina]

284 4153 315 4216 ts)
332 4147 436 4216 praebui
445 4149 483 4202 pr
551 4149 582 4212 (t)
602 4163 703 4200 ουσιαι.
756 4149 807 4214 ’(1)
824 4149 897 4214 aicS,
911 4147 1083 4218 αἰολείας]
1142 4149 1188 4198 καί
1198 4143 1249 4214 τὴν
1258 4147 1304 4212 τῆς
1315 4139 1377 4212 ilus
1389 4149 1427 4202 Ισ.
1436 4149 1515 4202 Bau.
1525 4147 1635 4202 Καιλίου
1677 4147 1948 4216 (ο)ἐαυυίέτυειλ’ςο

1142 4219 1245 4268 cundum
1254 4219 1293 4268 Au
1310 4219 1413 4270 usticam
1423 4217 1526 4284 (folium
1536 4219 1764 4286 dcclodiedmieit)
1806 4221 1837 4284 (4)
1853 4215 1950 4270 castali

1142 4285 1175 4350 (5)
1192 4303 1224 4336 τε
1235 4287 1280 4336 καί
1291 4237 1446 4354 διαφωνίαν
1455 4287 1641 4356 δαίοίΚτοαρα
1679 4289 1713 4354 (ο)
1727 4283 1950 4354 συνηθισμονονί

1142 4355 1175 4420 (ί)
1192 4373 1224 4404 το
1231 4357 1285 4420 καί]
1298 4357 1434 4420 Taurellus,
1445 4357 1491 4404 nai
1499 4359 1596 4418 τοίνυν,
1604 4369 1693 4422 postea
1700 4359 1794 4408 τοίνυν
1804 4357 1948 4424 Aequoribus

317 4521 351 4576 la
369 4525 476 4578 nomine
493 4525 596 4578 domiai
611 4527 636 4594 ct
654 4523 699 4578 clei
713 4523 803 4576 nostri
817 4521 880 4578 Iesu
900 4521 1005 4578 Christi.
1088 4535 1093 4540 ·
1145 4523 1183 4578 acl
1211 4525 1299 4578 nostri
1325 4525 1434 4594 imperii
1461 4529 1596 4594 tenuiora,
1625 4525 1675 4596 ραι·
1695 4525 1764 4580 anni
1784 4525 1813 4578 in
1836 4521 1948 4580 miliaci

319 4591 358 4646 lm
380 4597 471 4646 mator
487 4593 585 4648 Cacsar
597 4591 708 4648 Flauias
719 4591 890 4648 lastinianus
901 4591 1094 4648 Alamannicus
1145 4591 1358 4662 quadrinocntos
1379 4591 1441 4662 sera
1462 4595 1627 4660 excurrunt,
1649 4609 1704 4648 non
1725 4593 1812 4648 solum
1836 4595 1865 4648 in
1886 4593 1948 4652 allis,

353 4609 491 4714 dollllicus
512 4661 661 4718 lbancicus
681 4659 856 4714 Germanicus
872 4661 984 4716 Anticus
1000 4659 1093 4714 Alani·
1144 4661 1193 4714 scd
1208 4661 1236 4716 in
1254 4663 1320 4732 absis
1337 4677 1446 4732 quoqccc
1462 4659 1648 4732 imperialibus
1664 4663 1898 4718 constitutionibus
1919 4655 1949 4734 σί(

350 4745 399 4784 σας
428 4727 593 4786 Vandalicas
614 4729 764 4800 Africanus
785 4729 853 4798 pius
877 4729 950 4800 folia
977 4729 1094 4786 inclutus
1139 4729 1251 4800 plemma
1278 4731 1482 4786 consoamtiam
1505 4729 1659 4802 perducere
1682 4735 1708 4782 ct
1726 4731 1882 4802 μαγαοαίία
1904 4729 1947 4784 sto

350 4799 435 4852 uictor
452 4797 633 4870 tm'umpbatar
649 4813 753 4870 semper
770 4801 910 4870 Ααγαςίας
927 4797 965 4852 ad
983 4799 1092 4870 comtis-
1145 4797 1208 4852 inda
1224 4797 1375 4870 capellare,
1397 4797 1495 4852 similia
1518 4805 1607 4852 autem
1631 4801 1657 4852 ct
1678 4799 1792 4870 qcmclla
1814 4797 1948 4852 totiaco

350 4869 444 4922 siarcum
474 4871 595 4920 serratam
622 4869 813 4950 populumque
845 4877 871 4920 ct
900 4881 990 4922 omncs
1019 4867 1093 4924 orbis
1143 4883 1227 4920 unam
1244 4867 1351 4922 omuino
1364 4865 1580 4936 pulchritudinis
1595 4867 1715 4936 formam
1735 4867 1761 4920 ei
1777 4867 1902 4934 inducre,
1925 4871 1947 4918 κί

351 4943 484 4990 tarantum
502 4935 590 4990 nostri
605 4939 735 4992 cavitates.
1143 4933 1269 5006 sinouloc
1285 4935 1319 4990 cle
1335 4933 1452 5006 sinqulis
1466 4933 1548 4990 rebus
1562 4933 1635 5004 λοοκς
1650 4939 1751 5000 aalma,
1769 4935 1892 4990 caelestis
1903 4951 1947 5008 μο-

317 5005 397 5060 Dedit
419 5005 497 5062 nobis
517 5003 584 5058 acus
600 5011 667 5074 post
679 5023 777 5076 pacem
794 5005 896 5068 factam
914 5021 973 5058 oum
991 5003 1092 5070 Parsis,
1144 5005 1243 5058 tentiae
1260 5011 1286 5058 a
1302 5003 1411 5058 άίοίοαο
1427 5005 1601 5074 ίιοαίγαίίσίίς
1612 5003 1760 5074 proprium
1778 5019 1834 5056 csse
1850 5005 1946 5060 videta

280 5079 345 5144 post
360 5077 500 5130 uictoriam
518 5071 551 5128 dc
572 5071 704 5128 Vandalis
718 5077 884 5144 reportatum
900 5077 927 5128 et
939 5073 1091 5128 uniuersum
1144 5077 1203 5138 tur,
1226 5089 1281 5128 non
1301 5073 1473 5144 capitationis
1490 5071 1535 5126 ccl
1550 5077 1664 5126 conatus
1681 5071 1725 5126 acl
1740 5073 1848 5126 amnium
1865 5069 1947 5142 faciel·

281 5143 405 5214 Africam
439 5151 546 5218 captam
575 5139 817 5212 sulmodiclissimam
839 5157 873 5196 ας
904 5141 1090 5212 Οσυίίιογίααα
1144 5143 1209 5194 tatis
1226 5139 1368 5216 damonae.
1404 5141 1494 5212 itaque
1515 5155 1566 5194 nos
1588 5155 1662 5194 mora
1683 5141 1762 5194 solito
1779 5141 1902 5196 manebus
1919 5133 1947 5194 ai

281 5215 414 5282 receptam
437 5211 501 5278 boc,
524 5217 556 5266 ut
578 5209 658 5264 ctiam
683 5217 799 5266 calaum
820 5159 912 5282 iocum
930 5213 1090 5266 instauratio
1142 5209 1222 5266 δίκαι
1234 5209 1346 5266 sublatis
1358 5213 1455 5264 etcum
1465 5211 1584 5282 precati,
1595 5207 1716 5264 atuatici
1727 5209 1860 5280 opitulari
1870 5209 1950 5280 notia,

276 5295 332 5350 par
347 5295 398 5334 aas
408 5281 597 5350 perficeretur,
617 5279 648 5334 irl
664 5281 739 5350 ριισιί
753 5297 831 5336 nemo
848 5295 949 5346 amum,
968 5281 1092 5350 quiante
1142 5279 1172 5336 id
1193 5295 1231 5350 aa
1251 5279 1320 5332 rossi
1340 5285 1476 5332 samosat
1493 5283 1578 5332 totum
1590 5277 1776 5350 perfecimus,
1800 5275 1947 5334 Tritoniant

281 5363 331 5402 nos
347 5349 530 5420 imperarunt,
554 5365 588 5404 ae
611 5355 699 5404 mente
721 5353 863 5422 conabam
884 5349 990 5418 οιιαίαα
1008 5365 1092 5404 ausus
1141 5349 1196 5404 oiri
1207 5295 1398 5432 ρλαίοςίαίαί
1412 5349 1537 5420 ιασρίςίνί
1551 5347 1707 5418 officiorum
1722 5351 1749 5400 ct
1762 5363 1800 5402 coc
1814 5353 1948 5418 quaestam

282 5421 342 5470 ααί
357 5433 444 5488 oreque
460 5419 567 5474 οιαιιίαο
584 5417 619 5474 ab
636 5417 754 5474 λαιασασ
774 5419 882 5492 inuenio
896 5419 997 5488 perfici
1007 5433 1092 5488 posse
1141 5433 1215 5474 sacra
1232 5417 1337 5488 palatii
1358 5421 1385 5470 ct
1408 5433 1445 5472 σα
1465 5417 1575 5472 consule
1595 5415 1732 5472 adiutorio
1751 5417 1788 5470 acl
1804 5419 1947 5472 ααίυαςοα

279 5485 435 5554 putabatur.
469 5485 652 5542 Romanorum
678 5491 748 5542 enlm
774 5487 1014 5560 irrrispmedcntiam
1040 5487 1093 5542 sibi
1142 5485 1338 5542 ordinationem
1349 5487 1395 5542 usi
1405 5485 1574 5558 aliorumque
1584 5485 1755 5558 quorundam
1771 5485 1914 5542 illustrium
1928 5485 1947 5562 ί)

281 5555 336 5622 obsi
356 5557 519 5610 contrariam
542 5555 605 5612 ιἰαία
625 5575 643 5612 α
666 5557 775 5612 condita
797 5563 884 5614 vetera
899 5557 987 5614 Barna
1004 5573 1091 5630 usquc
1135 5557 1314 5632 prudentium
1331 5557 1460 5626 virorum,
1478 5561 1509 5612 ut
1522 5573 1629 5630 semper
1643 5555 1711 5628 quid
1725 5557 1945 5628 coarctaremur·
