4366 6258
284 413 385 498 111111
407 437 467 502 aa
1093 433 1149 508 188

1457 463 1503 508 DE
1524 463 1611 510 Lmen
1631 463 1763 508 aueum
1784 461 1829 508 DE
1852 463 1950 510 IAOTU

291 637 354 676 num
370 625 489 676 secutum
508 625 548 676 est
564 637 599 676 aa
614 637 677 676 vero
695 621 748 676 alia
764 637 798 676 ex
815 637 911 688 causa,
929 623 1010 676 veluti
1027 623 1097 692 quod
1148 625 1174 676 et
1190 637 1291 676 merces
1308 629 1371 678 tuae
1389 641 1449 678 oum
1468 639 1500 678 aa
1517 641 1583 680 nave
1604 625 1753 694 perierunt,
1775 625 1804 676 in
1828 639 1881 692 qua
1903 639 1950 678 nc-

291 689 389 746 alicubi
413 689 536 744 iacebant
560 705 662 744 merces
687 689 715 742 in
741 689 838 808 arpalo
863 691 951 760 aliquo
975 697 1002 744 et
1024 691 1095 742 unda
1146 691 1251 742 vissime
1268 697 1359 746 vectae
1375 697 1451 756 sunt,
1475 691 1557 746 habes
1580 709 1613 746 ex
1636 691 1767 746 conducto
1784 691 1872 746 locato
1891 707 1951 744 cum

290 757 444 828 penetravit.
470 761 536 812 tuuc
554 757 623 810 enim
640 757 761 812 conterre
793 755 894 812 ebebit:
913 775 947 812 an
963 773 995 812 ex
1008 757 1096 838 priore
1145 757 1233 826 priore
1257 761 1341 812 nanta
1366 759 1506 812 actionem.
1541 759 1664 814 Pennus:
1691 757 1770 812 immo
1797 763 1904 822 contra,
1928 759 1951 812 si

291 841 373 880 causa
390 823 544 880 collationis
562 839 630 880 onas
651 823 710 892 pati
732 837 786 878 non
809 823 900 892 debet,
925 825 987 894 quia
1009 829 1095 880 raetos
1145 823 1222 878 modo
1246 839 1278 878 aa
1300 825 1467 892 navigatione
1489 829 1602 894 utraque
1623 825 1697 880 navis
1720 825 1812 894 periit,
1839 841 1899 880 cum
1924 823 1951 878 id

290 893 369 948 etiam
392 891 463 946 hunc
480 893 575 946 laesit?
601 891 689 946 adhuc
710 891 840 960 numquid
863 899 889 946 et
911 895 935 946 si
957 893 1096 962 aspargine
1145 893 1201 946 sine
1219 891 1279 946 dolo
1298 899 1325 946 et
1342 893 1422 960 culpa
1435 899 1576 946 nanterum
1589 893 1689 946 factum
1705 897 1782 946 esset.
1808 893 1950 946 idemiuris

290 965 398 1030 propter
419 959 518 1014 iactum
540 975 583 1014 res
599 959 742 1014 deteriores
760 959 850 1016 factae
867 961 948 1016 sunt?
974 959 1020 1014 sed
1043 961 1094 1014 dis·
1145 959 1207 1024 erit,
1232 959 1254 1014 si
1277 961 1350 1028 prior
1372 965 1455 1012 nauta
1478 961 1583 1030 publice
1604 965 1722 1014 retentus
1745 961 1868 1028 navigare
1890 973 1951 1014 cum

290 1027 381 1082 tinctio
407 1027 529 1096 suptilior
553 1027 703 1082 adhibenda
728 1033 781 1092 est,
815 1029 878 1098 quid
902 1029 963 1098 plus
989 1027 1037 1092 sit,
1067 1027 1095 1082 in
1145 1027 1197 1080 tuis
1214 1027 1347 1082 mercibus
1364 1027 1514 1096 prohibitus
1531 1027 1618 1080 fuerit.
1644 1027 1714 1080 idem
1730 1027 1796 1080 iuris
1814 1027 1872 1092 erit,
1891 1045 1951 1080 cum

290 1093 384 1150 damno
402 1111 438 1148 an
453 1095 651 1150 incohatione:
676 1095 698 1148 ri
720 1095 793 1150 verbi
847 1097 902 1150 atia
923 1097 974 1150 hae
998 1111 1041 1150 res
1058 1095 1095 1150 vi·
1145 1111 1177 1150 ea
1195 1095 1349 1150 condicione
1367 1101 1428 1148 ate
1451 1095 1635 1160 conduxisset,
1661 1101 1692 1148 ot
1715 1101 1815 1148 certam
1838 1111 1950 1164 poenam

289 1163 354 1232 giuti
370 1163 477 1216 fuerunt
495 1169 521 1216 et
535 1163 641 1216 collatio
656 1163 761 1232 quidem
774 1165 841 1218 iamt
855 1165 953 1226 decem,
971 1161 1095 1216 damnum
1144 1163 1199 1216 tibi
1214 1167 1376 1232 praestaret,
1402 1161 1452 1216 nisi
1476 1167 1537 1216 aute
1561 1165 1733 1216 constitutum
1757 1163 1825 1216 diem
1850 1177 1949 1218 merces

290 1237 377 1284 autem
395 1231 462 1296 duc,
480 1231 593 1284 deducto
611 1231 677 1294 hoc,
701 1231 773 1300 quod
791 1231 915 1286 damnum
932 1245 1028 1300 passus
1046 1237 1094 1296 est,
1144 1237 1205 1284 tuas
1229 1247 1260 1286 eo
1284 1231 1334 1284 loci
1360 1231 1539 1300 exposuisset,
1565 1231 1593 1282 in
1615 1245 1693 1298 quem
1716 1229 1881 1284 devehendas
1905 1245 1950 1282 eas

288 1297 416 1368 reliquum
425 1297 545 1352 conferre
554 1297 657 1352 debeat.
683 1299 746 1366 quid
761 1315 831 1368 ergo,
846 1299 869 1352 si
882 1297 943 1366 plus
957 1297 985 1350 in
999 1299 1094 1354 damuo
1145 1313 1244 1354 merces
1261 1299 1422 1362 locasset¹¹,
1444 1313 1494 1350 nec
1512 1313 1560 1364 per
1584 1313 1643 1350 eum
1663 1301 1763 1362 staret,
1786 1315 1839 1368 quo
1863 1297 1950 1350 minus

290 1365 340 1420 crit
361 1381 440 1444 quam
462 1365 491 1420 in
513 1365 674 1420 ochadone?
698 1373 728 1420 nt
751 1373 817 1436 puta
840 1365 932 1420 dacem
948 1367 1034 1420 aureis
1052 1381 1094 1420 res
1145 1367 1253 1440 remissa
1270 1365 1321 1420 sibi
1339 1381 1371 1420 aa
1387 1381 1474 1444 poena
1491 1365 1661 1432 spectaretffl.
1692 1365 1763 1418 idem
1778 1365 1844 1420 iuris
1861 1365 1889 1418 in
1906 1381 1948 1420 ao-

290 1433 432 1486 deterrores
449 1431 537 1486 iactae
561 1439 637 1498 sunt,
662 1435 714 1488 duo
739 1439 827 1488 autem
851 1433 999 1486 collatmnis
1023 1437 1093 1488 sunt.
1145 1435 1203 1486 dem
1219 1449 1314 1502 genere
1337 1433 1504 1502 cognationis
1528 1431 1740 1498 observabimus,
1764 1433 1787 1486 si
1809 1433 1950 1500 probatum

289 1501 435 1554 indubitate
453 1505 594 1568 utrumque
611 1517 684 1566 ,onus
726 1501 764 1556 ati
786 1517 841 1554 non
864 1499 956 1552 debet:
982 1501 1094 1556 sedhic
1143 1501 1224 1554 fuerit
1249 1505 1358 1554 nautam
1383 1501 1476 1556 morbo
1499 1499 1652 1568 impeditum
1674 1499 1798 1568 navigare
1823 1517 1877 1552 non
1901 1515 1949 1570 po-

280 1567 436 1648 'yideamua
461 1585 523 1622 num
540 1573 567 1620 et
582 1567 634 1638 ipsi
651 1519 771 1648 corddrre
788 1573 918 1648 oporteat.
946 1567 1095 1690 quidecim
1144 1569 1234 1648 tuisse.
1260 1567 1329 1622 idem
1355 1567 1487 1634 dicemus,
1512 1567 1535 1622 si
1557 1567 1631 1622 uaris
1661 1567 1717 1648 eius
1742 1567 1834 1646 vitium
1857 1567 1950 1622 iecerit

289 1639 396 1704 interest
419 1635 549 1690 iactatas¹
566 1651 609 1690 res
625 1651 697 1690 meas
715 1649 846 1688 ammaum
864 1649 899 1688 an
917 1651 952 1690 nu
971 1641 1030 1690 atas
1049 1637 1093 1690 de·
1145 1639 1159 1690 t
1194 1651 1251 1692 sme
1266 1635 1326 1690 dolo
1341 1637 1410 1690 malo
1426 1641 1453 1690 et
1468 1635 1548 1704 culpa
1562 1637 1625 1690 eius.
1661 1633 1950 1690 Srconduxrstiuarem

280 1703 396 1756 ¹teriones
413 1703 511 1756 habere
529 1705 672 1784 coeperim:
691 1719 753 1756 nam
770 1701 841 1756 sicut
854 1703 877 1756 ei
892 1705 937 1770 qui
971 1705 1095 1758 erdiderit
1145 1703 1332 1772 amphorarum
1357 1703 1410 1758 duo
1433 1705 1535 1756 milium
1558 1711 1584 1758 et
1607 1703 1645 1758 ibi
1668 1705 1810 1772 amphoras
1827 1703 1949 1772 portasti,

289 1771 449 1836 subvenitur,
467 1771 505 1824 ita
522 1777 549 1826 et
565 1787 590 1826 et
607 1771 740 1826 subveniri
758 1775 870 1838 oportet,
890 1771 934 1840 qui
951 1719 1093 1826 deteriores
1144 1787 1191 1890 pro
1223 1771 1327 1824 duobus
1360 1771 1465 1826 milibus
1496 1771 1683 1838 amphorarum
1714 1771 1828 1840 pretium
1861 1771 1952 1834 debes„

287 1843 397 1906 propter
418 1837 518 1894 iactum
541 1855 583 1894 res
607 1839 705 1892 habere
722 1837 847 1906 coeperit.
874 1839 942 1894 haec
959 1839 997 1892 ita
1013 1839 1092 1908 Papi·
1166 1853 1267 1892 annus:
1291 1837 1369 1892 immo
1388 1839 1411 1892 si
1428 1837 1565 1894 aversione
1582 1839 1655 1892 navis
1674 1837 1806 1894 conducta
1824 1843 1877 1906 est,
1900 1855 1949 1906 pro

288 1905 342 1960 rius
359 1905 460 1960 Fronto
478 1907 621 1978 respondit.
1144 1905 1247 1960 duobus
1265 1905 1370 1960 milibus
1388 1905 1500 1960 debetur
1517 1921 1631 1960 merces:
1656 1907 1680 1960 si
1703 1921 1751 1974 pro
1775 1921 1884 1962 numero
1901 1907 1949 1960 im·

321 1969 340 2030 5
358 1973 612 2030 Hrmrocurmrus
623 1973 690 2026 libro
704 1971 822 2026 secundo
837 1975 905 2026 iaris
918 1975 1094 2056 spitametam
1142 1973 1287 2042 positarum
1305 1975 1492 2042 amphorarum
1509 1989 1610 2028 merces
1628 1975 1773 2028 constituta
1790 1979 1838 2040 est,
1857 1981 1950 2028 contra

290 2041 407 2098 Amissae
424 2043 497 2098 uaris
515 2041 639 2120 damnum
654 2041 802 2096 collationis
818 2047 951 2098 consortio
968 2057 1022 2096 non
1037 2057 1092 2096 sar·
1144 2057 1173 2096 se
1189 2041 1282 2094 habet:
1301 2057 1363 2096 nam
1379 2057 1428 2112 pro
1446 2047 1487 2096 tot
1505 2041 1867 2112 ampho1iapretiumdebes
1886 2047 1950 2112 quot

287 2111 356 2164 citur
377 2125 425 2180 per
448 2125 507 2174 cos,
532 2125 576 2178 qm
599 2123 699 2162 merces
722 2125 785 2162 suas
809 2107 948 2176 naufragio
966 2109 1092 2164 liberave-
1143 2109 1263 2178 portasti.

275 2183 370 2260 muta·
390 2193 450 2232 nam
476 2177 560 2256 huius¹
581 2177 741 2256 aequitatem
766 2181 831 2232 tuuc
857 2177 960 2258 admitti
1003 2179 1092 2242 lacuit,
1510 2179 1596 2242 11112,

287 2243 1093 2378 11111111111111111111)11111111
1327 2281 1372 2330 m

286 2381 417 2460 mercibus
434 2381 540 2434 liberari
563 2381 661 2450 possit,
686 2383 806 2450 aequitas
824 2383 1026 2436 contributiouis
1045 2383 1093 2434 ha·
1179 2377 1193 2436 1
1220 2377 1364 2444 Ucrrares
1393 2381 1460 2434 libro
1486 2381 1629 2434 vicensimo
1655 2385 1748 2434 octavo
1774 2381 1812 2434 acl
1834 2381 1949 2434 edictam

286 2449 504 2574 belprtllpchppm
527 2517 594 2572 libro
621 2519 800 2588 octopensimo
825 2523 903 2572 sexto
929 2519 1092 2586 clipeatorum

285 2583 366 2638 Navis
384 2585 495 2638 adversa
512 2589 668 2652 tempestate
686 2583 830 2654 depressa²
846 2585 902 2638 ictu
916 2583 1031 2638 fulminis
1046 2585 1092 2638 de-

285 2653 352 2706 ustis
379 2651 546 2706 armamentis
573 2657 599 2704 et
625 2653 720 2706 arbore
746 2657 772 2706 et
798 2657 923 2706 antemna
944 2651 1092 2772 Hipponem

1143 2449 1265 2518 Aequum
1280 2449 1398 2530 praetori
1415 2449 1499 2502 visum
1519 2453 1566 2512 est,
1585 2449 1654 2504 sicut
1669 2449 1809 2502 commoda
1823 2449 1949 2504 sentimus

1144 2533 1176 2572 ex
1199 2521 1262 2570 actu
1284 2517 1449 2582 institorum,
1473 2515 1512 2570 ita
1536 2517 1615 2570 etiam
1639 2515 1750 2636 oblipari
1767 2533 1816 2570 uos
1835 2533 1868 2570 ex
1885 2533 1948 2570 con·

1142 2585 1272 2638 tractibus
1295 2585 1415 2654 ipsorum
1438 2587 1465 2638 et
1489 2585 1629 2638 conveniri.
1657 2599 1686 2638 se
1721 2583 1861 2638 nunidem
1884 2585 1950 2638 facit

1143 2651 1215 2704 cuca
1232 2667 1291 2706 eum
1310 2653 1354 2722 qui
1370 2651 1518 2706 institorem
1535 2653 1697 2722 praeposuit,
1715 2659 1746 2704 ut
1761 2653 1875 2730 experiri
1888 2669 1948 2722 pos·

1142 2719 1189 2774 sit:
1214 2717 1261 2772 sed
1285 2719 1308 2772 si
1331 2719 1436 2788 quidem
1458 2735 1563 2774 seruum
1580 2721 1721 2840 proprium
1737 2719 1884 2774 institorem
1901 2719 1948 2774 ha·

1142 2787 1212 2850 buit,
1235 2791 1324 2854 potest
1348 2803 1406 2842 esse
1429 2803 1539 2842 securus
1563 2785 1700 2854 aquisitis
1718 2787 1769 2842 sibi
1786 2787 1947 2842 actionibus:

1142 2853 1165 2906 si
1182 2857 1269 2906 autem
1285 2853 1326 2906 vel
1343 2855 1457 2908 aliem
1471 2869 1575 2908 servum
1588 2853 1629 2908 vel
1643 2855 1722 2908 etiam
1738 2855 1872 2908 homiuem
1885 2855 1948 2909 libe-

1142 2937 1213 2986 rum,
1238 2921 1343 2976 actione
1361 2921 1510 2974 deficietur:
1534 2923 1620 2990 ipsum
1639 2927 1728 2976 tamen
1745 2923 1891 2976 institorem
1909 2923 1949 2976 vel

287 2719 375 2772 delata
400 2725 440 2772 est
462 2719 552 2798 ibique
575 2719 754 2774 tumultuariis
776 2719 946 2774 armamentis
964 2735 980 2772 a
1015 2735 1091 2788 prae·

285 2791 523 2854 senscomparatrs
542 2785 643 2842 Ostiam
668 2787 798 2854 navigavit
821 2793 849 2840 et
871 2801 939 2842 onus
962 2787 1092 2854 integrum

284 2853 405 2922 pertulit:
429 2855 577 2924 quaesitum
600 2859 654 2918 est,
683 2869 717 2908 an
740 2855 783 2918 hi,
809 2871 920 2924 quorum
942 2869 1009 2908 onus
1031 2853 1092 2918 init,

285 2927 382 2976 nautae
404 2937 451 2990 pro
476 2923 571 2978 damno
595 2921 714 2976 conferre
738 2923 859 2976 debeant.
886 2923 1022 2990 respondit
1039 2939 1092 2976 non

252 3025 253 3028 =
287 2989 395 3046 debere:
419 2989 462 3044 hic
486 2989 554 3044 enim
579 2995 699 3060 sumptus
721 2989 892 3044 instruendae
909 2989 990 3058 magis
1007 2991 1091 3054 naris,

284 3073 364 3126 quam
382 3057 621 3112 conservandarum
638 3059 765 3112 mercium
782 3057 869 3126 gratia
884 3057 973 3112 iactus
992 3063 1039 3112 est.

321 3121 339 3182 7
359 3121 476 3180 Paucos
491 3127 557 3180 labro
576 3127 653 3180 tertio
671 3127 849 3196 epitoniorum
866 3127 962 3196 Alfeni
977 3125 1092 3196 dipesto-

284 3209 343 3246 rum
378 3191 444 3248 Cum
463 3193 588 3262 depressa
606 3193 680 3248 navis
698 3199 746 3246 aut
769 3193 888 3248 deiecta³
913 3201 996 3258 esset,
1020 3193 1091 3262 quod

284 3259 394 3332 quisque
411 3277 444 3316 ex
462 3277 493 3316 ca
511 3277 588 3316 auum
605 3267 744 3328 servasset,
762 3261 813 3316 sibi
827 3277 933 3316 servare
947 3261 1090 3332 respoudit,

283 3337 417 3400 tamquam
434 3345 466 3384 ex
482 3331 613 3386 inccndio.

319 3393 337 3454 8
356 3397 498 3454 lucrinus
513 3399 581 3454 libro
598 3399 714 3454 secando
732 3415 770 3454 ecc
787 3397 898 3454 ,Minicio
935 3397 985 3466 oui
1001 3399 1089 3452 levan-

284 3465 350 3520 daei
373 3465 447 3522 navis
470 3467 555 3532 gratia
578 3481 621 3520 res
644 3467 747 3536 aliquas
768 3467 916 3534 proiciunt,
942 3481 996 3520 non
1019 3467 1089 3520 hanc

283 3537 396 3588 mantem
410 3535 535 3598 habenta
551 3539 639 3588 utens
654 3551 703 3604 pro
718 3535 843 3588 derelicto
853 3535 977 3598 habeant,
993 3535 1090 3602 quippe

286 3601 309 3654 si
320 3601 471 3656 invenerint
488 3617 549 3666 aas,
572 3601 708 3656 ablaturos
727 3609 767 3666 et,
793 3601 816 3654 si
839 3601 967 3670 suspicati
983 3601 1088 3666 inerint,

283 3669 310 3722 iu
328 3685 405 3736 quem
422 3669 510 3724 locum
528 3669 628 3722 eiectae
645 3675 715 3734 sunt,
734 3669 921 3736 requisituros:
938 3675 969 3722 ut
980 3669 1089 3736 perinde

194 3761 195 3764 ¹
284 3737 348 3800 sint,
373 3751 405 3790 ac
423 3737 444 3790 si
463 3737 520 3804 quia
538 3751 618 3790 onere
635 3751 744 3806 pressus
761 3739 789 3790 in
806 3737 875 3790 mam
891 3751 947 3790 rem
964 3737 1089 3790 abiecerit

283 3819 344 3856 mor
362 3821 421 3858 cum
438 3805 496 3858 aliis
513 3819 675 3864 reversurus,
693 3809 723 3858 ut
740 3805 851 3858 eandem
868 3803 993 3858 auferret.

316 3865 336 3928 9
361 3871 504 3928 Vetusius
518 3871 693 3926 Marorluus
707 3889 744 3926 ca·
762 3871 820 3940 ape
840 3871 945 3926 Rhodia
971 3865 1089 3932 Άξοωοις

251 3991 252 3994 ,
285 3933 449 4006 Εὐδαίμονος
474 3937 647 4008 Νικομηὸἐωο
677 3939 747 4008 πρὸς
769 3933 931 3992 Meretricem
960 3937 1086 4008 βασιλέα·

284 4003 364 4078 Kr'rpcs
385 4005 493 4074 βασιλεῦ
508 4001 663 4068 amentes,
688 4003 855 4078 νοοφράγιον
877 4005 1037 4072 ποιήσαντες
1060 4011 1089 4060 ἐν

281 4079 314 4146 τῇ
340 4069 452 4142 'lradv'q‘
477 4069 662 4144 ὃοηρπάγημεν
687 4069 739 4126 ὑπὸ
764 4079 822 4126 τοῖν
849 4071 1006 4144 δημοσίων1
1032 4079 1089 4128 τῶν

283 4143 329 4198 τὰς
337 4139 474 4198 Κυκλάδας
491 4139 587 4208 νήσους
604 4141 759 4196 οἰκοῦντων.
787 4135 1026 4198 Ἅνιωνῖοοεεῖπον
1033 4137 1087 4194 Ed·-

283 4207 405 4278 dnipocm·
431 4209 483 4282 lyci
500 4213 549 4278 μὲν
566 4213 614 4262 τοῦ
631 4207 732 4292 κόσμον
749 4207 843 4278 κύριος,
865 4205 879 4260 ὁ
898 4207 928 4262 δὲ
944 4209 1025 4280 νόμος
1042 4213 1087 4276 τῆς

283 4275 430 4342 tationes.
457 4279 501 4344 aqi
517 4275 591 4346 νόμῳ
610 4281 666 4330 τῶν
686 4275 789 4330 Pollae
806 4279 942 4348 κρινέσθω
959 4281 1001 4346 τῷ
1023 4299 1086 4330 ναο-

282 4349 364 4414 scapi,
392 4349 420 4396 iv
444 4343 483 4400 oia
500 4345 576 4414 μήτις
593 4349 649 4396 τῶν
667 4341 804 4416 ἡμετέρων
820 4339 893 4410 αὐτῷ
911 4345 991 4414 νόμος
1008 4351 1086 4398 ἕνον-

281 4419 392 4466 τιοῦται.
424 4417 504 4464 τοῦτο
530 4411 558 4464 δὲ
582 4405 646 4466 αὐτὸ
670 4417 715 4466 καὶ
739 4411 753 4466 ὁ
773 4411 917 4466 θειότατος
934 4411 1087 4480 Αὔγουστος

281 4483 410 4534 lustravi

311 4531 354 4606 ⁸10
372 4549 471 4602 lianc
494 4549 562 4600 libro
582 4549 674 4670 primo
693 4545 831 4618 pittacum
851 4565 870 4600 ο
893 4547 980 4602 Paulo
1004 4551 1086 4620 epdo-

281 4623 411 4670 matorcm
438 4615 476 4670 'Si
499 4615 582 4670 vehen
602 4631 619 4670 a
641 4615 772 4684 mancipia
797 4615 960 4680 conduxisti,
983 4633 1032 4684 pro
1055 4633 1086 4672 eo

280 4685 426 4754 mancipia,
449 4684 565 4754 quadiu
583 4699 650 4738 nave
673 4691 806 4738 mortuum
830 4689 884 4750 est,
908 4687 1015 4740 vectura
1038 4685 1086 4738 tibi

281 4769 334 4808 ηοη
352 4753 470 4806 debetur.
505 4753 629 4806 Plutus:
647 4753 725 4806 immo
744 4753 894 4822 quaeritur,
918 4753 981 4822 quid
998 4759 1086 4806 actum

281 4827 336 4886 est,
359 4825 448 4872 utrum
470 4825 501 4874 ut
522 4835 571 4888 pro
594 4821 636 4874 his
659 4819 704 4888 qui
727 4819 842 4888 impositi
865 4837 899 4874 an
917 4837 965 4888 pro
983 4821 1023 4876 his
1042 4821 1086 4890 qui

281 4887 411 4958 deportati
429 4893 529 4952 assant,
548 4903 648 4942 merces
666 4887 786 4942 daretur:
806 4889 877 4956 quod
894 4887 917 4942 si
934 4889 986 4942 hoc
1004 4903 1085 4956 appa·

280 4957 549 5034 rerenonpotueriti,
569 4957 633 5010 satis
651 4957 702 5008 erit
718 4971 767 5024 pro
786 4963 878 5020 nauta,
896 4955 920 5008 si
936 4957 1086 5024 probaverit

282 5029 292 5076 1
329 5025 481 5092 impositum
499 5039 556 5078 esse
574 5023 743 5092 mancipium.
779 5019 808 5076 Si
823 5039 854 5078 ea
869 5023 1023 5078 condicione
1037 5039 1085 5078 na·

280 5107 336 5146 vem
355 5089 519 5154 contexisti,
542 5097 573 5146 ut
590 5107 622 5144 ea
638 5105 739 5146 marces
757 5097 821 5146 tuae
838 5097 1009 5160 portarentur
1026 5107 1083 5146 eas·

279 5175 330 5276 que
347 5173 445 5212 merces
462 5159 535 5212 ucula
552 5167 635 5212 nauta
652 5159 810 5214 necessitate
827 5167 936 5212 coactus
951 5159 978 5212 in
992 5173 1085 5212 navem

299 5227 450 5290 emmonem,
475 5243 535 5280 cum
551 5227 579 5280 id
596 5227 678 5280 sciret
687 5227 708 5260 ¹⁰
725 5233 752 5282 te
769 5227 827 5280 fieri
844 5227 926 5290 nolle,
950 5227 1084 5280 transtulit

279 5397 307 5460 (1)
326 5395 437 5446 iaotasS
511 5401 543 5464 (1)
562 5399 683 5464 deprensa
692 5399 798 5466 Bentley
875 5401 906 5464 (3)
925 5395 1029 5448 disiecta
1037 5415 1083 5450 scr.

279 5467 313 5532 (1)
328 5465 432 5514 levanda
443 5467 467 5514 F
514 5471 546 5530 (5)
560 5467 651 5518 habere
661 5467 720 5518 liat.
779 5469 813 5530 11)
828 5459 924 5536 ’Iacpiq
932 5467 984 5518 Iac.
995 5465 1084 5518 Gotho·

276 5535 365 5602 fredus
431 5533 464 5596 (1)
483 5529 804 5602 dnpcormnnichlmcsins
873 5539 906 5600 (8)
925 5533 1084 5586 idestrPeti-

281 5601 316 5650 tio
325 5599 492 5650 Eudaemonis
501 5605 526 5652 N
527 5603 690 5654 icomedensis
700 5603 732 5654 ad
741 5603 914 5668 imperatorem
923 5603 1083 5650 Antoninum.

281 5669 385 5720 Domina
398 5667 534 5734 imperator
546 5673 682 5736 Antonine,
698 5687 755 5722 oum
768 5671 928 5734 naufragium
943 5671 1085 5722 fecissemus

279 5737 390 5786 initalia
402 5737 480 5800 [immo
495 5737 630 5800 inicaria],
647 5739 740 5804 direpti
755 5753 840 5788 sumus
854 5753 870 5788 a
883 5737 993 5804 publicis
1007 5741 1085 5802 [immo

280 5803 456 5868 apublicauis]
471 5803 556 5868 quiin
566 5803 714 5870 chlndibuc
729 5803 952 5856 insulishabitant.
979 5809 1083 5856 Antoni·

280 5887 326 5922 cus
342 5871 405 5924 dicit
419 5871 582 5924 Eudaemoni.
607 5875 662 5938 llgo
677 5875 745 5926 orbis
761 5881 883 5924 terrarum
897 5875 1083 5938 deminuerunt,

1143 2989 1276 3042 dominum
1298 2989 1354 3042 eius
1377 2989 1517 3044 convenire
1539 2989 1638 3058 poterit
1653 2989 1695 3044 vel
1711 2989 1829 3044 mandati
1845 2991 1887 3044 vel
1902 3007 1948 3044 ne·

1142 3057 1272 3126 gotiorum
1289 3061 1429 3124 gestorum.
1463 3057 1607 3112 Marcellus
1625 3061 1714 3112 autem
1730 3058 1768 3112 ait
1781 3057 1878 3112 debere
1892 3059 1949 3112 dari

1142 3125 1272 3180 actionem
1290 3125 1314 3178 ei
1326 3125 1371 3204 qui
1384 3125 1533 3180 institorem
1546 3125 1701 3196 praeposuit
1713 3125 1742 3178 in
1757 3141 1810 3190 eos,
1829 3125 1875 3194 qui
1889 3141 1948 3178 cum

1143 3199 1374 3248 eccontraxerrnt
1574 3243 1575 3246 ,

1176 3257 1194 3316 2
1215 3259 1306 3316 Gerus
1327 3261 1394 3316 libro
1417 3277 1488 3316 noco
1515 3259 1553 3314 cd
1577 3259 1691 3316 edictum
1713 3259 1882 3332 provinciale
1916 3273 1948 3316 eo

1141 3329 1254 3394 nomine,
1274 3343 1325 3398 quo
1342 3327 1448 3388 institor
1466 3329 1613 3394 contraxit,
1631 3329 1654 3382 si
1672 3329 1750 3384 modo
1769 3329 1845 3382 aliter
1856 3331 1876 3362 ¹⁴
1893 3345 1948 3382 reru

1142 3413 1216 3450 suam
1232 3411 1338 3450 servare
1355 3413 1409 3450 non
1424 3401 1521 3466 potest.

1175 3461 1193 3520 3
1217 3463 1362 3520 Ucrrarus
1391 3465 1458 3520 libro
1484 3465 1626 3520 vicensimo
1651 3469 1744 3520 cctccc
1770 3463 1809 3518 cd
1832 3463 1945 3520 edictum

1140 3531 1249 3586 Institor
1266 3533 1415 3600 appellatus
1433 3537 1524 3598 estex
1541 3547 1586 3598 eo,
1610 3531 1683 3602 quod
1705 3533 1810 3600 negotio
1833 3533 1947 3600 gerendo

1139 3601 1233 3654 instet:
1252 3615 1302 3652 nec
1318 3601 1430 3654 multum
1446 3599 1521 3664 lacit,
1539 3601 1666 3654 tabernae
1685 3601 1719 3654 sit
1732 3601 1898 3668 praepositus
1913 3615 1947 3652 an

1141 3667 1248 3722 cuilibet
1265 3667 1309 3720 alii
1325 3667 1504 3736 negotiationi,
1830 3703 1831 3706 =

1174 3733 1416 3790 tertrametro
1442 3737 1597 3806 trigeminae
1620 3735 1657 3790 cd
1679 3735 1793 3790 edictam
1828 3751 1888 3788 cum
1905 3735 1944 3788 in·

1140 3803 1244 3858 tendum
1262 3803 1341 3856 etiam
1358 3803 1393 3856 ad
1409 3803 1528 3856 homiues
1552 3803 1677 3856 honestos
1702 3801 1824 3856 adierant
1847 3819 1946 3858 merces

1140 3877 1167 3922 et
1182 3871 1220 3922 ibi
1234 3869 1358 3926 vendant.
1381 3887 1430 3924 uec
1446 3875 1532 3924 mutat
1547 3885 1655 3924 causam
1670 3871 1781 3924 actionis
1796 3869 1871 3924 locus
1884 3887 1946 3924 ren·

1139 3937 1217 3992 dandi
1235 3937 1383 4002 emendive‚
1408 3951 1470 3992 cum
1485 3943 1598 4006 utroque
1615 3939 1693 3992 modo
1711 3953 1803 3992 verum
1820 3939 1855 3992 sit
1871 3939 1945 3993 insti-

1139 4011 1223 4060 torem
1241 4005 1334 4060 emisse
1352 4011 1400 4060 aut
1415 4007 1572 4062 vendidisse.

1172 4073 1191 4130 5
1220 4073 1365 4130 Utrrrrus
1389 4075 1455 4130 libro
1482 4075 1623 4128 vicensimo
1650 4079 1743 4128 octavo
1770 4073 1808 4126 cd
1832 4075 1946 4128 edictum

1139 4141 1301 4210 Cuicumque
1316 4141 1397 4210 igitur
1405 4143 1509 4210 negotio
1518 4143 1687 4210 praepositus
1697 4141 1739 4206 sit,
1755 4141 1861 4196 institor
1875 4147 1946 4196 recte

1140 4215 1151 4264 1
1188 4209 1372 4278 appellabitur.
1408 4211 1477 4264 Nam
1490 4215 1516 4264 et
1527 4209 1634 4264 Servius
1649 4209 1716 4264 libro
1731 4209 1816 4276 primo
1835 4209 1944 4264 adBru-

1138 4283 1194 4330 tum
1220 4277 1272 4342 ait,
1299 4277 1321 4330 si
1346 4277 1410 4344 quid
1433 4295 1494 4332 cum
1517 4277 1643 4330 insulario
1667 4283 1770 4346 gestum
1797 4277 1831 4330 sit
1848 4279 1888 4330 vel
1907 4293 1945 4342 eo,

1139 4361 1215 4414 quem
1230 4345 1289 4414 quis
1304 4345 1425 4400 aedificio
1439 4345 1593 4414 praeposuit
1599 4345 1641 4398 vel
1649 4345 1782 4400 frumento
1793 4345 1945 4410 coemendo,

1138 4417 1152 4466 2
1187 4413 1215 4466 in
1238 4411 1350 4466 solidam
1373 4427 1434 4466 eum
1457 4411 1549 4468 teneri.
1586 4411 1676 4468 Labeo
1701 4429 1808 4482 quoque
1832 4413 1945 4482 scripsit,

1138 4481 1160 4534 si
1178 4481 1236 4562 quis
1253 4479 1373 4548 pecuniis
1389 4479 1572 4544 faenerandis,
1597 4483 1666 4548 agris
1685 4481 1819 4544 colendis,
1841 4497 1944 4554 merca·
1967 4533 1968 4536 ,

1137 4555 1203 4602 tuns
1221 4549 1448 4616 redemptorisque
1464 4547 1593 4602 iaciendis
1610 4549 1809 4618 praeposuerit,
1832 4549 1860 4600 in
1883 4549 1944 4604 soli-

1138 4621 1152 4670 3
1187 4615 1250 4670 dum
1268 4631 1326 4670 eum
1344 4617 1436 4672 teneri.
1472 4617 1524 4672 Sed
1542 4623 1569 4672 et
1586 4617 1608 4670 si
1625 4617 1652 4670 in
1669 4633 1761 4670 mensa
1778 4617 1873 4672 habuit
1904 4617 1945 4672 uis

1138 4691 1152 4738 4
1187 4699 1290 4746 servum
1307 4687 1501 4756 praepositum,
1521 4685 1626 4740 nomine
1643 4687 1700 4740 eius
1718 4685 1858 4738 tenebitur.
1886 4633 1944 4740 ded

1137 4753 1215 4806 etiam
1234 4767 1279 4806 eos
1297 4753 1430 4808 institores
1448 4753 1574 4808 dicendos
1592 4753 1700 4822 placuit,
1719 4753 1815 4822 quibus
1829 4753 1944 4808 vestiarii

1136 4821 1176 4876 vel
1198 4821 1311 4874 lintearii
1336 4821 1401 4876 daut
1423 4827 1522 4876 vestem
1545 4821 1781 4876 circumferentiam
1805 4825 1832 4876 et
1849 4821 1943 4874 distra-

1136 4895 1168 4942 5-
1186 4887 1314 4952 heddam,
1337 4903 1404 4958 quos
1428 4889 1506 4958 vulgo
1530 4889 1665 4942 circitcres
1684 4891 1856 4958 appellamus.
1892 4889 1944 4942 Sed

1136 4963 1152 5010 ὃ
1187 4963 1213 5010 et
1230 4955 1358 5012 muliones
1376 4957 1435 5026 quis
1453 4957 1560 5026 proprie
1577 4957 1713 5012 institores
1731 4957 1859 5026 appellet,
1878 4957 1943 5010 item

1136 5023 1265 5078 fullonum
1292 5029 1317 5076 et
1343 5023 1537 5080 sarcinatorum
1563 5025 1770 5092 praepositns¹⁵.
1807 5025 1944 5078 stabularii

1136 5097 1149 5144 1
1186 5107 1290 5160 quoque
1313 5091 1371 5146 loco
1389 5091 1541 5146 institorum
1559 5091 1672 5146 habendi
1689 5097 1760 5146 sunt.
1796 5091 1848 5146 Sed
1872 5097 1898 5146 et
1922 5093 1944 5146 si

1135 5159 1300 5212 tabernarius
1318 5175 1421 5214 servum
1439 5175 1517 5212 suum
1534 5175 1643 5228 peregre
1659 5161 1775 5212 mitteret
1792 5161 1826 5212 ad
1844 5175 1943 5212 merces

1136 5227 1328 5296 comparandas
1346 5234 1373 5281 et
1390 5227 1440 5282 sibi
1458 5227 1608 5290 mittendas,
1625 5227 1685 5280 loco
1701 5227 1828 5280 institoris
1843 5227 1942 5282 habeu-

1134 5397 1175 5448 lex
1185 5401 1268 5448 autem
1277 5397 1360 5448 maris.
1385 5395 1439 5462 lego
1448 5397 1551 5446 Rhodia
1565 5397 1594 5446 de
1607 5413 1635 5446 re
1649 5397 1752 5446 nautica
1761 5397 1941 5460 reaindicctur,

1136 5471 1259 5530 quatenus
1274 5465 1343 5516 nulla
1357 5465 1396 5514 lex
1406 5479 1434 5514 er
1445 5467 1538 5516 nostris
1548 5467 1572 5516 ei
1581 5467 1707 5516 contraria
1716 5469 1761 5516 est.
1786 5465 1853 5516 idem
1867 5467 1941 5516 etiam

1136 5535 1207 5586 dirus
1217 5539 1345 5598 Augustus
1355 5531 1484 5586 iudicavit.
1538 5535 1572 5598 (a)
1580 5531 1674 5598 poterit
1684 5531 1723 5584 1¹⁷²
1765 5533 1820 5596 ’(111)
1830 5533 1894 5584 scire
1904 5531 1942 5584 Ρ

1136 5603 1177 5664 (11)
1194 5601 1303 5650 locasses
1312 5599 1374 5652 Hal.
1444 5601 1488 5662 (12)
1507 5605 1663 5666 exspectaret
1670 5601 1725 5650 dett.
1736 5601 1836 5666 qnidam

1169 5671 1212 5734 (ra)
1231 5669 1292 5720 Sat.
1302 5679 1370 5720 1...1ο.
1381 5679 1470 5728 tamar
1482 5671 1529 5720 El.
1540 5679 1578 5726 ¹43
1589 5669 1652 5734 Pap.
1663 5677 1702 5728 ras
1712 5667 1777 5732 App.
1788 5679 1823 5720 ao.
1834 5695 1868 5706 -
1878 5667 1939 5720 Bas.

1136 5733 1439 5802 48,1.-0s.00t.4,ac
1509 5737 1552 5797 (11)
1571 5735 1668 5786 alterF
1723 5735 1767 5796 (iti
1785 5737 1940 5800 praepositos

1135 5823 1182 5860 scr.
1990 5839 1991 5842 =
