4366 6258
279 345 444 414 XXXVF
864 369 865 372 ’
1088 345 1151 418 5⁰8
1344 301 1346 304 Ι
1510 313 1521 318 .-
1570 299 1572 312 ἦ
1775 371 1822 418 an
1844 369 1950 418 nnana

278 531 492 590 usumfructum
509 531 644 602 putabant
661 529 743 586 etita
760 533 987 600 constituendum,
1006 547 1091 602 quan·
1142 539 1213 588 ιιιι.
1247 533 1348 586 ideirco
1368 547 1444 598 eum,
1470 533 1515 586 ιιι
1530 533 1646 602 pecunia
1664 533 1698 586 ad
1715 531 1884 588 ιιιιιιιιιιιΒ
1900 549 1948 588 mo-

278 609 336 654 ιιιι
361 601 395 654 sit
416 601 445 656 in
466 601 562 670 legato.
604 597 654 654 sed
674 599 765 658 Aristo
788 617 806 656 a
827 607 945 658 veterum
968 601 1092 670 opinione
1143 607 1299 656 numentum
1316 601 1406 670 legata
1424 599 1467 666 sit,
1483 599 1632 672 Falcidiam
1649 603 1799 670 passurum.

278 669 401 724 recessit:
427 667 465 724 ait
486 667 556 722 enim
572 681 654 736 posse
694 673 798 724 uariam
821 673 924 738 partem
947 683 981 724 ex
999 683 1031 724 eo
1054 669 1093 734 sic
1179 663 1396 724 FMaacrraacs
1416 667 1485 722 libro
1508 669 1632 724 uicesimo
1655 669 1772 722 secundo
1794 667 1948 738 dipcstormr

278 741 310 790 ιι
327 751 360 790 ιιι
377 735 536 806 corporibus
546 733 655 790 retineri
671 685 750 806 litque
767 739 886 792 Iulianus
895 741 969 790 recte
984 737 1092 806 probat.
1142 735 1201 792 Nec
1219 735 1333 804 amplius
1352 733 1551 790 concedendum
1569 735 1631 802 erit,
1656 751 1735 802 quam
1752 735 1825 804 qnod
1841 733 1950 792 suida

279 805 327 860 sed
344 805 432 874 operis
449 803 519 860 servi
536 803 630 874 legatis
648 819 708 860 oum
725 807 827 874 neque¹
847 821 911 860 usus
922 819 1010 874 neque
1027 819 1092 858 usus
1144 803 1180 858 ad
1196 805 1313 874 speciem
1330 803 1462 858 modicam
1478 803 1652 856 monumenti.

278 871 381 928 ιιιιιιι
407 871 435 926 ιι
465 885 496 926 ιο
524 871 611 940 iegato
641 887 699 928 ease
724 873 843 940 videtur,
872 871 1025 928 necessaria
1051 877 1093 928 est
1179 865 1197 928 3
1228 871 1349 926 Parrus
1374 871 1443 926 libro
1472 871 1610 940 stapulori
1635 869 1674 924 ud
1700 869 1785 940 leprae
1808 869 1947 926 ruentium

279 943 397 996 veterum
413 939 553 1004 sententia,
571 943 603 994 ιι
616 939 731 996 sciamus
746 945 875 1010 quantum
893 945 933 994 est
950 939 978 994 in
995 939 1092 1010 legato,
1145 937 1174 992 Si
1195 939 1272 994 heres
1298 937 1437 992 institutus
1461 953 1519 994 eam
1544 937 1719 992 hereditatem
1741 951 1810 1006 quae
1832 937 1947 994 solvendo

297 1009 342 1060 uia
359 1007 510 1078 necessario
530 1021 565 1060 ex
587 1009 724 1076 omnibus,
747 1023 815 1078 quae
840 1007 894 1060 sint
914 1007 1006 1072 facti2,
1028 1023 1093 1076 pars
1144 1021 1199 1060 non
1221 1011 1263 1062 est
1284 1005 1447 1072 vendiderit,
1475 1005 1520 1060 vix
1549 1005 1656 1074 quidem
1700 1005 1781 1060 eterit
1805 1005 1947 1074 persuaderi

280 1025 407 1130 accedere
430 1075 525 1138 debet,
552 1091 603 1130 uec
630 1093 695 1146 pars
724 1089 822 1146 operae
851 1075 967 1144 intellegi
995 1081 1092 1144 potest.
1144 1089 1198 1128 non
1215 1075 1299 1128 fuisse
1316 1087 1376 1128 eam
1388 1075 1563 1128 hereditatem
1578 1021 1713 1138 solventia
1731 1087 1801 1144 quae
1814 1079 1946 1140 emptorem

280 1145 358 1198 immo
383 1143 459 1198 etin
482 1159 533 1198 usu
552 1141 645 1198 fructu
667 1147 691 1200 si
712 1147 869 1214 quaeratur,
897 1147 1028 1212 quantum
1049 1143 1093 1198 hic
1143 1141 1286 1198 invenerit:
1310 1157 1374 1196 vera
1394 1147 1485 1196 autem
1507 1141 1611 1196 ratione
1633 1141 1698 1196 nihil
1719 1141 1854 1210 legatariis
1877 1141 1944 1198 debe·

281 1211 383 1280 capiat,
407 1211 451 1264 cni
470 1211 657 1266 ususfructus
674 1213 753 1268 datus
771 1215 825 1276 ιιι,
850 1217 979 1280 qnantum
997 1211 1032 1264 ad
1049 1225 1093 1266 ce·
1143 1209 1224 1276 bitur,
1244 1209 1307 1278 quia
1323 1209 1407 1278 magis
1426 1225 1460 1264 ex
1473 1209 1587 1264 stultitia
1601 1209 1728 1280 emptoris
1742 1209 1842 1264 babere
1853 1207 1946 1268 videtur

280 1287 396 1334 terorum
419 1279 567 1348 legatorum
590 1281 800 1334 aestimationem
828 1285 876 1332 aut
904 1279 984 1332 etiam
1012 1279 1092 1332 huius
1143 1277 1221 1334 heres
1244 1277 1382 1332 institutus
1404 1291 1485 1346 quam
1508 1293 1542 1330 ex
1563 1277 1640 1334 bonis
1658 1277 1785 1332 defuncti.
1818 1291 1880 1330 nam
1898 1281 1947 1336 ete

279 1345 376 1414 ipsius,
403 1361 438 1402 ne
461 1347 617 1402 dodrantem
641 1349 753 1404 excedat
774 1345 891 1416 legatum
899 1347 918 1414 ³,
942 1347 1093 1402 necessario
1145 1345 1278 1402 contrario
1308 1345 1332 1400 si
1357 1345 1428 1400 maie
1451 1345 1600 1404 vendiderit
1621 1361 1665 1400 res
1687 1345 1874 1412 hereditarias,
1902 1361 1947 1406 non

283 1419 312 1468 10
347 1413 382 1468 ad
400 1419 519 1468 veterum
536 1417 693 1472 sententiam
710 1415 896 1468 revertendum
914 1419 963 1468 est.
990 1413 1018 1468 Si
1032 1415 1092 1484 quis
1145 1415 1196 1468 erit
1217 1415 1269 1468 hoc
1292 1413 1481 1482 legatariorum
1505 1413 1703 1468 detrimentum:
1731 1413 1772 1468 ita
1797 1429 1858 1482 ergo
1886 1429 1946 1468 com·

280 1481 405 1536 creditori
421 1497 471 1538 suo
507 1483 560 1538 uod
578 1483 658 1540 debet
674 1485 699 1536 le
717 1483 813 1546 averit,
837 1489 885 1534 aut
905 1483 999 1536 inutile
1019 1483 1091 1550 lega·
1144 1483 1253 1536 modum
1269 1481 1350 1535 debet
1367 1483 1443 1542 essei
1460 1481 1579 1546 heredia,
1602 1481 1626 1534 ιι
1643 1483 1711 1534 bene
1727 1495 1772 1534 res
1789 1481 1945 1536 administra

279 1555 335 1602 ιιιι
353 1549 411 1612 ιιιι,
429 1549 453 1604 si
470 1569 489 1606 n
526 1567 572 1606 um
589 1497 755 1606 commorinm
773 1549 801 1602 ιι
818 1565 850 1604 ec
868 1549 1025 1616 versabitur,
1046 1555 1094 1602 aut
1146 1555 1157 1600 1
1194 1549 1269 1602 verit.
1300 1547 1353 1602 Sed
1370 1553 1397 1602 et
1415 1549 1437 1604 si
1454 1549 1477 1602 ιι
1495 1549 1540 1620 qui
1557 1547 1684 1604 solvendo
1703 1563 1758 1604 non
1775 1553 1815 1602 ιιι
1832 1549 1947 1616 legaverit

280 1617 303 1672 si
326 1621 449 1686 (propter
471 1617 721 1688 repraesentationis
744 1621 811 1684 puta
833 1617 1008 1684 commodum)
1027 1617 1094 1672 utile
1145 1615 1266 1670 etherea
1284 1631 1345 1670 cum
1363 1615 1539 1672 creditoribus
1557 1615 1698 1680 deciderit,
1721 1631 1755 1670 ne
1772 1613 1886 1670 solidum
1902 1617 1945 1672 sol-

281 1685 343 1752 erit,
367 1687 411 1740 lex
429 1701 535 1756 quoque
551 1687 671 1742 Falcidia
688 1685 716 1738 in
733 1699 765 1738 eo
783 1685 921 1740 commodo
938 1685 1028 1738 locum
1043 1687 1092 1738 ha·
1144 1689 1231 1748 reret,
1256 1691 1284 1738 et
1307 1685 1341 1738 ob
1365 1699 1424 1738 eam
1441 1685 1602 1738 decisionem
1619 1683 1721 1738 iactum
1738 1683 1786 1750 sit,
1810 1689 1842 1738 ut
1857 1683 1945 1752 aliquit

282 1759 311 1808 ll
349 1753 431 1810 bebit.
458 1753 487 1810 Si
503 1753 647 1822 legatarius
664 1753 860 1822 possessionem
877 1759 991 1808 nanctus
1009 1759 1050 1808 est
1067 1759 1093 1808 ιι
1143 1753 1278 1818 ιιιιιιιιι,
1296 1751 1362 1806 nihii
1377 1757 1467 1806 tamen
1484 1751 1619 1822 legatariis
1637 1753 1797 1816 debiturum,
1819 1753 1881 1822 quia
1898 1767 1944 1810 ean

280 1837 334 1876 non
362 1827 450 1892 potest
476 1823 582 1876 avocari
608 1821 633 1876 ei
656 1835 713 1886 res,
743 1821 805 1888 quia
827 1821 966 1876 voluntate
986 1821 1092 1876 heredis
1143 1819 1284 1890 pecuniam
1301 1835 1356 1876 ιιι
1373 1835 1406 1874 ιι
1424 1819 1580 1886 hereditate,
1601 1819 1649 1876 sed
1666 1835 1698 1874 ιιι
1716 1819 1850 1876 decisione
1865 1819 1943 1880 habet.

281 1891 392 1946 errantis
414 1897 510 1946 nactus
534 1895 573 1944 est
590 1889 797 1958 possessionem,
822 1889 930 1944 dabitur
953 1889 1023 1944 actio
1044 1889 1092 1944 he·
1145 1893 1159 1942 2
1194 1887 1262 1942 Item
1285 1887 1309 1942 ιι
1330 1889 1369 1942 ιιι
1391 1889 1517 1958 publicae
1538 1889 1567 1942 in
1590 1903 1674 1942 annos
1698 1889 1816 1956 singrrlos
1842 1889 1944 1956 legatum

279 1959 349 2024 redi,
379 1963 411 2014 ut
437 1957 465 2014 id
492 1957 563 2028 quod
587 1973 669 2026 supra
691 1957 850 2012 dodrantem
872 1963 913 2014 est
937 1957 1091 2012 offeratur⁴.
1145 1957 1188 2022 ιιι,
1206 1971 1266 2010 cum
1285 1957 1318 2012 de
1334 1957 1392 2026 lege
1410 1957 1533 2012 Falcidia
1550 1963 1700 2026 quaeratur,
1718 1957 1862 2012 Marcellus
1878 1963 1946 2026 putat

283 2031 313 2082 ιι
347 2027 484 2082 Interdum
514 2023 664 2082 omnimodo
696 2027 876 2082 necessarium
908 2033 948 2082 est
979 2027 1092 2082 solidum
1144 2029 1248 2080 tantum
1270 2025 1354 2080 videri
1374 2027 1504 2094 legatum,
1534 2029 1664 2094 quantum
1688 2025 1807 2080 sufficiat
1833 2025 1945 2086 sortist

281 2097 346 2150 solvi
368 2095 495 2164 legatario
518 2095 677 2164 interposita
699 2095 870 2164 stipulatione
900 2101 1008 2164 ‘quanto
1035 2111 1090 2148 am·
1144 2107 1239 2148 usuras
1257 2095 1365 2148 trientes
1384 2095 1440 2148 eius
1458 2109 1591 2158 summae,
1613 2109 1682 2164 quae
1698 2095 1789 2164 legata
1806 2099 1858 2158 est,
1882 2095 1944 2150 oolli-

281 2165 371 2236 ‘pliua
399 2179 479 2244 quam
500 2177 549 2232 per
571 2161 657 2232 legem
677 2161 826 2218 Falcidiam
849 2165 963 2234 ceperit,
992 2161 1090 2218 reddi':
1143 2161 1283 2230 gendasw.

279 2233 362 2286 veluti
389 2247 413 2286 ιι
441 2247 509 2314 qnae
532 2245 549 2284 a
571 2229 673 2302 pupillo
696 2233 786 2302 legata
809 2233 863 2288 sint
885 2249 940 2286 non
963 2231 1093 2288 excedant
1178 2227 1198 2284 4
1225 2227 1411 2284 Ριιιιιιιιιιι
1433 2229 1503 2308 libro
1531 2235 1615 2308 occeio
1635 2229 1741 2308 'decimo
1771 2231 1944 2351 {cursitorum

280 2299 386 2356 modum
403 2299 468 2368 legra
486 2299 630 2364 Falcidiae,
649 2315 770 2356 veremur
787 2305 885 2366 autem,
903 2315 938 2356 ιι
955 2301 1092 2368 impubere
1144 2297 1239 2352 Funde
1263 2295 1353 2366 legato
1376 2297 1441 2350 mihi
1464 2297 1514 2352 sub
1538 2297 1693 2352 ιοιιιιιιοιι
1718 2313 1773 2368 pen
1792 2303 1852 2352 ente
1876 2297 1944 2368 legati

281 2383 312 2422 eo
329 2373 434 2422 mortuo
449 2367 503 2422 alia
517 2367 606 2434 legata
618 2367 793 2436 inveniantur,
812 2383 882 2450 quae
896 2367 1092 2424 contributione
1145 2365 1299 2422 condicione
1316 2365 1393 2422 heres
1411 2381 1453 2420 ιιι
1469 2365 1594 2422 heredem
1610 2365 1726 2420 instituit
1747 2381 1780 2422 ac
1801 2371 1896 2436 postea
1916 2367 1944 2422 le·

281 2437 354 2492 iacta
371 2435 501 2492 excedant
518 2435 681 2490 dodrantem.
710 2437 780 2492 idem
797 2437 895 2494 dicitur
913 2443 940 2492 et
958 2437 979 2492 ιι
992 2437 1100 2506 princi,
1142 2435 1198 2504 goti
1211 2435 1333 2490 candido
1349 2435 1457 2490 exstitit.
1481 2435 1510 2488 ιι
1523 2433 1659 2490 Falcidiae
1673 2435 1776 2490 ratione
1790 2433 1888 2490 fundus
1901 2451 1944 2492 non

280 2505 335 2574 pali
352 2509 510 2558 testamento
529 2503 660 2572 quaedam
677 2505 727 2560 sub
744 2507 900 2560 condicione
917 2507 1006 2574 legata
1020 2511 1091 2572 sunt,
1142 2505 1201 2558 iure
1217 2503 1387 2568 hereditario,
1406 2503 1454 2558 sed
1471 2503 1552 2572 legati
1568 2519 1642 2560 meus
1661 2519 1719 2558 esse
1736 2503 1903 2572 intellegitur.

280 2587 349 2652 quae
372 2587 408 2626 an
431 2571 578 2627 debeantur
593 2571 725 2626 incertum
743 2579 792 2628 est.
827 2579 855 2628 et
870 2575 945 2638 ideo,
969 2573 993 2628 si
1014 2575 1092 2628 heres
1121 2579 1122 2582 ’
1162 2569 1227 2628 Ἰ5Η
1244 2573 1324 2626 Iram
1345 2573 1412 2626 libro
1430 2579 1524 2626 octavo
1541 2587 1730 2644 respocsomrm
1765 2571 1860 2626 Verbis
1877 2571 1945 2640 iegati

280 2655 337 2696 mne
359 2641 446 2696 iudice
470 2639 570 2696 solvere
593 2645 705 2710 paratus
728 2641 777 2706 sit,
825 2641 950 2712 respiciet
972 2641 1022 2696 sihi
1044 2657 1093 2710 per
1143 2641 1186 2694 vel
1202 2639 1398 2696 fideicommissi
1421 2657 1476 2694 non
1497 2641 1646 2694 necessarie
1670 2639 1771 2694 civitati
1791 2641 1945 2710 relinquitur,

253 2717 255 2720 '
283 2713 313 2764 13
350 2708 419 2764 hane
443 2707 650 2778 stipulationem.
684 2709 729 2776 Id,
753 2659 825 2790 quog
848 2727 881 2764 ex
905 2709 1093 2766 substitutione
1144 2707 1215 2776 quod
1238 2725 1272 2764 ex
1295 2725 1378 2764 causa
1399 2707 1599 2778 pollicitationis
1622 2707 1755 2778 praestari
1777 2723 1886 2762 necesse
1905 2715 1944 2764 est.

281 2777 419 2834 coheredis
437 2777 473 2832 ad
489 2779 646 2834 coheredem
662 2783 796 2848 pervenit,
821 2779 928 2848 proiidt
944 2779 1092 2848 legatariis:
1143 2777 1235 2846 itaque
1253 2777 1275 2830 si
1293 2777 1375 2830 debiti
1391 2777 1500 2832 medum
1517 2783 1675 2832 testamento
1694 2777 1815 2832 dominns
1834 2779 1945 2844 excessit,

282 2849 303 2904 s
325 2845 395 2902 enim
419 2847 510 2902 similis
535 2853 575 2902 est
598 2847 694 2902 ιιιιιι5
712 2863 744 2902 ex
761 2851 839 2916 parte
854 2863 936 2918 pure,
961 2863 993 2902 ex
1014 2851 1092 2916 parte
1143 2845 1308 2914 superfluum
1325 2845 1466 2900 dumtaxat
1483 2845 1604 2900 Falcidia
1624 2845 1764 2902 minuetur.
1800 2861 1882 2914 quare
1904 2863 1944 2902 ner

281 2917 329 2970 sub
350 2915 506 2972 condicione
523 2917 614 2972 heredi
630 2917 763 2970 instituto.
797 2915 846 2970 sed
863 2917 903 2982 ιι,
922 2931 990 2986 quse
1008 2917 1042 2970 ab
1061 2931 1092 2970 eo
1142 2913 1206 2968 iidei
1220 2915 1348 2968 committi
1362 2915 1485 2984 legatarii
1498 2915 1605 2986 poterit.
1632 2915 1741 2984 quodsi
1756 2913 1812 2968 dies
1829 2919 1944 2970 autcon-

281 2983 462 3052 torsissent,
481 2983 861 3050 sitcmiseritherediratem,
885 2999 940 3040 non
957 2985 1092 3052 augebun-
1143 2983 1212 3038 dicio
1236 2983 1353 3052 legatum
1375 2983 1480 3050 iecerit,
1504 2999 1559 3036 non
1580 2983 1701 3038 utilitatis
1721 2983 1883 3048 aestimatio,
1907 2983 1944 3038 sed

281 3059 333 3118 tur,
353 3051 453 3106 scilicet
471 3053 494 3108 si
506 3055 541 3108 ab
556 3069 587 3108 eo
602 3053 758 3108 nominatim
773 3051 837 3106 data
851 3057 921 3118 sunt,
938 3067 993 3106 non
1011 3055 1092 3122 ‘quis
1126 3057 1228 3106 ,totum
1245 3055 1353 3122 petetur
1370 3051 1443 3122 quod
1460 3051 1553 3106 datum
1571 3057 1618 3106 est.
1644 3067 1694 3108 ιιι
1712 3053 1735 3106 si
1752 3051 1810 3110 vivo
1826 3055 1944 3106 testatore

282 3125 312 3176 14
347 3121 415 3190 ‘quis
437 3121 501 3178 mihi
524 3121 602 3178 heres
626 3121 692 3176 erit’.
728 3121 757 3176 Si
780 3121 918 3178 coheredis
936 3121 987 3176 mei
1003 3121 1092 3190 portio
1144 3119 1200 3176 dies
1217 3121 1318 3176 venerit
1335 3125 1384 3174 ιιι
1402 3121 1523 3174 condicio
1540 3119 1622 3174 fuerit
1637 3121 1759 3190 impleta,
1778 3119 1824 3174 fiet
1841 3119 1944 3184 initum,

280 3189 411 3244 exhausta
427 3191 476 3256 sit,
497 3205 557 3246 mea
572 3191 676 3260 integra
694 3195 720 3244 ιι
737 3189 809 3244 illam
827 3189 1008 3256 vindicavero,
1027 3189 1092 3246 lias·
1143 3189 1215 3260 quod
1234 3189 1314 3244 semel
1331 3189 1458 3258 competit
1467 3189 1496 3244 1².

280 3259 336 3314 sins
363 3257 563 3316 confundendas
589 3275 649 3316 esse
670 3265 761 3328 partes
785 3259 933 3324 existimat,
961 3259 1092 3314 Proculus
1178 3255 1197 3316 c
1226 3259 1396 3314 Varucarns
1422 3259 1489 3314 libro
1517 3259 1595 3312 tertio
1621 3257 1722 3312 decimo
1749 3257 1943 3328 simulationum

281 3331 388 3382 contra:
413 3329 441 3382 in
464 3343 517 3398 qna
542 3329 681 3398 speciest
697 3327 817 3382 Iulianus
833 3325 949 3386 Proculo
967 3327 1092 3394 adsensit,
1145 3325 1174 3382 Si
1190 3325 1229 3380 vir
1246 3327 1323 3382 uxori
1339 3327 1417 3382 heres
1435 3325 1566 3382 exstiterit
1589 3331 1615 3382 et
1638 3325 1666 3380 in
1688 3325 1768 3380 funus
1787 3325 1843 3382 eins
1859 3325 1943 3448 inger·

281 3411 360 3518 arram
381 3397 540 3452 sententiam
562 3397 770 3466 probabiliorem
793 3411 852 3452 esse
872 3403 948 3466 puto.
983 3397 1029 3452 sed
1048 3397 1092 3452 et⁷
1144 3395 1224 3460 derit,
1253 3411 1309 3450 non
1335 3395 1469 3450 videbitur
1494 3399 1581 3450 totum
1604 3395 1680 3466 quasi
1702 3395 1779 3450 heres
1802 3395 1882 3466 inpen
1901 3409 1944 3460 ere,

300 3463 355 3520 'vus
372 3465 525 3520 Antoninus
542 3465 675 3524 iudicasse
694 3465 790 3522 dicitur
807 3465 1015 3520 commiscendus
1033 3481 1092 3520 esse
1143 3463 1191 3520 sed
1208 3463 1322 3520 deducto
1340 3481 1380 3530 eo,
1398 3465 1471 3532 quod
1488 3465 1563 3534 quasi
1583 3463 1651 3520 dotis
1667 3463 1775 3520 nomine
1792 3479 1869 3534 quam
1886 3463 1944 3520 lucri

280 3537 356 3586 utras
374 3547 408 3588 ιι
458 3539 530 3588 artes
563 3535 592 3586 in
623 3535 822 3604 computatione
853 3535 918 3604 legis
945 3533 1091 3590 Falcidiae.
1142 3533 1208 3588 iacit
1226 3533 1347 3588 conferre
1364 3533 1493 3588 debuerit.

284 3607 312 3652 15
349 3551 377 3656 Fi
403 3551 559 3656 coieredem
584 3617 680 3682 meum·
696 3607 761 3670 post
787 3601 889 3682 aditam
917 3601 1092 3682 hereditatem
1178 3597 1408 3682 7,1ζιι>[ιιιιιι“
1428 3601 1496 3658 libro
1521 3601 1634 3672 septimo
1653 3601 1842 3682 'quaestionum
1881 3601 1944 3670 Lege

281 3667 457 3738 adrogavero,
481 3685 537 3724 non
560 3669 740 3736 dubitabitur,
764 3685 828 3738 qum
851 3669 1017 3738 separandae
1039 3675 1092 3724 srnt
1143 3669 1263 3724 Falcidia
1280 3669 1470 3724 mterveniente
1486 3669 1575 3740 legata
1592 3675 1713 3736 servitus,
1732 3671 1856 3739 quoniam
1873 3667 1944 3726 dividi

280 3737 429 3806 portiones,
453 3735 563 3806 perinde
585 3743 668 3808 atque
689 3737 714 3792 ιι
733 3737 858 3792 coheredi
874 3739 1027 3794 mecheren
1045 3753 1090 3794 ex·
1143 3753 1197 3792 non
1218 3743 1321 3808 potest,
1345 3755 1399 3792 non
1424 3739 1501 3792 aliter
1523 3739 1551 3792 in
1574 3739 1688 3794 solidum
1710 3739 1878 3804 restituetur,
1901 3737 1944 3794 nisi

284 3811 314 3860 16
349 3805 483 3862 stitisseru.
511 3805 540 3862 Si
555 3805 582 3862 in
601 3823 685 3862 annos
704 3805 820 3874 singulos
834 3805 952 3876 legatum
965 3807 1000 3862 sit
1012 3807 1091 3872 Titio,
1142 3805 1226 3874 partis
1244 3805 1372 3862 offeratur
1389 3807 1547 3868 aestimatio.

282 3875 344 3946 qnia
370 3873 453 3928 multa
482 3873 569 3944 legata
598 3879 625 3930 et
652 3873 845 3932 condicionalis
871 3881 948 3940 sunt,
975 3875 1092 3930 cantioni
1178 3871 1483 3948 81nrrtrtr0qoarro
1498 3875 1797 3946 decimoqauestrhccm
1824 3877 1855 3932 ιι
1868 3877 1943 3946 legen

281 3943 357 4000 locus
375 3949 415 3998 est
431 3957 500 4024 puae
516 3943 545 3998 ιι
562 3943 649 4000 edicto
665 3943 826 4014 proponitur
850 3947 957 4012 ‘quanto
979 3945 1092 4014 amplius
1142 3943 1290 4004 Falcidiam
1313 3943 1382 3998 aeris
1406 3943 1485 3998 alieni
1505 3943 1634 4000 rationem
1652 3945 1680 3998 in
1696 3945 1842 4000 hereditate
1858 3943 1942 4008 relicti,

261 4017 312 4066 ιι
350 4011 455 4082 ‘accipit
477 4009 568 4068 reddi.
604 4013 648 4080 ld,
673 4011 744 4084 quod
766 4017 866 4068 natura
887 4013 1029 4068 hereditati
1046 4013 1091 4068 de·
1142 4013 1214 4082 quod
1237 4029 1307 4068 unus
1330 4027 1363 4066 ex
1384 4013 1526 4068 heredibus
1547 4015 1648 4068 solvere
1667 4013 1806 4068 damnatus
1825 4015 1870 4080 sit,
1893 4015 1942 4084 ipse

282 4081 363 4136 betur
379 4087 406 4136 et
422 4081 477 4150 peti
494 4081 600 4150 quidem
616 4099 671 4136 non
686 4087 789 4152 potest,
814 4081 930 4138 solutum
953 4097 1014 4138 vero
1037 4099 1091 4138 non
1142 4081 1215 4136 solus
1231 4081 1348 4138 habebit.

281 4151 423 4220 repetitur,
447 4165 502 4204 non
525 4165 583 4204 esse
602 4149 808 4220 computandum
825 4151 854 4204 in
871 4149 1016 4206 hereditate
1033 4151 1091 4220 qui·
1177 4145 1293 4210 9Inzrrr
1311 4151 1379 4206 libro
1402 4167 1474 4206 acuo
1497 4151 1598 4206 decimo
1621 4151 1805 4222 quaestionum
1839 4151 1871 4204 In
1887 4151 1941 4204 Fal·

283 4219 344 4274 dam
361 4223 465 4288 putant.
500 4219 683 4274 sedlulianus
702 4219 812 4274 ethaeo
831 4235 863 4274 ιιι
880 4225 976 4274 ιιιιιι
994 4235 1091 4288 augere
1142 4219 1211 4274 cidia
1227 4219 1341 4288 placuit,
1360 4225 1390 4274 ut
1407 4219 1512 4274 fructus
1529 4225 1623 4288 postea
1639 4219 1773 4288 percepti,
1792 4219 1836 4290 qui
1853 4217 1942 4274 maturi

281 4287 469 4366 patrimonium
491 4291 609 4342 autnon
626 4303 723 4356 augere
739 4289 873 4342 existimat
889 4287 1090 4344 ethereditario
1142 4287 1234 4342 mortis
1257 4295 1376 4356 tempore
1398 4287 1521 4356 bierunt,
1550 4295 1666 4356 augeant
1689 4287 1844 4342 hereditatis
1870 4287 1941 4342 acati·

283 4371 341 4410 mre
359 4353 385 4410 id
402 4371 507 4426 quoque
525 4357 585 4424 capi
601 4355 715 4424 ideoque
738 4361 764 4408 ιι
784 4357 813 4408 ιι
833 4357 1028 4412 restitutionem
1043 4357 1090 4408 be·
1142 4357 1284 4410 mationem
1301 4357 1377 4410 fundi
1394 4357 1513 4420 nomine,
1537 4357 1583 4426 qui
1604 4357 1707 4410 videtur
1723 4357 1769 4408 illo
1787 4357 1815 4408 in
1832 4361 1941 4426 tempore

285 4429 315 4478 18
350 4423 470 4480 reditatis
492 4429 640 4478 venturum.
682 4423 711 4476 si
736 4423 839 4480 debitor
866 4423 990 4482 creditori
1013 4425 1089 4478 heres
1146 4429 1155 4478 l
1191 4423 1435 4492 fuissepretiosior.
1460 4423 1665 4480 Oircaventrern
1676 4423 1941 4478 ancillaennllatem·

284 4493 387 4558 existat,
407 4491 524 4562 quamvis
543 4491 699 4546 consumam
716 4491 851 4558 liberetur,
868 4497 957 4556 tamen
973 4491 1090 4562 locuple·
1142 4493 1214 4562 poris
1232 4493 1347 4548 admissa
1364 4491 1498 4548 distinctio
1516 4499 1557 4548 est
1574 4509 1623 4546 nec
1640 4491 1784 4558 immerito,
1808 4493 1869 4574 quia
1885 4507 1941 4562 par·

282 4561 376 4616 liorem
385 4561 558 4616 hereditatem
569 4561 707 4642 percipere
717 4561 828 4626 videtur,
846 4569 876 4614 ut
888 4561 1092 4630 computeturei
1142 4567 1185 4614 tus
1202 4561 1320 4616 nondum
1337 4561 1423 4616 editus
1441 4561 1520 4616 homo
1538 4577 1593 4616 non
1610 4567 1682 4616 recte
1697 4561 1779 4618 fuisse
1797 4561 1899 4616 dreitur.

285 4633 315 4684 ts
351 4627 423 4698 quod
440 4628 527 4694 debet,
545 4645 664 4698 quamvis
682 4627 797 4684 aditione
816 4627 957 4684 ιοιιιιιιι
974 4627 1016 4684 sit.
1048 4627 1089 4682 De
1178 4627 1215 4686 rb
1233 4629 1394 4684 irruituro
1412 4629 1535 4684 vicesimo
1553 4631 1738 4700 quaestionum
1773 4627 1850 4696 Quod
1866 4643 1941 4698 supra

283 4699 402 4766 impensa
419 4697 581 4752 monumenti
598 4695 704 4750 nomine
720 4695 792 4750 iacta
814 4697 964 4766 quaeritur,
987 4711 1024 4750 ιι
1045 4695 1090 4750 de·
1142 4695 1316 4820 flammantem
1333 4697 1405 4768 apud
1414 4699 1434 4730 ¹³
1451 4697 1574 4750 heredem
1590 4703 1679 4766 potest
1694 4699 1844 4766 pervenire,
1865 4711 1941 4766 supra

284 4765 346 4820 duci
367 4765 471 4820 debeat.
504 4771 533 4828 et
549 4765 663 4820 Sabinus
685 4763 726 4818 ita
747 4763 930 4822 deducendum
971 4769 1043 4832 utat,
1068 4765 1091 4820 si
1160 4763 1297 4820 odrantem
1317 4765 1346 4818 ιι
1367 4765 1508 4834 pecuniam
1529 4765 1644 4832 legatum
1655 4765 1674 4798 ¹⁴
1691 4781 1746 4820 non
1763 4769 1856 4822 onerat
1872 4767 1940 4820 here·

283 4833 466 4902 necessarium
482 4833 562 4888 fuerit
578 4837 776 4888 monumentum
794 4839 933 4888 extruere·
979 4833 1091 4888 arcellus
1142 4833 1208 4900 dem,
1226 4833 1309 4888 veluti
1325 4833 1457 4888 hereditas
1475 4833 1582 4902 pupilli,
1606 4835 1629 4888 si
1649 4831 1719 4888 forte
1735 4835 1895 4890 substitutus
1911 4831 1941 4888 sit

284 4903 436 4968 consultus,
454 4919 490 4956 an
506 4903 608 4956 ιιιιιιιι
625 4903 840 4970 monumentique
857 4903 987 4972 impensa,
1007 4917 1089 4982 quan·
1142 4903 1301 4958 exheredato
1319 4903 1365 5024 ιιι
1381 4903 1452 4972 patri
1467 4901 1561 4972 pupilli
1577 4903 1653 4958 heres
1671 4903 1779 4956 exstitit,

283 4979 339 5026 tarn
361 4975 474 5026 testator
495 4969 554 5026 fieri
575 4969 666 5034 iussit,
689 4969 718 5022 in
740 4985 802 5024 aare
824 4971 909 5024 alieno
933 4969 1028 5024 deduci
1046 4969 1090 5024 ιιι-
1178 4969 1213 5028 11
1233 4969 1314 5026 Ιιιιι
1337 4971 1395 5026 ibeo
1414 4971 1535 5026 vicesimo
1552 4985 1622 5024 coco
1640 4971 1824 5040 quaestionum
1853 4971 1886 5024 ln
1901 4985 1938 5024 ra·

282 5041 359 5102 beat,
382 5037 520 5108 respondit
537 5055 591 5092 non
608 5037 721 5106 amphus
739 5053 771 5092 eo
787 5039 904 5104 nomine,
923 5053 1003 5106 quam
1020 5037 1091 5108 quod
1141 5037 1213 5092 tione
1229 5039 1295 5106 legis
1312 5037 1449 5092 Falcidiae
1469 5039 1628 5092 retentiones
1652 5037 1735 5092 omnis
1757 5039 1881 5108 temporis
1898 5039 1938 5092 he

283 5107 384 5162 ιιιιιιι
407 5123 489 5162 cansa
512 5109 697 5176 consumptum
721 5109 774 5170 ιιι,
799 5105 990 5160 deducendum.
1029 5121 1091 5160 nam
1144 5113 1154 5160 1
1190 5107 1247 5160 redi
1269 5107 1298 5160 in
1320 5105 1497 5228 Ἑιιιιιιιιιιι
1518 5105 1690 5184 imputantur.
1730 5105 1759 5160 Si
1781 5121 1872 5160 servus
1895 5105 1938 5160 snb

285 5177 349 5240 eius,
368 5175 439 5244 quod
455 5173 484 5230 in
500 5175 693 5230 macedonem
710 5175 872 5230 monumenti
890 5179 1025 5244 erogatum
1042 5179 1090 5240 est,
1142 5173 1296 5230 condicione
1313 5173 1331 5226 ii
1352 5179 1436 5228 ertate
1453 5173 1517 5228 data
1533 5179 1588 5228 vita
1601 5173 1722 5238 decessit,
1740 5173 1764 5228 si
1778 5173 1881 5242 quidem
1895 5173 1937 5226 im·

284 5243 413 5296 diversam
430 5257 488 5296 esse
503 5257 625 5296 eausam:
642 5257 693 5296 nec
707 5239 776 5296 enim
790 5241 830 5296 ita
843 5241 1005 5296 monumenti
1019 5241 1090 5296 aedi·
1140 5243 1212 5310 pleta
1229 5239 1350 5296 ιοιιιιιιι
1367 5241 1555 5310 quandoqne¹⁶
1571 5239 1665 5304 fuerit,
1687 5239 1779 5294 heredi
1799 5257 1853 5296 non
1874 5241 1938 5296 vide

284 5311 434 5364 ficationem
457 5311 633 5364 necessariam
657 5323 729 5374 esse,
752 5313 783 5362 ut
801 5311 837 5364 sit
853 5311 934 5364 funus
953 5325 984 5362 ιι
1002 5309 1089 5378 sepul·
1140 5309 1212 5362 bitur
1229 5309 1343 5376 perisses
1366 5307 1438 5378 quod
1455 5309 1479 5362 ri
1496 5309 1632 5372 (ιιιιιιιιι,
1654 5307 1682 5362 ιι
1699 5309 1860 5364 contrarium
1876 5309 1937 5362 ratio

285 5481 314 5540 tt)
332 5491 412 5540 neque
425 5479 472 5530 det
535 5479 567 5542 (a)
585 5477 654 5544 iactr]
671 5475 897 5548 repititv'turlegata
956 5479 987 5542 (3)
1006 5479 1089 5530 neda
1139 5477 1248 5542 legatum
1265 5479 1349 5542 sortia,
1374 5481 1496 5544 qnantum
1517 5479 1625 5530 sufficiat
1643 5479 1674 5530 ad
1692 5497 1780 5530 usuras
1799 5481 1937 5532 mentua

284 5543 396 5594 ιιιιιιιιι
406 5543 1089 5612 excedautiegataldel.quantumadoeterorumlegato-
1144 5561 1252 5596 summae
1265 5563 1328 5612 qnae
1343 5545 1425 5612 legata
1435 5551 1476 5596 ιιι
1488 5545 1641 5614 colligendae
1748 5551 1788 5614 (ιιι
1807 5551 1839 5616 cfi
1847 5551 1937 5614 Iusti,

285 5611 678 5664 rumaestirnctionemautstiam
686 5611 910 5678 hmmipdmrra.
971 5615 1003 5680 (4)
1021 5615 1088 5666 arfe-
1140 5625 1177 5680 ιο,
1186 5625 1210 5666 14
1275 5617 1320 5680 (ιι)
1338 5613 1450 5666 constitit
1459 5617 1575 5668 corclani.
1585 5635 1632 5668 scr.
1697 5623 1740 5684 (ts)
1758 5617 1833 5686 apud]
1842 5617 1936 5670 aliunde

285 5685 356 5728 ratur
369 5677 581 5744 Rot.Stapitocur
674 5681 706 5746 (t)
724 5681 794 5730 heret
809 5683 854 5732 del.
950 5683 983 5746 tt)
1000 5683 1031 5746 si]
1045 5681 1089 5746 qui
1139 5679 1171 5732 ad
1184 5701 1232 5736 scr.
1334 5683 1377 5748 (rt)
1394 5681 1503 5746 legatam
1514 5685 1626 5738 Cciccr'us
1734 5689 1778 5752 (lsi
1796 5687 1938 5752 quandoque

291 5747 389 5796 Voordo
464 5745 495 5804 (il
513 5747 594 5800 etdel
667 5749 701 5814 (8)
719 5747 918 5800 adfioimdnml?
987 5751 1020 5810 (ι)
1038 5765 1089 5800 este
1139 5749 1299 5802 condrion*

285 5811 357 5862 debet
375 5809 411 5862 F²
492 5863 494 5866 .
527 5815 589 5876 illl)
613 5817 767 5880 requirerem
787 5815 864 5866 lolio:
893 5817 990 5870 mutum
1010 5815 1089 5872 videri
