4376 6258
269 357 349 422 XIII
371 363 389 422 5
605 409 606 412 ι
727 411 728 414 ,
1069 345 1128 420 178
1487 371 1533 418 nn
1554 369 1698 420 1111111
1718 367 1922 424 cessurum

271 543 328 612 quis
347 551 453 600 centum
470 559 564 600 aurcos
589 543 687 598 debens
710 543 837 596 ducentos
861 541 1018 604 1111111111,
1042 539 1070 594 11
1120 545 1174 606 111,
1197 541 1323 594 11111111
1340 539 1481 596 Marcellus
1498 545 1589 610 putat,
1611 545 1642 594 ut
1658 541 1697 594 rei
1712 541 1748 594 sit
1763 539 1920 610 pesecutio.

271 617 375 666 centum
392 613 572 666 tantummodo
590 615 708 676 tenetur,
732 609 794 678 quia
818 613 866 664 ea¹
888 609 1001 680 pecunia
1024 609 1069 662 de·
1121 615 1135 664 3
1171 609 1254 662 Vetus
1270 609 1321 662 fuit
1339 609 1476 676 dubitatio,
1494 627 1530 664 an
1547 609 1592 680 qui
1607 609 1659 664 hac
1676 611 1779 664 actione
1798 609 1848 678 egit
1865 623 1922 662 sor·

270 681 327 738 bita
344 685 397 736 est:
422 695 483 750 ergo
503 687 528 734 11
545 681 582 746 is,
599 681 644 750 qui
661 683 759 734 sortem
776 683 803 732 et
818 695 913 736 usuras
932 693 999 748 quae
1016 693 1070 732 non
1119 679 1153 732 tis
1172 677 1356 746 obligationem
1373 687 1519 732 consumat.
1547 683 1573 732 et
1589 679 1672 734 tutius
1690 683 1729 732 est
1747 677 1833 732 dicere
1851 677 1923 732 solu-

269 751 432 806 debebantnr
450 749 600 814 1111111111,
617 747 747 804 tenebitur
764 747 792 802 iu
809 755 906 804 sortem
923 749 1068 804 dumtaxat.
1119 747 1191 802 tione
1208 747 1296 816 potius
1315 765 1347 802 ex
1362 747 1414 802 hac
1432 749 1536 804 audone
1559 747 1632 802 facta
1655 747 1834 802 liberationem
1860 761 1923 800 con-

305 815 565 876 12Ρ1111111111110
590 819 666 872 tertio
689 815 788 870 decimo
812 819 849 874 ud
870 819 984 874 edictum
1018 815 1070 870 Sed
1119 817 1233 884 tingere,
1256 833 1310 872 non
1332 817 1385 870 litis
1403 817 1610 882 contestatione,
1634 817 1758 886 quoniam
1775 815 1871 870 solutio
1889 813 1923 868 ad

268 893 295 942 et
311 885 334 940 si
352 885 441 940 decem
458 885 603 938 debeantur
626 891 653 938 et
674 885 765 938 decem
787 891 813 940 11
830 885 949 940 Stichum
971 883 1069 936 consti·
1119 891 1206 938 utram
1225 901 1257 938 ue
1275 885 1461 954 obligationem
1477 885 1590 954 prolicit.

267 957 341 1016 tuat,
383 957 452 1008 otest
474 953 526 1008 dici
549 953 640 1008 decem
656 955 837 1008 tantummodo
855 953 960 1008 nomine
977 953 1068 1004 teneri.
1157 949 1194 1009 19
1235 951 1860 1008 11111111111111111111111111111111111
1892 951 1924 1004 Id

304 1015 340 1080 13
358 969 518 1076 1111111111
536 1023 677 1076 uicensimo
695 1037 765 1076 nouo
782 1023 946 1076 adralistum
980 1017 1032 1074 Sed
1048 1021 1069 1074 si
1137 1019 1189 1074 uod
1208 1021 1257 1074 sub
1282 1021 1440 1076 condicione
1460 1021 1583 1084 debetur,
1610 1019 1752 1086 strepere
1775 1019 1829 1074 1111
1853 1025 1924 1074 certo

269 1089 327 1156 quis
350 1089 439 1158 viginti
462 1089 559 1144 debens
584 1089 675 1144 decem
698 1089 834 1146 1111111111
859 1107 888 1144 11
913 1087 1068 1154 soluturum,
1120 1037 1162 1142 die
1180 1089 1370 1154 constituatur,
1395 1089 1485 1144 eadem
1510 1089 1664 1144 condicione
1687 1087 1870 1158 suspenditur,
1894 1095 1925 1140 ut

269 1157 409 1212 tenebitur.
1121 1157 1248 1212 existente
1263 1157 1417 1212 condicione
1430 1163 1560 1224 teneatur,
1577 1155 1714 1212 deficiente
1727 1161 1839 1224 utraque
1854 1155 1924 1210 actio

304 1223 342 1284 14
365 1223 508 1278 Uarianos
529 1223 596 1278 libro
613 1225 753 1284 vicenario
770 1227 882 1300 septimo
899 1223 937 1278 ecl
954 1223 1070 1278 edictum
1125 1231 1134 1278 1
1172 1225 1320 1296 depeream.
1357 1225 1447 1280 Sedis
1466 1227 1510 1304 qui
1526 1239 1592 1294 pure
1616 1223 1693 1278 debet
1715 1225 1739 1278 si
1761 1226 1810 1278 sub
1835 1223 1925 1278 condi-

270 1293 317 1362 Qui
336 1297 423 1346 autem
441 1293 578 1346 constituit
594 1307 622 1344 se
640 1295 798 1362 soluturum,
818 1299 934 1358 tenetur,
953 1293 1069 1346 1111111-
1121 1293 1196 1348 11111
1219 1297 1377 1362 constituat,
1402 1295 1429 1348 in
1448 1299 1488 1348 111
1509 1291 1670 1360 Pomponius
1692 1293 1720 1344 in
1742 1293 1814 1346 hunc
1836 1293 1927 1346 utilem

270 1369 282 1416 1
317 1361 379 1414 iecit
401 1365 500 1416 certam
518 1359 689 1428 quantitatem
707 1365 761 1418 sive
778 1379 839 1418 uon.
874 1361 901 1414 Si
925 1359 983 1430 quis
1007 1377 1070 1414 con·
1121 1365 1136 1414 2
1172 1363 1303 1416 actionem
1325 1377 1391 1416 esse.
1427 1311 1456 1416 Si
1472 1367 1548 1430 pater
1564 1359 1604 1412 uel
1622 1359 1742 1414 dominus
1761 1359 1928 1414 constituerit

267 1429 381 1484 stituerit
399 1443 428 1482 se
450 1429 543 1496 pignus
568 1427 702 1484 daturum:
726 1449 786 1486 cunr
809 1429 909 1482 utilitas
932 1427 1071 1496 pignorum
1121 1445 1149 1482 se
1167 1431 1315 1484 soluturum
1334 1431 1404 1498 quod
1421 1429 1434 1482 f
1453 1431 1472 1484 't
1494 1431 1522 1482 in
1544 1427 1662 1498 peculio,
1687 1443 1739 1482 non
1763 1427 1927 1482 minueretur

268 1503 282 1552 2
317 1497 465 1564 inrepserit,
476 1495 1000 1554 debetetiamhoeconstitutumadmitti.
1019 1495 1071 1548 Sed
1120 1497 1253 1566 peculium
1277 1513 1320 1564 eo,
1345 1497 1415 1566 quod
1433 1513 1465 1552 ex
1483 1513 1515 1550 ea
1532 1509 1614 1550 causa
1632 1495 1774 1550 obstrictus
1792 1509 1850 1548 esse
1868 1509 1927 1548 coe-

268 1565 334 1620 etsi
352 1563 409 1632 quis
428 1569 526 1618 certam
542 1579 683 1632 personam
699 1565 882 1620 fideiussorem
899 1579 948 1632 pro
964 1579 993 1616 se
1007 1579 1070 1618 con·
1121 1563 1203 1632 perit:
1222 1571 1254 1628 ¹et
1276 1565 1338 1620 licet
1359 1565 1488 1620 interierit
1504 1563 1651 1634 peculium,
1675 1579 1727 1616 uon
1751 1569 1841 1616 tamen
1863 1563 1928 1616 libe-

267 1633 388 1698 stituerit,
407 1631 487 1686 nihilo
505 1631 590 1686 minus
608 1639 724 1698 tenetur,
742 1639 773 1688 ιι1
788 1633 951 1700 Pomponius
969 1631 1070 1686 scribit.
1121 1637 1204 1686 ratur.
1529 1697 1530 1700 ¹

267 1701 330 1770 quid
352 1705 441 1754 tamen
464 1699 487 1754 si
505 1715 665 1770 capersana
682 1703 747 1756 nolit
764 1701 926 1754 fideiuhere?
948 1705 1013 1768 puto
1031 1707 1070 1754 te-
1156 1697 1195 1758 20
1214 1701 1294 1754 111111
1304 1699 1371 1752 libro
1387 1705 1484 1770 quarto
1493 1701 1531 1754 ud
1538 1699 1675 1754 Plautium
1700 1697 1757 1752 Nec
1772 1699 1842 1752 enirn
1857 1699 1928 1768 quod

266 1769 323 1824 neri
341 1783 401 1822 eum
419 1767 464 1836 qui
481 1771 631 1836 constituit,
655 1771 706 1824 nisi
728 1769 801 1824 aliud
825 1773 915 1822 actum
932 1773 980 1820 est.
1008 1767 1071 1836 quid
1122 1767 1218 1822 crescit
1234 1767 1367 1836 peculium
1384 1773 1430 1820 aut
1447 1767 1591 1832 decrescit,
1614 1767 1728 1836 pertinet
1746 1767 1780 1818 ad
1799 1767 1928 1820 constitu-

266 1837 290 1892 si
307 1841 369 1890 ante
386 1835 518 1890 decessit?
541 1839 564 1892 si
581 1853 656 1892 mora
671 1837 875 1900 interveniente,
899 1851 1014 1902 aequum
1031 1841 1073 1890 est
1122 1837 1218 1890 teriam
1235 1835 1374 1890 actionem.

266 1905 351 1960 teneri
368 1919 428 1958 eum
446 1905 490 1974 qui
508 1905 645 1960 constituit
660 1905 702 1958 vel
718 1905 746 1958 in
762 1905 789 1956 id
807 1905 878 1972 qnod
899 1905 1010 1956 interest
1031 1905 1072 1958 111
1157 1899 1193 1960 21
1214 1903 1294 1956 Ioum
1313 1903 1380 1958 libro
1404 1903 1545 1956 vicensimo
1568 1917 1639 1956 rouo
1662 1899 1700 1956 od
1715 1901 1830 1956 edictum
1864 1901 1930 1956 Pro-

268 1979 299 2028 ut
316 1971 394 2026 111111
411 1987 551 2040 personam
569 1991 623 2028 non
639 1973 726 2026 minus
743 1971 865 2026 idoneam
887 1971 1072 2026 fideiubentem
1122 1971 1217 2026 missor
1226 1971 1309 2024 Stichi
1323 1975 1385 2038 post
1399 1985 1500 2022 moram
1515 1971 1548 2024 ab
1565 1985 1596 2022 eo
1610 1969 1710 2022 factam
1724 1975 1828 2024 mortuo
1838 1969 1930 2024 Sticho

265 2045 396 2110 praestet:
423 2043 447 2094 si
469 2043 542 2094 nulla
565 2055 639 2096 mora
661 2039 863 2106 interveniente,
887 2039 989 2108 magis²
1004 2045 1070 2108 puto
1122 2039 1145 2094 si
1171 2037 1338 2092 conshtuerit
1360 2053 1389 2090 11
1410 2039 1525 2106 pretium
1548 2037 1604 2092 eius
1628 2037 1791 2100 soluturum,
1817 2041 1930 2092 tenetur.

266 2115 281 2164 3
316 2123 371 2162 non
387 2109 479 2164 teneri.
515 2109 683 2164 Constituere
705 2113 795 2162 autem
819 2113 845 2160 et
867 2111 1021 2176 praesentes
1046 2113 1072 2162 et
1125 2111 1135 2160 l
1173 2107 1201 2160 Si
1218 2109 1275 2160 sine
1292 2105 1334 2160 die
1353 2105 1512 2170 1111111111,
1536 2109 1625 2174 potest
1643 2103 1746 2172 quidem
1764 2103 1817 2158 dici
1833 2109 1860 2160 te
1878 2121 1932 2160 non

265 2179 388 2232 absentes
405 2193 559 2246 possumus,
584 2177 652 2230 sicut
668 2175 780 2244 pacisci,
800 2181 826 2230 et
842 2193 891 2244 per
906 2175 1029 2230 nuntium
1046 2181 1072 2228 et
1121 2175 1220 2238 teneri,
1244 2175 1306 2228 licet
1329 2175 1410 2228 uerba
1433 2175 1512 2228 edicti
1534 2175 1587 2226 late
1613 2179 1738 2242 pateant:
1766 2173 1882 2242 alioquin
1906 2179 1932 2226 et

263 2263 312 2316 per
328 2253 430 2300 nosmet
446 2247 526 2314 ipsos,
545 2249 573 2298 et
589 2245 798 2314 quibuscumque
815 2243 911 2298 uerbis
929 2259 930 2262 ’
1123 2241 1260 2298 confestim
1278 2241 1320 2312 agi
1337 2247 1425 2296 tecum
1442 2241 1552 2310 poterit,
1577 2241 1601 2294 si
1618 2241 1707 2296 statim
1723 2245 1755 2292 ut
1772 2241 1932 2296 constituisti

300 2311 336 2370 15
356 2313 474 2368 Pronus
494 2313 561 2370 libro
584 2313 726 2368 uicensimo
744 2329 815 2366 uouo
833 2311 871 2366 ud
887 2313 1001 2368 edictum
1034 2309 1071 2364 Et
1121 2327 1177 2364 non
1193 2311 1293 2364 solvas:
1313 2309 1359 2364 sed
1373 2309 1504 2364 modicum
1519 2313 1623 2376 tempus
1638 2307 1808 2362 statuendum
1823 2315 1863 2364 est
1878 2325 1933 2364 non

263 2383 326 2438 licet
343 2383 426 2436 libera
443 2397 558 2450 persona
575 2381 617 2446 sit,
635 2397 683 2450 per
700 2395 778 2450 quam
796 2379 845 2436 tibi
863 2379 997 2444 constitui,
1016 2395 1071 2432 non
1122 2383 1137 2432 2
1172 2379 1258 2434 minus
1277 2379 1368 2434 decem
1386 2379 1494 2446 dierum,
1512 2385 1542 2432 ut
1560 2377 1663 2430 exactio
1678 2377 1833 2430 celebretur.
1863 2377 1932 2432 Con-

264 2451 313 2506 erit
335 2451 562 2520 impedimentum,
586 2449 657 2518 qnod
674 2465 722 2520 per
738 2451 848 2504 liberam
884 2465 1006 2504 creonam
1023 2447 1071 2502 ad·
1122 2447 1214 2502 1111111
1238 2447 1302 2502 salis
1327 2463 1381 2502 non
1404 2447 1483 2514 iacit,
1511 2447 1556 2516 qni
1573 2445 1722 2500 soluturum
1739 2461 1768 2500 11
1787 2445 1932 2512 constituit,

263 2517 404 2588 quirimus,
434 2517 495 2638 [pria
521 2517 693 2572 ministerium
718 2467 900 2572 tantummodo
928 2519 979 2572 hoe
1006 2531 1071 2570 casu
1121 2517 1145 2568 si
1163 2517 1257 2570 offerat
1274 2515 1490 2580 satisfactionem.
1517 2513 1615 2582 siquis
1634 2515 1934 2568 autemconstituatse

262 2593 399 2658 praestare
416 2585 441 2640 11
461 2591 527 2640 etun
1122 2583 1320 2648 satisdatum,
1338 2583 1520 2638 fideiussorem
1536 2583 1577 2638 111
1594 2583 1704 2650 pignora
1720 2581 1772 2646 det,
1790 2589 1932 2638 1111111-

299 2651 337 2712 16
360 2651 505 2708 Uarianos
524 2651 591 2706 libro
615 2653 756 2706 vicensimo
773 2653 885 2724 septimo
904 2651 942 2706 uri
957 2651 1071 2706 edictum
1122 2655 1173 2712 tur,
1192 2651 1254 2718 quia
1271 2651 1338 2708 nihil
1353 2651 1466 2716 intersit,
1484 2649 1706 2720 quemadmodum
1724 2649 1881 2704 satisfaciat.

263 2721 291 2776 81
308 2721 361 2776 duo
380 2721 456 2790 quasi
473 2721 524 2774 dno
542 2721 582 2774 rei
599 2721 827 2786 constituerimus,
850 2721 892 2774 vel
910 2735 971 2774 cum
988 2719 1071 2774 altero
1157 2715 1633 2774 11111111111111111111
1668 2717 1696 2772 Si
1718 2723 1780 2786 post
1805 2719 1932 2772 constitu-

265 2795 277 2844 1
314 2787 356 2856 agi
373 2787 471 2856 poterit
487 2787 516 2842 in
533 2787 654 2842 solidum.
690 2787 742 2842 Sed
760 2793 786 2842 et
803 2793 876 2844 certo
890 2789 950 2844 loco
965 2793 1071 2840 111111-
1122 2791 1178 2840 tam
1199 2787 1248 2840 tibi
1269 2787 1409 2856 pecuniam
1432 2787 1605 2842 hereditatem
1630 2801 1662 2838 ex
1685 2793 1793 2840 senatus
1813 2787 1933 2840 consulto

263 2871 327 2926 pore
345 2855 507 2910 consituere
524 2857 582 2923 quis
599 2860 697 2924 potest,
715 2871 764 2910 uec
779 2859 866 2910 solum
881 2871 911 2910 eo
926 2855 979 2910 loci
994 2871 1073 2922 posse
1124 2853 1291 2910 Trebelliano
1322 2855 1483 2920 restitueris,
1517 2853 1642 2924 quoniam
1673 2855 1752 2910 sortis
1778 2855 1935 2922 petitionem

263 2929 435 2996 competere,
453 2925 499 2978 ubi
513 2925 537 2978 ei
551 2925 726 2980 constitutum
740 2929 787 2990 est,
803 2925 851 2980 sed
866 2923 985 2992 exemplo
1001 2923 1072 2976 arbi·
1122 2923 1282 2976 111111111111
1304 2923 1339 2976 ad
1362 2925 1456 2988 alium,
1483 2921 1638 2994 deneganda
1664 2929 1704 2976 est
1729 2923 1779 2976 tibi
1805 2923 1935 2992 pecuniae

264 2997 279 3048 2
314 2991 412 3048 trariae
437 2993 549 3048 actionis
572 2993 670 3064 ubique
693 2999 789 3062 potest.
825 2993 872 3048 Ait
894 2997 1016 3062 praetor:
1041 2991 1073 3046 ‘si
1124 2991 1285 3048 constitutae
1308 2991 1386 3048 actio.
1419 2991 1488 3048 idern
1508 2997 1548 3046 est
1564 2991 1592 3044 in
1608 2991 1763 3046 hereditatis
1780 3007 1935 3062 possessore

263 3067 400 3132 ‘appareat
417 3077 477 3116 eum
494 3063 539 3132 qni
557 3063 696 3116 constituit
712 3079 797 3132 neque
815 3063 916 3118 solvere
933 3075 1019 3132 neque
1032 3059 1071 3114 fe·
1124 3067 1185 3130 post
1209 3061 1320 3114 evictam
1344 3061 1526 3116 hereditatem.
1553 3057 1599 3114 sed
1623 3061 1704 3128 magis
1729 3065 1784 3126 est,
1808 3065 1838 3114 nt
1860 3059 1934 3114 fidei-

266 3133 437 3198 ‘cisseneqne
452 3147 500 3198 per
515 3135 632 3186 actorem
646 3129 726 3194 stetit,
743 3147 794 3200 quo
809 3131 895 3184 minus
910 3129 987 3186 fieret
1002 3127 1074 3198 quod
1125 3129 1305 3184 commissario
1328 3129 1370 3184 vel
1394 3129 1418 3184 ei
1442 3129 1486 3198 qui
1503 3129 1566 3182 uicit
1584 3129 1751 3182 decernenda
1769 3135 1839 3184 esset
1856 3129 1935 3182 actio.

263 3203 278 3252 3
314 3197 496 3254 ‘constitutum
520 3199 577 3252 est’
611 3199 684 3268 Ergo
708 3199 731 3252 si
754 3215 808 3252 non
830 3199 904 3252 stetit
928 3213 976 3268 per
999 3203 1073 3252 acto·
1159 3193 1198 3254 23
1217 3197 1444 3252 1111111111111
1463 3197 1602 3252 undecimo
1620 3197 1785 3266 clipeatorum
1819 3197 1936 3252 Promis-

262 3283 332 3332 rem‚
356 3271 429 3320 tenet
446 3267 530 3332 actio,
555 3265 658 3322 etiamsi
674 3281 723 3336 per
740 3283 828 3322 rerum
845 3273 969 3320 naturam
986 3265 1072 3320 stetit:
1125 3281 1171 3320 sor
1192 3267 1305 3320 hominis
1328 3267 1435 3332 homine
1458 3271 1578 3330 mortuo,
1601 3281 1663 3318 cnm
1686 3279 1734 3332 per
1759 3281 1818 3318 eum
1837 3265 1938 3318 111111Β

262 3339 279 3390 4
313 3333 360 3390 sed
373 3333 456 3402 magis
472 3333 613 3390 dicendum
622 3341 661 3390 est
671 3335 805 3390 subveniri
813 3351 858 3390 reo
869 3335 972 3390 debere.
999 3333 1074 3388 Haec
1125 3351 1177 3402 quo
1195 3333 1281 3388 minus
1299 3333 1458 3400 traderetur,
1476 3333 1527 3388 etsi
1541 3331 1674 3388 hominem
1688 3333 1812 3386 daturum
1827 3349 1856 3388 se
1873 3349 1937 3386 con·

263 3409 352 3458 autem
368 3405 450 3458 rerba
466 3403 597 3472 praetoris
616 3407 711 3474 ‘neque
724 3403 821 3458 fecisse
834 3419 909 3458 reum
923 3401 996 3472 quod
1010 3419 1073 3456 con·
1125 3403 1248 3468 stituerit,
1268 3403 1300 3456 de
1318 3405 1464 3458 constituta
1481 3401 1596 3474 pecunia
1613 3401 1756 3466 tenebitur,
1774 3407 1805 3454 ut
1823 3401 1938 3470 pretium

263 3471 366 3526 ‘stituit’
384 3477 474 3526 uhnrm
491 3471 526 3526 ad
542 3477 647 3540 tempus
662 3471 800 3526 constituti
814 3471 948 3540 pertinent
962 3487 997 3524 an
1011 3487 1073 3526 vero
1127 3471 1182 3524 eius
1202 3473 1295 3526 solvat.

262 3555 347 3610 usque
365 3537 400 3594 ad
416 3539 469 3594 litis
487 3541 707 3594 contestationem
724 3541 862 3606 trahimus,
881 3539 998 3594 dubitari
1013 3545 1074 3608 pot·
1160 3537 1398 3594 demanoamus
1417 3541 1485 3594 libro
1509 3537 1647 3612 simpulum*
1667 3553 1856 3608 responsorum
1892 3537 1936 3592 Ti·

263 3615 317 3664 est:
337 3611 363 3660 et
380 3611 446 3676 puto
464 3607 498 3660 ad
516 3613 621 3678 tempus
640 3609 786 3662 constituti.
1125 3607 1179 3662 tius
1203 3607 1262 3662 Seio
1287 3608 1427 3661 cistulam
1451 3609 1536 3660 emisit
1558 3609 1587 3662 in
1610 3607 1677 3660 haec
1700 3607 1794 3660 uerba:
1814 3605 1938 3660 ‘Reman-

299 3671 336 3732 17
355 3675 475 3730 Paucos
489 3675 556 3732 libro
575 3677 719 3738 viceruimo·
734 3693 805 3732 uouo
824 3675 861 3730 ud
877 3675 994 3752 edictum
1022 3673 1075 3728 Sed
1126 3679 1227 3730 ‘serunt
1244 3625 1318 3744 apud
1333 3693 1374 3730 me
1392 3675 1582 3744 quinquaginta
1601 3689 1633 3728 ex
1648 3675 1747 3728 credito
1764 3679 1810 3726 tuo
1827 3689 1858 3726 ex
1874 3689 1938 3730 con-

263 3751 290 3798 et
313 3743 337 3798 si
359 3743 411 3798 alia
436 3743 477 3798 die
501 3743 596 3798 offerat
620 3759 669 3798 nec
692 3750 769 3799 actor
785 3745 907 3814 accipere
924 3741 1008 3798 voluit
1024 3759 1074 3796 nec
1127 3747 1225 3798 ‘macto
1241 3745 1403 3814 pupillorum
1420 3759 1547 3810 meorum,
1567 3759 1633 3812 quos
1647 3743 1695 3796 tibi
1709 3741 1821 3796 reddere
1835 3741 1936 3798 debebo

263 3813 318 3866 ulla
336 3827 418 3866 causa
435 3813 507 3866 iusta
520 3811 572 3864 fuit
586 3829 641 3866 non
655 3813 810 3894 accipiendi,
829 3829 944 3882 aequum
959 3817 999 3864 est
1013 3827 1075 3864 suc·
1127 3813 1221 3866 ‘idibus
1237 3813 1315 3866 Maiis
1330 3813 1442 3882 probos:
1458 3811 1566 3882 quodsi
1582 3811 1616 3864 ad
1631 3811 1700 3864 diem
1715 3825 1796 3880 supra
1811 3813 1939 3880 scriptum

263 3881 335 3936 curri
351 3895 398 3934 reo
416 3885 463 3934 aut
481 3879 636 3948 exceptione
653 3885 700 3934 aut
716 3885 788 3936 iusta
801 3879 1027 3948 interpretatione,
1045 3885 1076 3932 ut
1127 3885 1190 3936 ‘non
1208 3879 1318 3944 dedero,
1343 3885 1408 3934 tunc
1426 3879 1489 3934 darc
1508 3879 1608 3934 debebo
1626 3895 1722 3934 usuras
1740 3879 1799 3932 tot'
1827 3895 1936 3948 quaero,

262 3949 364 4002 lactum
388 3949 485 4002 actoris
507 3963 592 4016 usqne
616 3949 651 4002 ad
666 3957 771 4016 tempus
788 3949 879 4002 iudicii
896 3945 947 4016 ipsi
964 3952 1073 4002 noceat:
1126 3963 1162 4002 an
1179 3947 1280 4002 Lucius
1298 3947 1384 4002 Titius
1408 3949 1436 4002 in
1459 3949 1548 4002 locum
1565 3947 1728 4016 pupillorum
1745 3949 1797 4000 hac
1816 3947 1939 4000 cautione

261 4023 292 4074 ut
308 4017 353 4070 illa
369 4015 452 4070 verba
469 4021 561 4086 ‘neque
578 4017 713 4072 fecisset'³
731 4017 782 4070 hoc
800 4017 961 4086 significent,
980 4021 1011 4068 ut
1028 4029 1074 4068 nc·
1125 4031 1188 4072 reus
1206 4017 1371 4070 successerit.
1406 4017 1551 4072 Marcellus
1569 4015 1715 4084 respondit,
1733 4017 1756 4070 si
1772 4015 1938 4068 intercessis-

263 4085 359 4156 quein
377 4085 446 4140 diem
462 4085 490 4140 in
508 4101 585 4154 quern
603 4085 742 4140 constituit
758 4083 852 4140 lecerit
869 4099 954 4154 neque
971 4089 1073 4152 postea.
1093 4105 1094 4108 ¹
1127 4091 1169 4140 set
1185 4085 1336 4154 stipulatio,
1355 4087 1525 4140 successisse.
1551 4087 1615 4140 item
1634 4099 1747 4152 quaero,
1772 4099 1821 4148 an,
1845 4083 1868 4138 si
1886 4101 1939 4138 non

298 4149 336 4210 18
359 4153 505 4208 Uarianos
525 4153 592 4208 labro
617 4155 759 4208 uicensimo
776 4155 888 4224 septimo
906 4155 944 4206 acl
959 4153 1074 4206 edictum
1127 4155 1315 4218 successisset,
1341 4155 1372 4208 de
1398 4155 1545 4208 constituta
1561 4157 1692 4206 teneatur.
1729 4151 1874 4206 Marcellus
1897 4167 1938 4206 re-

260 4223 328 4276 Item
345 4221 392 4274 illa
408 4221 489 4274 verba
506 4221 636 4290 praetoris
654 4227 748 4290 ‘neque
758 4237 814 4288 ,per
827 4227 945 4276 actorem
960 4219 1074 4274 stetisse’
1127 4221 1236 4290 spondit
1252 4223 1280 4274 11
1298 4227 1396 4276 sortem
1413 4221 1511 4276 teneri:
1536 4225 1577 4276 est
1600 4221 1669 4274 enim
1686 4221 1827 4274 humanior
1844 4225 1871 4272 11
1887 4219 1939 4272 uti·

262 4289 372 4344 eandem
389 4289 521 4358 recipiunt
538 4289 739 4344 dubitationem.
773 4293 800 4344 et
817 4287 980 4358 Pomponius
998 4287 1074 4344 dubi·
1126 4289 1177 4344 lior
1193 4291 1247 4344 ista
1263 4289 1456 4360 interpretatio.

262 4365 311 4424 tat,
330 4359 353 4412 si
368 4357 439 4412 forte
456 4359 491 4410 ad
509 4357 577 4412 diem
594 4359 734 4414 1111111111
749 4371 798 4426 per
815 4363 933 4412 actorem
950 4371 1005 4410 non
1022 4363 1074 4410 ste·
1162 4353 1201 4414 25
1229 4357 1414 4412 Parruraucs
1436 4357 1503 4412 libro
1530 4361 1624 4412 octauo
1651 4359 1837 4426 quaestionum
1871 4353 1941 4408 illud

261 4429 333 4490 terit,
350 4431 411 4480 ante
428 4427 501 4480 stetit
509 4427 550 4480 vel
558 4431 661 4494 postea.
690 4431 716 4480 et
730 4431 795 4494 puto
814 4425 857 4490 111
875 4425 942 4480 haec
958 4425 993 4478 ad
1008 4425 1076 4480 diem
1127 4431 1176 4480 ant
1191 4425 1257 4480 illud
1275 4425 1365 4480 debuit
1384 4431 1410 4478 et
1425 4425 1562 4478 constituit
1577 4425 1702 4478 alterumr
1721 4441 1758 4478 an
1772 4425 1812 4478 vel
1829 4425 1941 4478 alterum

264 4493 405 4572 constituti
420 4493 568 4548 referenda.
594 4493 707 4562 proinde
723 4495 747 4548 si
764 4491 915 4548 valetudine
932 4493 1075 4560 impeditus
1127 4493 1200 4562 quod
1225 4509 1280 4548 non
1304 4493 1442 4548 constituit
1465 4493 1567 4548 solvere
1591 4493 1690 4560 possit,
1715 4493 1868 4612 puaesitum
1892 4497 1939 4546 est.

263 4571 309 4618 ant
326 4579 352 4616 m
369 4567 417 4614 aut
433 4567 591 4632 tempestate
608 4563 707 4632 petitor
723 4579 778 4616 non
794 4561 881 4626 venit,
905 4561 957 4632 ipsi
979 4577 1075 4616 nocere
1127 4563 1182 4614 dixi
1199 4577 1254 4616 non
1271 4577 1330 4614 esse
1347 4561 1522 4626 audiendum,
1547 4561 1570 4616 si
1592 4561 1655 4614 velit
1678 4561 1713 4614 ho
1731 4561 1758 4614 ie
1779 4559 1860 4614 fidem
1878 4575 1940 4614 con-

264 4637 276 4686 1
313 4629 476 4698 Pomponius
500 4631 600 4686 scribit.
638 4629 714 4698 Quod
738 4629 866 4684 adicitur:
885 4633 1005 4698 ‘eamque
1028 4645 1074 4698 pe·
1129 4635 1139 4682 1
1178 4631 1288 4684 stitutae
1310 4629 1349 4684 rei
1371 4629 1501 4698 frangere.
1539 4629 1568 4682 Si
1590 4629 1763 4682 iureiurando
1787 4629 1876 4682 delato
1895 4629 1940 4682 de-

263 4699 378 4756 ‘cuniam
402 4715 462 4752 curn
488 4701 702 4752 constituebatur
727 4699 844 4754 debitam
868 4697 969 4762 fnisse’,
992 4697 1075 4752 inter·
1126 4697 1185 4752 beri
1202 4697 1251 4752 tibi
1267 4699 1408 4764 1111111111,
1427 4713 1487 4752 cum
1506 4697 1608 4752 habeas
1627 4713 1658 4750 eo
1676 4695 1782 4750 nomine
1801 4695 1941 4760 actionem,

262 4767 437 4838 pretationem
455 4767 598 4834 pleniorem
617 4765 704 4834 exigit.
733 4783 795 4820 nam
809 4767 924 4836 primum
937 4765 1003 4818 illud
1017 4765 1075 4820 effi·
1127 4769 1200 4820 recte
1225 4767 1257 4818 de
1281 4767 1427 4818 constituta
1444 4765 1526 4834 agisa
1554 4763 1602 4818 sed
1626 4770 1653 4818 et
1676 4765 1699 4816 si
1722 4779 1776 4818 non
1799 4765 1871 4820 ultro
1897 4765 1941 4818 de-

263 4839 313 4902 cit,
338 4839 382 4900 ut,
406 4833 429 4890 si
454 4833 517 4902 quid
533 4839 603 4888 tunc
617 4833 735 4888 debitum
752 4833 804 4888 luit
821 4851 882 4888 cum
900 4833 1074 4890 constituere·
1127 4833 1213 4886 tulero
1237 4833 1434 4896 iusiurandum,
1460 4833 1506 4888 sed
1529 4831 1662 4886 referendi
1685 4833 1845 4886 necessitate
1870 4847 1941 4884 corna

262 4911 321 4970 tur,
344 4917 416 4956 nunc
434 4919 488 4956 non
506 4903 554 4968 sit,
578 4901 660 4956 nihilo
678 4903 765 4956 111111
782 4907 874 4956 teneat
891 4901 1075 4966 constitutum,
1126 4901 1219 4970 pulsus
1237 4901 1264 4954 id
1280 4901 1377 4966 fecero,
1397 4901 1459 4968 quia
1476 4917 1553 4954 nemo
1573 4899 1679 4952 dubitat
1693 4899 1838 4954 modestius
1853 4899 1942 4952 facere

263 4973 325 5040 quia
350 4977 495 5026 retrorsum
521 4985 551 5024 se
576 4971 646 5024 actio
674 4969 764 5024 refert.
798 4969 909 5040 proinde
935 4969 1076 5046 temporali
1127 4967 1290 5036 quireierat,
1307 4983 1388 5038 qnam
1405 4975 1437 5022 nt
1452 4969 1510 5036 ipse
1527 4969 1598 5020 iuret
1607 4969 1635 5030 ¹⁰,
1655 4965 1727 5020 nulla
1744 4967 1880 5022 distinctio
1895 4965 1941 5020 ad-

248 5041 369 5094 1111111
401 5039 545 5106 obligatum
572 5037 758 5092 constituendo
784 5037 876 5092 Celsus
902 5043 930 5090 11
956 5037 1074 5092 Iuhanus
1126 5037 1247 5100 hibetur,
1271 5037 1379 5090 tametsi
1397 5037 1431 5090 ob
1448 5043 1523 5088 tuam
1540 5035 1697 5090 facilitatem
1715 5049 1747 5088 ac
1765 5049 1851 5088 meam
1869 5049 1941 5088 uere·

262 5107 383 5176 scribunt
404 5105 487 5160 teneri
511 5105 621 5166 debere,
648 5107 711 5160 licet
734 5111 795 5174 post
819 5105 993 5160 constitutum
1019 5103 1075 5158 dies
1127 5103 1253 5160 cundiam
1271 5103 1417 5158 subsecuta
1434 5103 1469 5156 sit
1484 5103 1617 5156 referendi
1635 5103 1788 5156 necessitas.

261 5175 552 5242 temporalisactionis
577 5173 678 5226 exierit.
706 5189 789 5242 quare
807 5181 834 5228 11
851 5175 873 5226 11
890 5175 953 5242 post
970 5177 1074 5240 tempus
1162 5169 1201 5228 26
1221 5169 1374 5226 81111011
1399 5171 1466 5226 labro
1485 5172 1580 5240 primo
1603 5187 1794 5238 responsorum
1831 5169 1942 5236 Quidam

262 5241 430 5308 obligationis
453 5257 482 5296 sc
505 5241 672 5296 soluturum⁵
689 5241 870 5306 concinuerit,
893 5241 982 5294 adhuc
1004 5239 1075 5292 idem
1127 5239 1162 5292 ad
1185 5239 1344 5292 creditorem
1360 5239 1464 5292 litteras
1483 5237 1612 5292 eiusmodi
1629 5237 1707 5292 fecit:
1727 5237 1850 5302 ‘Decem
1876 5253 1943 5306 quae

263 5309 381 5362 Iulianus
399 5315 489 5376 putat,
514 5309 639 5378 qnoniam
657 5325 688 5364 eo
706 5315 826 5378 tempore
844 5307 996 5370 constituit,
1022 5323 1074 5374 quo
1126 5307 1236 5360 ‘Lucius
1254 5307 1342 5360 Titius
1366 5321 1400 5358 en
1422 5321 1485 5360 arca
1508 5313 1556 5360 tua
1580 5309 1673 5358 mutua
1691 5311 1846 5374 acceperat,
1871 5307 1943 5358 salua

263 5381 321 5430 erat
338 5375 471 5442 obligatio,
488 5377 552 5432 licet
569 5377 597 5430 in
614 5375 642 5428 id
658 5383 763 5444 tempus
781 5393 834 5444 quo
852 5373 1073 5430 contenebatur.
1126 5375 1239 5428 ‘ratione
1256 5389 1398 5426 usurarum
1415 5373 1498 5428 habes
1517 5387 1597 5442 penes
1615 5389 1665 5436 me,
1684 5373 1807 5426 domine!
1832 5389 1943 5442 respon·

263 5449 278 5498 1
312 5443 338 5496 Ε
355 5457 385 5496 re
407 5449 497 5496 antem
519 5449 561 5510 111
582 5445 627 5496 hie
649 5445 822 5512 subiungere,
849 5451 939 5498 utrum
960 5457 1074 5508 poenam
1126 5441 1166 5496 dit
1183 5439 1331 5496 secundum
1349 5457 1380 5494 ea
1397 5457 1467 5510 qnae
1479 5445 1693 5510 proponerentur
1708 5441 1815 5496 actione
1830 5441 1862 5496 de
1879 5457 1941 5496 con-

263 5511 399 5568 contiueat
414 5511 482 5564 haec
499 5511 570 5566 actio
588 5527 624 5566 an
640 5511 680 5566 rei
695 5511 923 5580 persecutionem:
948 5517 975 5562 et
992 5511 1074 5580 magis
1126 5511 1221 5564 stitutc
1238 5509 1355 5578 pecunia
1371 5525 1432 5564 enm
1450 5511 1543 5564 teneri.

265 5687 294 5748 (1)
313 5681 426 5746 ca]exF
506 5683 661 5748 (111111112
747 5687 779 5748 (1)
798 5685 917 5736 11111118
1001 5685 1032 5744 14)
1052 5687 1077 5732 11
1129 5681 1444 5742 camerescensem
1514 5685 1547 5748 (1)
1566 5685 1607 5746 agi
1620 5683 1659 5730 1³²
1723 5687 1767 5746 (rel
1787 5685 1942 5748 quidelerat,

264 5755 309 5802 dcl.
319 5749 360 5802 111
444 5751 476 5808 111
496 5751 663 5802 soliturumF
736 5753 768 5810 1111
788 5753 1075 5814 teneatutraqueuctio,
1130 5749 1439 5814 quamvisipseiurctscr.

264 5819 396 5872 deficiente
404 5817 522 5886 depereat
530 5839 577 5870 scr.
639 5823 670 5880 (11
689 5819 909 5872 brevisedictiF²
967 5823 1000 5880 (81
1019 5835 1076 5868 eum
