4366 6258
273 357 333 422 ΧΠ
357 363 384 422 6,
398 359 537 426 r-Xlfl
562 365 574 420 1

272 543 390 610 apochae
407 541 478 608 apud
495 541 592 592 Titium
610 539 752 592 debitorem
766 539 862 606 partim
876 541 978 594 solutae
1010 553 1070 594 ecu-

272 611 344 676 niae,
369 607 412 660 cui
434 609 515 676 magis
538 607 658 686 repetitio
676 607 804 676 pecuniae
819 607 953 664 indebitae
970 555 1071 662 sudatas

273 675 405 746 competit,
423 675 492 728 Titio
511 675 622 730 debrtori
640 691 675 726 an
691 673 804 740 Maeuio,
822 677 867 746 001
884 677 913 730 in
928 689 984 730 rem
997 691 1071 730 snam

272 747 429 814 procurator
449 741 538 796 factus
561 749 610 796 est.
635 741 772 810 respoudit
794 743 939 800 secundum
956 757 988 796 00
1005 759 1071 812 0000

272 817 286 864 3
322 817 531 878 proponerentur
546 811 577 872 ei,
594 809 877 878 quipostcasolvisset.
904 811 976 864 idem
992 825 1071 880 quae-

271 877 324 940 siit,
342 891 377 930 an
389 883 504 944 pactum,
523 877 593 946 quod
607 879 633 928 in
648 877 857 944 pariationibus¹
875 877 990 930 adscribi
1005 877 1072 932 solet

270 943 299 996 in
316 943 387 996 hunc
410 943 515 998 modum
539 949 581 996 ‘ex
604 945 655 998 hoc
680 949 819 1000 contractu
842 945 941 1000 nullam
958 945 1026 998 inter
1043 961 1072 998 se

272 1011 477 1066 controuersiam
500 1011 612 1078 amplius
638 1011 704 1064 esse’
729 1013 855 1082 impediat
881 1011 1070 1078 repetitionem.

271 1081 287 1130 4
321 1079 456 1148 respondit
479 1079 545 1132 nihil
566 1079 692 1146 proponi,
719 1097 767 1136 cur
792 1079 938 1160 impediret.
972 1079 1072 1134 Lucius

271 1145 357 1198 Titius
376 1145 442 1200 Gaio
461 1145 519 1200 Seio
543 1145 637 1200 minori
659 1147 736 1204 annis
752 1147 843 1216 uiginti
860 1145 975 1214 quinque
991 1161 1072 1214 pecu-

270 1213 341 1266 niam
359 1219 457 1268 certam
476 1213 586 1266 credidit
603 1219 630 1266 et
646 1215 680 1268 ab
699 1231 730 1270 00
749 1217 912 1284 aliquantum
929 1229 1071 1268 usurarum

269 1281 375 1334 nomine
392 1281 501 1348 accepit,
521 1281 564 1332 et²
582 1279 641 1334 Gaii
658 1281 711 1336 Seii
728 1281 835 1336 minoris
852 1279 929 1334 heres
947 1281 1072 1336 adversus

269 1347 393 1402 Publium
409 1349 541 1402 Maeuium
557 1363 574 1400 0
591 1351 712 1416 praeside
729 1349 881 1420 provinciae
899 1349 926 1400 in
942 1349 1073 1416 integrum

269 1417 407 1470 restitutus
425 1421 478 1480 est,
500 1431 534 1468 ue
552 1415 666 1472 debitum
683 1417 870 1472 hereditarium
888 1417 1011 1480 solueret,
1030 1417 1073 1468 et8

270 1497 319 1538 neo
337 1483 477 1552 quicquam
494 1483 526 1536 de
542 1485 628 1538 usuris
646 1485 761 1540 eiusdem
779 1483 871 1546 sortis,
896 1483 979 1552 quas⁴
997 1483 1072 1538 Seius

269 1551 354 1606 minor
378 1551 453 1604 annis
479 1549 568 1618 viginti
592 1553 705 1620 quinque
729 1551 900 1614 exsolverem,
925 1549 1072 1618 repetendis

269 1623 414 1672 tractatum
437 1617 507 1684 apud
530 1621 677 1688 praesidem
695 1627 742 1672 aut
759 1619 792 1670 ab
811 1633 841 1670 eo
860 1623 900 1672 est
917 1617 1072 1686 pronuntia-

269 1693 338 1740 tum:
366 1699 477 1754 quaero,
504 1701 539 1738 an
561 1703 669 1750 usuras,
694 1699 759 1754 quas
784 1683 864 1738 Gaius
889 1685 965 1740 80100
988 1687 1073 1738 minor

269 1755 345 1808 annis
368 1753 458 1822 uiginti
481 1755 596 1824 0010000
620 1753 708 1822 quoad
730 1753 828 1806 vireret
845 1753 969 1808 creditori
986 1753 1072 1808 exsol-

268 1825 366 1886 veret⁶‚
390 1823 465 1876 heres
491 1825 546 1878 eius
569 1829 688 1892 repetere
705 1819 797 1888 possit.
824 1821 962 1890 respondit
979 1837 1072 1876 00000-

269 1891 331 1942 dum
349 1905 380 1944 ea
398 1905 465 1960 quae
500 1895 692 1960 reponerentur
710 1887 814 1942 condiri
831 1889 873 1954 id,
892 1889 1073 1958 0000100000-

267 1975 326 2012 rum
352 1959 456 2012 nomine
481 1909 623 2014 ieiunetus
649 1955 783 2034 solvisset,
808 1973 863 2010 non
888 1973 976 2026 posse.
1011 1957 1074 2012 item

269 2041 380 2094 quaero,
407 2027 430 2080 si
452 2027 584 2080 existimes
608 2029 691 2092 repen
714 2039 768 2078 non
791 2039 883 2092 posse,
908 2041 943 2080 au
967 2041 999 2080 ex
1023 2025 1073 2080 alio

267 2095 355 2148 debito
373 2095 449 2150 bores
473 2095 585 2150 retinere
609 2107 653 2146 cas
676 2091 768 2160 possit.
799 2095 936 2162 respondit
962 2111 994 2148 ne
1019 2095 1071 2146 boo

267 2163 380 2232 quidem.

629 2233 683 2290 VII
689 2231 709 2292 ⁷.

409 2333 454 2382 DE
474 2329 699 2382 CONDICTIONE
719 2331 797 2380 810111
815 2329 930 2382 CAUSA.

304 2431 316 2488 1
338 2431 483 2486 1100100υο
494 2431 561 2486 libro
577 2431 802 2502 0000000001οο
812 2431 890 2484 tertio
899 2429 1073 2486 0018001000

266 2499 318 2554 Est
335 2505 361 2552 00
378 2499 444 2554 haec
463 2501 564 2568 species
584 2499 770 2564 condictionis,
796 2499 818 2552 si
842 2499 900 2566 quis
917 2499 975 2554 sine
992 2515 1074 2554 causa

266 2569 417 2638 promiserit
439 2569 479 2620 rel
497 2569 519 2620 si
537 2567 643 2620 solverit
661 2569 719 2636 quis
735 2566 889 2620 indebitum.
917 2567 963 2636 001
985 2573 1074 2620 autem

266 2635 387 2704 promisit
404 2635 460 2688 sine
479 2651 572 2698 causa,
593 2635 731 2690 condicere
748 2635 924 2704 quantitatem
941 2651 995 2688 non
1025 2651 1074 2702 po-

268 2709 279 2754 1
312 2707 365 2754 test
376 2719 454 2770 quam
471 2703 525 2756 000
543 2701 622 2768 dedit,
640 2703 687 2756 sed
699 2703 786 2770 ipsam
800 2703 994 2770 obligationem.
1022 2701 1074 2756 Sed

266 2775 293 2824 00
310 2773 332 2823 01
350 2769 384 2824 ob
404 2785 511 2824 causam
528 2771 662 2840 promisit,
687 2785 769 2824 causa
791 2775 881 2824 tamen
905 2775 996 2824 secuta
1019 2785 1073 2824 non

266 2841 281 2890 2
317 2843 365 2902 cst,
380 2837 519 2892 dicendum
533 2843 574 2890 est
583 2839 776 2892 condictionem
785 2839 986 2892 locumhabere.
1015 2837 1074 2890 Sive

266 2905 300 2958 ab
317 2905 392 2958 initio
411 2905 467 2960 sinc
485 2923 565 2960 cansa
582 2905 738 2974 promissum
763 2913 816 2970 est,
840 2905 895 2960 sive
917 2905 969 2958 fuit
992 2921 1074 2960 causa

265 2973 437 3042 promittendi
454 2989 522 3042 0000
539 2973 631 3028 finitas
649 2981 690 3028 est
706 2975 747 3030 vel
764 2979 856 3028 secuta
878 2989 933 3028 non
957 2977 1010 3038 est,
1034 2973 1073 3028 di·

266 3045 281 3094 3
317 3043 429 3094 cendum
452 3047 492 3094 est
515 3043 675 3096 condictioui
698 3043 787 3096 locum
808 3043 873 3096 fore.
911 3041 1023 3094 Constat
1046 3043 1074 3094 id

265 3109 371 3160 demum
389 3125 468 3178 posse
486 3109 590 3164 cundici
608 3109 699 3174 alicui,
725 3109 796 3180 quod
818 3109 859 3164 rel
882 3125 936 3164 non
954 3125 987 3162 ex
1003 3109 1074 3164 iusta

266 3191 349 3230 causa
380 3175 415 3230 ad
444 3191 509 3248 eum
533 3179 652 3244 peruenit
677 3179 718 3232 rel
743 3179 811 3232 redit
838 3179 872 3232 ad
897 3193 951 3232 non
976 3177 1074 3232 iustam

266 3259 382 3298 oausam.

1066 349 1127 424 174
1203 373 1249 422 00
1260 373 1363 422 0000.
1376 373 1451 422 sruu
1461 373 1575 422 causa.
1619 369 1930 418 0000000000οΑ

1156 535 1272 594 21000
1292 537 1360 592 libro
1383 541 1538 610 0100001000
1561 537 1678 592 secundo
1695 539 1734 592 col
1749 537 1864 592 edictum
1900 537 1926 592 81

1121 607 1187 660 fullo
1204 607 1359 662 uestimenta
1379 605 1494 662 lavanda
1517 607 1685 670 connumera,
1710 607 1803 660 deiude
1826 605 1929 660 amissis

1123 675 1160 730 cis
1184 673 1288 730 domino
1312 673 1425 742 pretium
1448 691 1482 730 ex
1497 675 1585 730 locato
1604 679 1749 730 conventus
1767 675 1929 744 praestiterit

1142 749 1267 812 osteaque
1284 743 1404 796 dominus
1422 743 1551 796 inuenerit
1567 743 1737 808 uestimenta,
1755 757 1809 810 000
1826 743 1931 796 actione

1122 761 1219 864 debeat
1236 811 1364 880 consequi
1380 811 1494 880 pretium
1511 811 1584 880 qnod
1601 811 1691 864 dedit?
1724 815 1750 862 et
1767 811 1805 862 ait
1823 811 1931 864 Cassius

1124 895 1183 930 eum
1199 893 1254 932 non
1271 877 1356 932 solum
1374 893 1407 930 ex
1424 879 1556 932 conducto
1574 893 1665 946 agere,
1682 893 1774 930 rerum
1792 877 1931 930 condicere

1124 943 1227 998 dominc
1246 961 1338 1014 posse:
1359 961 1405 1012 ego
1424 951 1488 1012 0000
1507 961 1540 998 ex
1557 945 1689 1000 conducto
1706 943 1855 1000 omnimodo
1873 959 1931 998 eum

1122 1013 1222 1066 habere
1235 1013 1381 1066 octonem:
1397 1027 1432 1066 an
1445 1017 1533 1066 autern
1547 1017 1574 1066 et
1587 1013 1726 1066 condicere
1740 1013 1834 1080 possit,
1851 1027 1930 1080 quae·

1124 1081 1202 1134 situm
1219 1085 1267 1144 est,
1286 1081 1348 1200 quia
1365 1095 1420 1134 non
1435 1081 1581 1132 indebitum
1600 1081 1683 1132 dedit:
1701 1079 1752 1132 nisi
1769 1079 1839 1134 forte
1856 1083 1932 1148 quasi

1123 1147 1180 1202 sine
1197 1163 1279 1202 00000
1313 1153 1386 1200 atum
1399 1147 1456 1202 sio⁹
1469 1153 1595 1216 putamus
1611 1147 1713 1202 condici
1727 1161 1821 1214 posse:
1837 1149 1932 1200 etenim

1123 1213 1282 1270 vestimentis
1306 1215 1418 1270 inuentis
1441 1215 1518 1284 quasi
1535 1215 1592 1270 sine
1610 1229 1692 1268 causa
1709 1213 1801 1268 datum
1817 1215 1929 1268 ridetur.

1158 1277 1176 1340 3
1195 1281 1413 1338 100010σο1100
1422 1289 1515 1336 octavo
1526 1281 1689 1352 dipcstorum
1724 1281 1841 1348 Qmsine
1852 1297 1933 1336 causa

1124 1351 1287 1418 obligantur,
1310 1351 1404 1404 incerti
1428 1349 1594 1404 00οἀ1001000
1618 1349 1743 1416 consequi
1767 1357 1880 1418 possunt
1904 1357 1933 1404 ut

1123 1417 1281 1470 liberentur:
1299 1433 1348 1470 neo
1366 1417 1455 1482 refert,
1473 1433 1578 1472 omnem
1596 1417 1654 1486 quis
1672 1417 1859 1484 obligationem
1877 1417 1933 1472 sine

1124 1501 1207 1538 causa
1232 1485 1361 1552 suscipiat
1386 1501 1422 1538 00
1446 1485 1573 1538 maiorem
1599 1501 1677 1552 quam
1709 1485 1844 1552 suscipere
1874 1501 1933 1540 eum

1124 1551 1286 1618 oportuerit,
1311 1553 1362 1606 nisi
1379 1551 1451 1672 quod
1467 1553 1533 1606 alias
1552 1553 1719 1606 condictione
1735 1551 1762 1604 id
1781 1553 1878 1622 agium,
1904 1561 1933 1606 ut

1124 1619 1195 1672 omni
1213 1619 1373 1686 obligatione
1397 1621 1519 1684 'berctum
1538 1621 1605 1674 alias
1619 1625 1650 1672 ut
1666 1625 1836 1672 exoneretur:
1854 1621 1932 1672 veluti

1125 1687 1170 1756 qui
1187 1685 1277 1740 decem
1295 1687 1424 1754 promisit,
1442 1701 1504 1740 nam
1515 1689 1535 1720 1⁰
1553 1687 1697 1756 01000100
1712 1687 1812 1740 nullam
1827 1703 1935 1742 causam

1124 1753 1295 1822 promittendi
1317 1753 1425 1820 habuit,
1446 1753 1542 1808 incerti
1565 1755 1732 1810 condictione
1756 1757 1935 1822 consequitur,

1124 1829 1155 1876 ut
1171 1825 1229 1876 0000
1247 1821 1383 1890 stipulatio
1401 1827 1512 1890 accepto
1537 1821 1599 1888 liet,
1624 1827 1653 1878 00
1676 1823 1713 1888 01,
1736 1837 1797 1876 000
1821 1825 1935 1892 0010000

1124 1889 1277 1958 promittere
1286 1889 1401 1954 deberet,
1412 1889 1502 1942 decern
1511 1891 1639 1958 promisit,
1649 1891 1743 1944 incerti
1750 1897 1935 1960 consequetur,

1125 1963 1155 2010 ut
1174 1957 1290 2026 quinque
1307 1957 1442 2010 liberetur.

1159 2023 1178 2080 4
1196 2027 1365 2080 Assinaros
1380 2023 1448 2078 libro
1466 2029 1560 2080 000000
1578 2025 1764 2094 quaestionum
1798 2025 1871 2080 Nihil
1895 2041 1935 2078 re-

1124 2093 1185 2158 fert,
1202 2097 1326 2146 utrumne
1342 2091 1377 2146 ab
1394 2091 1469 2146 initio
1487 2095 1545 2146 sine
1563 2107 1645 2146 00000
1663 2093 1726 2160 0001
1744 2093 1835 2146 datum
1853 2093 1936 2146 sitan

1126 2177 1215 2224 00000,
1233 2165 1342 2230 propter
1360 2175 1440 2230 quam
1457 2161 1548 2214 datum
1566 2161 1608 2224 010,
1627 2167 1719 2216 000000
1735 2177 1791 2214 000
1808 2161 1851 2214 sit.

1160 2227 1178 2286 5
1196 2229 1459 2284 clarummane
1474 2227 1614 2282 undecimo
1629 2231 1815 2298 0000000000
1847 2229 1936 2282 Avun-

1126 2297 1185 2350 0010
1203 2301 1321 2362 nuptura
1337 2297 1479 2364 pecuniam
1496 2297 1523 2348 in
1541 2295 1630 2350 dotem
1643 2295 1717 2350 dedit
1730 2311 1815 2362 00000
1832 2297 1935 2364 nupsit:

1125 2377 1160 2416 an
1178 2365 1288 2418 eandem
1305 2369 1427 2432 repetere
1442 2365 1536 2432 possit,
1555 2365 1704 2432 quaesitum
1721 2369 1770 2416 est.
1796 2363 1859 2428 dixi,
1878 2381 1937 2416 cum

1125 2431 1159 2484 ob
1178 2437 1282 2500 turpem
1300 2447 1409 2486 causam
1427 2431 1515 2486 dantis
1539 2437 1566 2484 00
1583 2431 1871 2508 accipientispecunia
1888 2449 1936 2484 nu-

1124 2505 1254 2564 meretur,
1270 2515 1375 2554 cessare
1393 2499 1586 2566 condictionem
1610 2503 1636 2552 et
1653 2501 1681 2554 10
1699 2497 1794 2554 delrcto
1814 2501 1872 2566 pari
1890 2515 1936 2566 00-

1124 2569 1219 2620 liorem
1245 2581 1303 2620 ess-e
1328 2583 1522 2636 possessorem:
1556 2579 1635 2636 quam
1659 2567 1789 2620 rationem
1814 2569 1937 2622 fortassis

1125 2635 1238 2704 aliquem
1256 2641 1378 2688 secutum
1391 2635 1554 2704 respondere
1568 2651 1623 2688 nou
1635 2635 1787 2688 habituram
1801 2635 1937 2688 mulierem

1125 2703 1333 2758 condictionem:
1357 2703 1404 2756 sed
1421 2709 1495 2756 recte
1513 2701 1620 2756 defendi
1636 2711 1693 2758 uon
1706 2707 1811 2770 turpem
1830 2719 1936 2756 causam

1124 2773 1152 2824 in
1169 2771 1307 2840 proposito
1326 2785 1405 2838 quarn
1422 2771 1522 2824 nuliam
1539 2769 1635 2834 fuisse,
1660 2787 1720 2824 cum
1737 2773 1853 2838 pecunia
1870 2787 1938 2840 quae

1125 2839 1233 2892 daretur
1249 2839 1277 2892 in
1295 2839 1383 2892 dotem
1400 2839 1518 2892 conuerti
1535 2839 1668 2906 nequiret:
1686 2853 1740 2890 non
1759 2839 1827 2892 enim
1844 2839 1937 2908 stupri,

1127 2911 1138 2960 1
1177 2907 1224 2960 sed
1247 2907 1406 2960 matrimonii
1430 2905 1625 2974 0000010000]
1643 2923 1708 2960 esse.
1744 2905 1866 2960 Nouerca
1883 2907 1937 2974 pri-

1124 2973 1211 3040 uigno,
1228 2989 1313 3028 nurus
1331 2989 1424 3028 socero
1442 2975 1583 3042 pecuniam
1601 2975 1669 3028 dotis
1685 2975 1791 3028 nomine
1806 2975 1879 3028 dedit
1891 2991 1937 3028 ne-

1126 3057 1177 3110 000
1207 3043 1305 3110 nupsit.
1342 3057 1446 3096 cessare
1469 3043 1601 3096 condictio
1625 3043 1711 3110 prime.
1733 3043 1803 3096 facie
1826 3043 1938 3106 videtur,

1126 3111 1251 3178 quoniam
1268 3111 1325 3164 iure
1340 3111 1458 3178 gentium
1481 3111 1611 3166 incestum
1635 3109 1820 3164 committitur:
1846 3111 1937 3178 atquin

1125 3179 1167 3232 vei
1184 3179 1266 3246 000010
1284 3179 1311 3232 10
1330 3195 1361 3232 00
1379 3181 1465 3246 000010
1483 3179 1557 3232 00110
1576 3193 1657 3232 00000
1675 3179 1743 3232 dotis
1760 3179 1863 3232 dandae
1877 3179 1938 3244 fuit,

1127 3247 1259 3300 condictio
1277 3247 1357 3316 igitur
1376 3247 1509 3316 competit.

820 4003 952 4078 LIBER
974 4003 1162 4078 TERTIUS
1184 4003 1386 4080 DECIMUS.

648 4195 700 4254 1¹¹.

436 4295 482 4342 00
500 4295 729 4344 0000000000
746 4293 905 4346 scaurus..

269 4415 270 4418 ¹
304 4391 318 4450 1
344 4393 489 4448 1100100000
509 4393 579 4448 libro
598 4401 690 4448 000000
708 4393 809 4448 0100000
827 4393 865 4448 od
881 4393 1010 4450 Sabinum
1043 4397 1076 4448 In

267 4459 364 4516 furtiva
381 4477 410 4514 re
428 4459 477 4514 soli
494 4461 598 4516 domino
617 4461 747 4516 condictio
767 4463 901 4528 competit.

303 4525 321 4582 2
338 4529 509 4582 Pomponius
521 4531 589 4584 libro
604 4533 682 4584 00000
692 4529 793 4582 decimo
803 4527 978 4584 adriaticum
1006 4531 1075 4584 Gou-

268 4597 383 4650 diotioue
392 4597 413 4630 ¹²
432 4611 463 4648 ex
482 4611 562 4650 causa
574 4597 674 4650 furtiva
689 4603 715 4652 et
729 4597 822 4648 furiosi
837 4601 864 4648 et
877 4597 992 4650 infantes
1008 4597 1074 4650 obli·

267 4669 378 4732 gantur,
404 4681 463 4718 oum
480 4663 589 4718 heredes
607 4665 750 4718 necessarii
767 4663 938 4728 exstiterunt,
958 4665 1075 4732 quamvis

269 4747 329 4786 cum
347 4733 384 4786 eis
402 4731 516 4800 aglaon
534 4733 626 4798 possit.

302 4795 321 4856 3
339 4799 459 4854 Pronus
477 4799 546 4854 libro
563 4815 634 4852 0000
651 4799 688 4852 ccl
705 4799 834 4854 Sabinum
869 4799 898 4852 Si
922 4799 1077 4852 condicatur

267 4883 358 4922 seruus
382 4883 417 4920 ex
439 4881 520 4920 causa
536 4867 648 4932 furtiva,
671 4867 699 4918 id
722 4867 860 4920 00010010
884 4867 1077 4922 condictionem

228 4951 229 4954 ¹
269 4941 370 4988 certum
388 4939 429 4990 est
446 4933 517 5002 quod
533 4933 638 4988 intersit
654 4933 771 5002 agentis,
794 4933 876 4986 veluti
901 4933 924 4986 si
947 4933 1025 4990 heres
1043 4935 1078 4988 sit

267 5003 405 5056 institutus
431 5007 458 5056 et
482 5001 630 5070 periculum
656 5003 751 5056 subeat
775 5001 897 5056 dominus
923 5001 1077 5056 hereditatis

268 5071 425 5138 perdendae.
450 5069 521 5138 quod
536 5075 562 5124 00
574 5071 692 5122 10110000
707 5069 807 5124 scribit.
830 5071 894 5122 item
908 5069 932 5122 si
945 5075 1077 5122 mortuum

268 5137 1077 5206 bominemcondicat,consecuturumaitpretiumhereditatis.

304 5203 324 5258 4
346 5203 492 5260 Uarianos
512 5203 581 5260 libro
599 5205 825 5276 quadrupeusimo
839 5205 931 5276 primo
949 5205 986 5258 ud
1002 5203 1078 5260 8001-

270 5287 334 5322 0000
368 5271 396 5326 81
413 5287 504 5326 servus
521 5275 563 5326 rel
578 5273 649 5326 filius
666 5271 780 5328 familias
794 5273 897 5328 furtum
911 5273 1077 5338 commiserit,

270 5337 462 5392 condicendum
488 5347 528 5392 est
551 5341 656 5394 domino
678 5341 706 5392 id
729 5341 801 5406 quod
818 5341 852 5396 ad
870 5357 930 5394 eum
946 5341 1077 5408 pervenit:

270 5405 297 5458 in
316 5405 450 5460 residuum
467 5423 554 5460 noxae
572 5423 677 5460 servum
695 5405 816 5460 dominus
835 5407 930 5462 dedere
947 5413 1044 5476 potest.

269 5579 299 5638 (1)
319 5575 478 5640 pactionibus
488 5575 545 5626 F²S
643 5579 675 5640 (0)
694 5577 845 5628 00010Ηο1.
946 5579 978 5638 (3)
996 5581 1022 5626 et
1031 5579 1076 5626 001.

270 5647 302 5704 (1)
321 5643 404 5704 quaF
503 5643 534 5704 (5)
554 5643 762 5694 exsolueretHal.
857 5647 889 5708 (0)
909 5643 1079 5692 exsolveratS

304 5713 335 5770 (1)
355 5711 414 5760 Sub.
425 5719 486 5770 1...4;
496 5709 560 5774 Pap.
570 5721 590 5758 5.
600 5737 635 5746 -
643 5713 706 5762 Bas.
718 5713 757 5776 24,
768 5723 790 5772 8,
799 5721 900 5764 l...s.-
911 5713 948 5776 Cs.
963 5711 1020 5762 Cori.
1031 5713 1075 5770 4‚o

270 5779 303 5836 (0)
323 5777 404 5824 initia
413 5775 440 5824 F
512 5777 545 5836 (0)
565 5777 624 5838 0010
633 5779 654 5826 01
665 5795 684 5828 s.
695 5795 714 5828 c.
726 5779 747 5826 d.
760 5779 907 5842 0101100ίο
918 5797 936 5828 s.
947 5795 960 5826 c
978 5779 1001 5826 d.
1011 5779 1045 5828 sit
1055 5779 1077 5828 S

1160 4191 1179 4250 5
1206 4191 1326 4248 Pronus
1348 4193 1416 4248 libro
1444 4209 1515 4246 0000
1541 4193 1579 4246 od
1604 4193 1735 4248 Sabinam
1769 4193 1815 4246 En
1841 4193 1939 4246 furtiua

1127 4275 1209 4314 00000
1231 4261 1286 4312 11110
1310 4261 1424 4314 familias
1449 4261 1553 4314 cundici
1576 4267 1678 4330 potest:
1703 4277 1847 4330 numquam
1870 4263 1938 4314 eninr

1126 4343 1158 4448 {a
1183 4329 1350 4408 condictione
1361 4329 1381 4360 ²³
1406 4327 1474 4382 alius
1499 4343 1577 4396 quam
1604 4329 1650 4398 qui
1672 4329 1737 4388 fecit
1761 4333 1867 4382 tenetur
1893 4335 1939 4384 aut

1147 4411 1203 4450 eres
1222 4411 1287 4450 ems.
1453 4425 1455 4430 ·

1155 4459 1179 4520 ,6
1203 4461 1349 4516 110100Νο0
1374 4465 1441 4518 labro
1464 4465 1620 4534 tripensimo
1644 4469 1737 4518 octono
1764 4465 1802 4516 cd
1823 4463 1938 4516 edictum

1126 4531 1242 4584 Proinde
1265 4531 1316 4584 etsi
1333 4545 1384 4600 ope
1401 4531 1511 4586 consilio
1530 4531 1641 4584 alicuius
1658 4531 1759 4584 furtum
1777 4531 1879 4584 factum
1898 4537 1938 4592 sut,

1127 4597 1294 4652 condictione
1311 4615 1366 4652 non
1383 4599 1524 4660 tenebitur,
1544 4599 1594 4652 etsi
1610 4597 1675 4652 furti
1691 4603 1806 4652 tenetur.

1163 4661 1181 4720 7
1199 4665 1362 4720 [00010000
1381 4667 1608 4736 0000000000οο
1625 4667 1743 4720 secando
1758 4665 1796 4718 00
1810 4663 1938 4720 Sabinum

1127 4733 1156 4786 81
1173 4749 1222 4802 pro
1239 4733 1300 4786 fure
1318 4733 1443 4786 damnum
1460 4733 1580 4786 decisum
1597 4735 1645 4798 sit,
1671 4733 1866 4798 cpndictionem
1886 4749 1939 4786 non

1127 4801 1246 4870 impediri
1264 4801 1428 4854 verissimum
1445 4805 1499 4854 est:
1519 4801 1651 4856 decisione
1670 4801 1738 4854 enirn
1752 4801 1818 4854 furti
1833 4799 1938 4868 quidem

1130 4873 1142 4922 1
1179 4867 1264 4934 00010,
1287 4883 1343 4922 000
1364 4873 1452 4922 autem
1469 4867 1602 4922 condictio
1619 4869 1728 4922 tollitur.
1765 4867 1843 4920 Furti
1867 4869 1938 4920 actio

1127 4951 1242 5004 poenam
1259 4935 1326 5004 petit
1342 4935 1492 5004 legitimam,
1511 4935 1644 4990 condictio
1662 4951 1718 4988 rem
1735 4937 1829 5002 ipsam.
1850 4951 1882 4988 00
1897 4951 1938 4988 res

1128 5003 1209 5068 facit,
1233 5009 1371 5070 utusque
1394 5003 1459 5056 furti
1481 5003 1553 5056 actio
1577 5017 1626 5070 per
1643 5003 1837 5056 condictionem
1855 5017 1938 5070 neque

1129 5071 1263 5126 condictio
1286 5087 1335 5140 per
1352 5071 1418 5124 furti
1436 5071 1568 5124 actionem
1586 5077 1765 5124 consumatur.
1793 5071 1815 5122 is
1840 5069 1938 5140 itaque,

1130 5137 1173 5192 oui
1190 5137 1290 5192 furtum
1307 5137 1410 5192 factum
1428 5143 1482 5200 est,
1500 5137 1583 5190 babet
1600 5137 1731 5192 actionem
1748 5137 1814 5190 furti
1832 5143 1859 5190 ct
1877 5155 1938 5192 cou-

1130 5205 1270 5260 dictionem
1289 5211 1315 5260 00
1331 5205 1548 5268 vindicationem,
1567 5203 1649 5258 habet
1668 5209 1695 5258 et
1711 5205 1746 5258 ad
1763 5205 1939 5260 exhibendum

1130 5277 1145 5326 0
1180 5275 1320 5326 actionem.
1356 5271 1495 5326 Gondictio
1512 5271 1552 5326 rei
1568 5271 1695 5336 0001000,
1720 5273 1783 5340 0010
1805 5275 1844 5326 rei
1859 5275 1940 5326 habet

1130 5341 1359 5410 persecutionem,
1382 5341 1506 5394 heredem
1532 5355 1638 5408 000000
1663 5341 1729 5392 furis
1757 5341 1871 5408 obligat,
1893 5353 1941 5394 000

1129 5413 1234 5460 tanturn
1252 5407 1276 5462 si
1292 5407 1363 5460 vivat
1380 5423 1469 5462 seruus
1487 5407 1616 5470 furtivus,
1640 5407 1685 5460 sed
1709 5407 1788 5460 etiam
1812 5409 1834 5462 si
1852 5407 1941 5462 deces-

1130 5579 1174 5640 (10)
1194 5579 1309 5628 00000101.

1163 5645 1203 5708 (0)
1222 5645 1940 5710 Sat.1...14;E‹l.rs.1c;Pap.1r...no.-Bas.to,ro.—

1131 5713 1170 5776 Cf.
1182 5713 1299 5770 God.4‚8
1375 5713 1416 5774 (tr)
1436 5711 1628 5764 condictioniF
1693 5715 1736 5778 (13)
1754 5715 1941 5766 condictioione

1127 5775 1168 5840 pu,
1178 5777 1365 5830 condictioioue
1375 5779 1410 5830 F“
