4366 6258
274 351 527 432 XXlitlillllgiQ
1078 348 1143 424 784
1338 369 1385 418 ιι
1406 367 1545 418 miurus
1565 369 1608 418 nr
1628 365 1772 418 ιιιιιιι
1793 361 1942 418 amantis

275 547 364 598 nesta:
393 539 686 610 nequeenimdebct.
700 547 778 608 pater
794 541 1017 604 -siiissimusdlii
1043 541 1085 594 ιιι
1115 555 1196 596 ,curn
1219 539 1315 610 aliquis
1336 537 1563 596 filiumfamilias
1589 541 1691 608 patrem
1718 537 1833 592 familias
1859 541 1943 608 putat,

275 607 508 670 contumeliamad
525 607 861 672 suamvilitatemmetiri.»
877 625 1008 676 ponamus
1025 623 1086 668 esse
1115 623 1189 660 >non
1205 613 1295 676 potest
1316 607 1401 662 sideri
1422 607 1547 660 iniuriam
1568 607 1640 676 patri
1661 607 1764 674 facero,
1790 623 1845 660 non
1861 607 1944 674 magis

276 683 470 744 oum'patrem,
494 675 537 730 cui
553 675 615 736 iure¹
629 675 776 746 meritoque
799 681 942 734 curatore
958 681 1084 744 praetore
1135 691 1215 742 quam
1232 677 1298 740 siro,
1316 675 1340 730 si
1356 675 1494 730 mulierem
1505 673 1611 730 viduam
1629 691 1687 730 esse
1705 675 1806 738 credat,
1824 675 1887 742 quia
1898 691 1943 728 ne-

281 751 308 796 ta
344 745 557 798 constitueretur.
588 741 642 796 Sed
658 743 681 796 si
698 745 837 814 paterlite
850 749 1007 798 contestata
1023 759 1083 798 oos—
1136 757 1187 810 que
1203 745 1232 796 in
1247 759 1392 812 personam
1409 757 1500 796 eorum
1518 741 1656 798 confertur
1675 743 1773 798 iniuria
1790 757 1840 796 nec
1857 747 1943 796 trans·

276 811 345 880 perit
361 813 455 866 abesse
478 811 519 864 rel
542 811 623 864 etiam
644 815 781 880 neclegere
803 811 986 866 executionem
1007 817 1087 880 pater
1134 811 1200 864 ferri
1223 827 1355 880 personae
1376 811 1561 880 ιιιιιιιιιιι9
1586 827 1619 864 ex
1636 825 1752 880 persona
1773 809 1889 864 filiorum
1910 811 1944 864 ad

276 881 346 944 vilis,
369 879 511 934 dicendum
529 883 570 932 est
587 895 669 934 causa
687 881 793 950 cognita
810 881 1013 940 translationem
1028 879 1084 934 filio
1135 895 1182 934 eos
1203 883 1305 946 potest,
1330 895 1391 932 cum
1408 877 1520 934 affectus
1543 879 1667 932 iniuriam
1687 877 1812 932 facientis
1828 877 1860 930 in
1874 877 1944 932 hunc

277 953 432 1016 competere.
468 947 537 1000 idem
560 949 630 1002 etsi
652 949 834 1018 emancipatus
857 947 1085 1016 iiliusessepro-
1135 951 1149 1000 ι
1186 951 1241 1002 tam
1259 963 1322 1000 uam
1344 947 1373 1000 in
1394 953 1499 1016 patrem
1522 943 1637 1000 familias
1655 945 1797 1010 consistat.
1829 945 1944 1012 Quodsi

279 1021 309 1066 tt
342 1021 468 1082 ponatur.
502 1015 708 1070 Procuratorem
730 1015 815 1084 patris
832 1015 960 1084 praettdit
976 1021 1085 1084 praetor
1135 1015 1234 1072 scisset,
1275 1015 1328 1066 'um
1342 1015 1458 1066 familias
1472 1029 1539 1078 esse,
1556 1019 1655 1078 tamen,
1673 1015 1725 1070 si¹⁰
1741 1013 1880 1078 nescisset,
1899 1029 1944 1066 cu·

276 1081 341 1150 ipsis
358 1081 491 1148 personis,
519 1087 588 1150 quae
604 1083 727 1138 iniuriam
743 1097 839 1150 passae
857 1087 928 1136 sunt.
955 1081 978 1136 si
996 1087 1085 1136 tamen
1133 1081 1176 1134 ius
1193 1081 1265 1136 filius
1283 1087 1367 1144 esset,
1386 1081 1514 1150 dicerem,
1531 1081 1632 1150 inquit,
1652 1087 1758 1150 patrem
1775 1097 1823 1136 suo
1840 1081 1944 1134 nomine

276 1155 436 1218 procurator
460 1153 508 1202 aut
529 1151 650 1220 neglegat
674 1155 721 1204 ιιι
738 1149 855 1204 colludat
872 1153 920 1204 aut
937 1165 992 1204 non
1009 1147 1083 1204 suffi-
1134 1147 1292 1202 ιιιιιιιιιιι
1316 1165 1395 1216 agere
1420 1163 1514 1218 posse:
1539 1165 1591 1204 neo
1616 1147 1703 1204 minus
1729 1149 1829 1212 virum,
1856 1147 1880 1202 si
1901 1149 1944 1204 ille

278 1217 332 1270 ciat
350 1217 475 1274 adversus
494 1231 633 1284 personas,
653 1233 721 1288 quae
737 1217 858 1270 iniuriam
876 1217 1011 1282 fecerunt,
1031 1217 1086 1286 ipsi
1134 1221 1246 1286 nuptam
1264 1231 1321 1270 esse
1340 1217 1432 1270 sciret:
1455 1231 1518 1270 nam
1535 1215 1582 1286 qui
1598 1215 1667 1270 haec
1683 1231 1739 1272 non
1755 1219 1872 1286 ignorat,
1890 1217 1944 1270 cui-

276 1285 380 1354 potius,
406 1285 452 1352 qui
476 1301 573 1354 passus
587 1295 648 1344 ,est
662 1285 799 1350 iniuriam,
831 1285 901 1338 actio
927 1285 1084 1338 iniuriarum
1135 1299 1248 1350 cumque
1272 1285 1357 1354 patri,
1390 1285 1549 1352 cuicumque
1574 1285 1670 1340 marito
1696 1299 1746 1354 per
1771 1285 1868 1350 filium,
1898 1299 1945 1354 per

282 1357 310 1406 16
347 1353 479 1420 competit.
520 1353 724 1414 Procuratorem
747 1357 836 1406 autem
859 1351 981 1420 accipere
1004 1351 1083 1406 debe·
1136 1367 1244 1404 morem
1261 1353 1318 1404 mrlt
1334 1351 1425 1406 facere
1440 1353 1573 1404 iniuriam.

277 1435 336 1474 mus
359 1435 413 1474 non
435 1419 527 1488 utique
550 1437 623 1484 eum,
653 1421 697 1474 cui
717 1419 867 1486 specialiter
893 1419 1022 1474 mandata
1043 1425 1084 1474 est
1158 1415 1209 1474 ta
1225 1417 1317 1474 Gaius
1332 1419 1401 1474 libro
1415 1421 1556 1474 uicensimo
1570 1417 1688 1474 secundo
1703 1419 1741 1472 ud
1754 1417 1869 1474 edictum
1878 1435 1945 1490 pro-

278 1487 438 1556 procuratio
456 1489 569 1544 actionis
581 1489 760 1552 iniuriarum,
783 1489 879 1546 ¹rerum
901 1487 1002 1542 sufficit
1022 1503 1083 1540 eum
1134 1487 1248 1540 sinodale
1282 1487 1311 1540 Si
1327 1485 1444 1540 creditor
1460 1501 1544 1552 mens,
1562 1487 1607 1540 cui
1629 1491 1740 1556 paratus
1758 1501 1817 1542 snm
1835 1487 1944 1554 solvere,

281 1571 353 1620 esse,
369 1555 555 1620 ,calomniam
572 1573 661 1612 rerum
678 1555 872 1610 administratio
890 1555 1016 1608 mandata
1033 1561 1082 1610 est.
1116 1555 1193 1610 inii
1211 1553 1336 1608 iniuriam
1353 1569 1438 1608 meam
1454 1551 1626 1610 fideiussores
1643 1569 1716 1610 meos
1733 1555 1944 1624 interpellaverit,

282 1631 309 1674 ιῖ
339 1621 424 1690 ,Quod
442 1631 531 1678 autem
548 1625 586 1678 ait
602 1627 711 1692 praetor
728 1637 810 1676 causa
823 1625 933 1690 cognita
950 1621 1015 1690 ipsi,
1039 1623 1084 1690 qui
1113 1621 1291 1694 ¹iniuriarum
1308 1627 1422 1678 tenetur.

278 1691 402 1748 iniuriam
426 1691 562 1760 accepisse
580 1691 705 1752 dicetur,
736 1689 863 1744 iudicium
888 1691 1020 1758 permitti,
1046 1693 1084 1744 ita
1168 1687 1207 1746 20
1226 1687 1416 1744 Monssrruus
1431 1689 1499 1744 libro
1517 1689 1674 1744 duodecimo
1692 1705 1882 1762 responsorum
1916 1691 1944 1748 Si

278 1759 461 1826 accipiendum
478 1765 536 1826 est,
552 1759 627 1812 utin
646 1757 794 1824 cognitione
812 1773 909 1812 causae
926 1759 978 1810 hoc
995 1773 1083 1810 serse-
1132 1757 1246 1810 iniuriae
1268 1755 1407 1812 faciendae
1427 1757 1515 1826 gratia
1538 1757 1600 1812 Seia
1628 1757 1735 1812 domum
1757 1759 1875 1812 absentis
1899 1759 1944 1812 de-

277 1831 329 1894 tur,
348 1843 426 1894 quam
439 1831 517 1894 louge
528 1831 606 1894 pater
617 1825 689 1878 absit
704 1831 730 1878 et
746 1825 850 1895 quando
866 1831 1083 1894 superventurus,

278 1901 305 1948 et
321 1895 449 1964 numquid
464 1895 495 1960 is,
515 1895 560 1960 qui
571 1893 733 1948 iniuriarum
749 1895 812 1946 vult
823 1893 954 1948 actionem
971 1909 1083 1960 movere,
1104 1903 1105 1906 ’

278 1963 420 2030 segnitior¹
435 1963 480 2016 ,vel
495 1961 597 2014 inutilis
614 1961 764 2026 admodum,
782 1963 899 2030 quinon
915 1959 1033 2014 sufficiat
1049 1961 1084 2014 ad

277 2031 315 2084 rei
333 2029 408 2082 cuius
425 2027 679 2092 admimstrationem
697 2043 729 2080 ac
745 2045 794 2098 per
810 2029 861 2084 hoc
879 2043 928 2082 nec
945 2029 981 2082 ad
1000 2027 1082 2082 actio-

279 2101 309 2152 ts
344 2113 414 2152 nem.
454 2095 530 2164 Quod
553 2095 647 2150 deiude
670 2095 708 2150 ιιι
734 2095 788 2166 ‘qui
810 2097 934 2152 iniuriam
962 2095 1083 2166 accepit,

277 2167 411 2218 interdum
432 2165 471 2218 ita
488 2165 740 2232 accipiendumest,
764 2171 794 2218 ut
811 2167 885 2244 patri
902 2167 958 2218 eius
977 2179 1083 2234 compe·

277 2235 340 2286 tat2.
357 2233 436 2288 ιιιιι.
470 2239 504 2292 ιι
524 2239 591 2300 puta
611 2233 707 2302 nepoti
722 2233 795 2288 faeta
815 2233 912 2288 miuria
929 2239 984 2298 est,
1007 2239 1084 2302 pater

277 2317 403 2370 praesens
421 2305 475 2366 est,
500 2317 565 2356 avus
583 2300 681 2356 abesta
696 2301 789 2356 scribit
805 2301 924 2354 Iulianus
947 2303 1018 2368 patri
1034 2317 1083 2370 po·

277 2369 473 2422 tiusdandam.
484 2367 642 2422 iniuriarum
664 2369 795 2422 achonem
813 2383 891 2436 quam
908 2369 960 2438 ipsi
978 2367 1082 2436 nepoti:

278 2437 311 2490 ad
330 2437 420 2500 euius,
438 2437 531 2502 inquit,
550 2435 667 2488 officium
684 2435 799 2504 pertinet
817 2437 896 2490 etiam
912 2437 1016 2490 vivente
1034 2451 1083 2490 avo

281 2509 309 2558 19
344 2503 426 2556 filium
452 2521 530 2560 suurn
552 2503 581 2556 in
602 2503 723 2558 omnihus
750 2503 826 2558 tueri.
866 2503 941 2556 idem
962 2503 1083 2558 Iulianus

278 2573 370 2626 scribit
384 2573 474 2626 ,filium
495 2587 549 2624 non
560 2575 673 2630 tantum
689 2571 777 2640 ipsum
791 2587 876 2640 ,agere
892 2571 990 2626 debere
999 2573 1017 2638 ³,
1038 2587 1083 2626 se-

1133 1825 1227 1880 bitoris
1244 1823 1376 1894 signasset
1390 1825 1448 1880 sine
1463 1825 1624 1882 auctoritate
1639 1827 1704 1890 eius,
1723 1827 1769 1894 qui
1784 1827 1944 1882 concedendi

1133 1893 1175 1948 ius
1193 1897 1384 1960 potestatemve
1401 1893 1503 1958 habuit,
1521 1893 1680 1948 iniuriarum
1697 1895 1830 1948 achonem
1844 1893 1944 1950 intendi

1133 1975 1214 2030 posse
1231 1961 1377 2030 respondit.

1152 2025 1205 2106 ,21
1225 2027 1395 2084 Inruimus
1410 2029 1476 2086 libro
1494 2047 1566 2084 nono
1586 2029 1762 2100 epistularum
1786 2029 1945 2086 Iniuriarum

1134 2097 1284 2152 aestimatio
1301 2113 1356 2152 non
1373 2097 1409 2152 ad
1424 2097 1453 2152 id
1470 2103 1589 2168 tempuS,
1608 2113 1661 2166 quo
1679 2097 1827 2164 iudicatur,
1846 2097 1894 2152 sed
1911 2099 1944 2152 ad

1133 2165 1169 2232 id,
1187 2179 1241 2230 quo
1257 2165 1332 2218 facta
1350 2171 1399 2232 est,
1416 2165 1510 2220 referri
1528 2167 1614 2220 debet.

1161 2229 1209 2290 22
1238 2233 1384 2292 Uarianos
1404 2233 1471 2288 libro
1496 2235 1590 2304 primo
1614 2233 1652 2286 nd
1673 2233 1787 2288 edictum
1805 2237 1945 2304 praetoris

1135 2299 1163 2354 Si
1185 2301 1254 2356 liber
1277 2317 1326 2422 prta
1353 2299 1465 2370 fugitivo
1487 2301 1670 2370 adprehensus
1700 2299 1762 2366 erit,
1789 2299 1944 2356 iniuriarum

1135 2385 1196 2422 cum
1212 2385 1245 2422 oo
1319 2411 1325 2422 .

1170 2433 1208 2494 23
1228 2385 1347 2492 ΡιἚιι
1367 2437 1435 2494 libro
1454 2443 1552 2506 quarto
1575 2435 1613 2492 ud
1629 2437 1744 2492 edictum
1784 2435 1836 2504 Qui
1851 2435 1881 2488 in
1898 2437 1944 2490 do-

1133 2521 1204 2560 mum
1232 2503 1348 2558 alienam
1371 2503 1454 2560 inrito
1478 2505 1584 2560 domiuo
1607 2505 1744 2570 introiret,
1775 2503 1893 2572 quamvis
1916 2503 1944 2558 in

1133 2573 1175 2628 ius
1192 2573 1309 2638 vocat12,
1332 2569 1464 2628 arnonem
1486 2575 1642 2626 iniuriarum
1665 2573 1695 2626 in
1716 2589 1776 2626 eum
1795 2577 1944 2642 competere

1136 2641 1229 2696 Ofilius
1247 2641 1293 2694 ait.
1356 2659 1357 2662 ¹

278 2657 336 2694 rum
358 2645 558 2708 procuratorem
581 2639 645 2692 dare
662 2655 753 2710 posse:
778 2641 830 2694 alio
849 2641 903 2704 niu,
922 2641 1014 2706 inquit,
1032 2639 1084 2692 nisi

278 2709 303 2762 ei
318 2707 521 2776 permiserimus,
532 2713 732 2776 procuratorem
750 2707 821 2772 dare,
832 2657 959 2762 (inimum
978 2713 1026 2774 est,
1043 2713 1082 2772 ut,

278 2777 300 2830 si
325 2775 474 2830 valetudine
499 2775 658 2844 impediatur
683 2791 769 2844 neque
797 2777 833 2830 sit
857 2777 903 2844 qui
928 2775 1084 2830 iniuriarum
1154 2779 1269 2832 rectoris
1304 2775 1333 2830 Si
1356 2777 1415 2844 quis
1438 2777 1578 2846 proprium
1595 2793 1701 2832 seruum
1718 2775 1866 2832 distrahere
1882 2791 1944 2846 pro·

278 2849 309 2898 20
328 2893 329 2896 ,
344 2845 475 2898 actionem
494 2849 647 2912 exequatur,
665 2843 825 2912 impediatur
840 2845 920 2898 actio.
946 2845 1020 2898 idem
1038 2845 1083 2908 ait,
1154 2845 1243 2900 'betur
1259 2861 1277 2898 a
1295 2845 1420 2914 quohhet,
1438 2845 1596 2900 iniuriarum
1612 2845 1728 2914 experiri
1738 2847 1759 2880 ¹³
1775 2851 1873 2916 potest

277 2919 303 2968 ct
326 2911 350 2966 si
371 2911 462 2980 nepoti
482 2911 555 2964 facta
576 2913 611 2966 ιιι
632 2911 729 2966 iniuria
752 2917 778 2968 et
800 2929 876 2968 nemo
900 2911 949 2976 sit,
974 2911 1018 2980 qui
1042 2913 1084 2966 avi
1169 2911 1207 2970 25
1230 2911 1312 2968 foen
1334 2913 1402 2968 libro
1415 2915 1434 2944 ¹⁴
1458 2921 1551 2968 octavo
1577 2913 1678 2968 decimo
1703 2913 1740 2968 nri
1761 2915 1876 2968 adamum
1916 2911 1945 2968 Si

277 2981 381 3034 nomine
399 2979 691 3048 agatpermitteudunr
707 2995 765 3034 esse
782 2981 855 3050 patri
872 2981 999 3048 experiri,
1016 2985 1044 3034 et
1060 2981 1083 3034 is
1134 2987 1258 3050 stuprum
1279 2995 1356 3036 serva
1376 2995 1458 3050 passa
1478 2981 1527 3046 sit,
1550 2981 1707 3036 iniuriarum
1728 2983 1800 3036 actio
1822 2981 1943 3036 cubicum

277 3053 476 3118 procuratorem
494 3049 576 3102 dabit.
611 3049 734 3104 omnibus
752 3051 829 3114 enim,
847 3049 959 3118 quisue
977 3049 1083 3102 nomine
1134 3057 1196 3116 aut,
1226 3049 1248 3104 si
1277 3049 1372 3104 celauit
1399 3049 1561 3118 mancipium
1590 3049 1631 3104 uel
1655 3051 1719 3130 quid
1741 3049 1815 3106 aliud
1835 3049 1944 3104 furandi

277 3117 408 3172 actionem
419 3117 527 3184 habent,
545 3117 725 3186 procuratoris
743 3117 823 3172 dandi
837 3133 896 3172 esse
910 3121 1082 3186 potestatem:
1134 3119 1221 3174 animo
1238 3117 1316 3184 iecit,
1335 3117 1414 3172 etiam
1430 3119 1510 3172 furti:
1528 3117 1582 3184 vel,
1601 3117 1624 3172 si
1640 3119 1767 3188 virginem
1784 3119 1944 3172 inmaturam

277 3187 390 3254 intellegi
413 3191 501 3240 autem
523 3185 619 3252 filium,
642 3187 742 3256 inquit,
766 3187 881 3240 familias
904 3199 953 3242 ιιι
977 3185 1082 3240 nomine
1133 3187 1304 3256 stupraverit,
1323 3187 1403 3242 etiam
1418 3187 1484 3256 legis
1502 3187 1626 3256 Aquiliae
1644 3189 1776 3244 octonem
1793 3191 1944 3256 competere

278 3271 362 3322 agere,
381 3271 440 3308 cum
455 3259 531 3324 patre
549 3259 669 3310 cessante
686 3261 795 3324 praetor
807 3257 831 3310 ei
845 3271 924 3322 agere
937 3255 1083 3322 permittat.
1119 3257 1241 3324 ¹quidam
1257 3261 1364 3324 putant.

278 3327 307 3376 at
344 3323 373 3376 si
395 3321 466 3376 filius
488 3323 605 3376 familias
624 3325 781 3376 iniuriarum
802 3325 895 3392 egerit,
917 3323 990 3392 patri
1012 3323 1083 3376 actio
1169 3321 1207 3382 26
1227 3323 1346 3378 Prosus
1361 3325 1428 3380 libro
1443 3339 1515 3378 nono
1530 3323 1633 3378 decimu
1646 3323 1684 3376 ud
1697 3323 1811 3378 edictum
1841 3323 1871 3376 Si
1885 3325 1944 3392 quis

280 3397 310 3444 li
347 3407 400 3444 nou
418 3391 550 3460 competit.
578 3391 651 3446 Idem
668 3391 707 3446 ait
722 3391 777 3446 filio
795 3391 908 3446 familias
926 3391 1084 3446 iniuriarum
1134 3407 1239 3448 serrum
1259 3409 1347 3446 meum
1367 3393 1410 3448 sei
1431 3391 1516 3446 filium
1538 3391 1653 3448 ludibrio
1674 3389 1775 3446 habeat
1794 3391 1858 3448 licet
1879 3407 1943 3448 con-

278 3461 383 3514 nomine
401 3459 617 3526 actionemdari,
636 3461 757 3530 quotiens
774 3475 849 3514 nemo
869 3465 916 3526 est,
936 3461 982 3528 qui
999 3461 1082 3530 patris
1134 3463 1305 3528 sentientem,
1324 3467 1414 3514 tamen
1432 3475 1479 3530 ego
1496 3459 1621 3516 iniuriam
1637 3459 1728 3516 uideor
1746 3461 1881 3532 accipere:
1899 3475 1943 3514 se·

277 3529 381 3582 nomine
399 3529 562 3598 experiatur,
578 3529 682 3584 ,etheo
700 3545 765 3582 casu
782 3529 868 3598 quasi,
881 3535 985 3598 patrem
1005 3529 1083 3582 fami·
1133 3529 1183 3582 luti
1205 3529 1230 3586 si
1250 3529 1280 3584 in
1302 3529 1428 3598 popinam
1452 3529 1557 3584 duxerit
1578 3529 1666 3594 illum,
1689 3529 1713 3584 si
1730 3531 1820 3584 ales²⁵
1841 3529 1942 3586 luserit.

279 3593 353 3654 daei.
367 3595 501 3650 constitui.
537 3613 619 3664 quare
641 3597 703 3650 sive
716 3595 898 3664 emancipatus
923 3597 957 3650 sit
979 3597 1033 3652 sive
1050 3613 1084 3650 ex
1133 3597 1181 3652 sed
1196 3599 1249 3654 hoc
1266 3603 1412 3666 utcumque
1428 3601 1493 3652 tunc
1511 3597 1600 3652 locum
1613 3597 1746 3652 ιιιιιιιι16
1762 3601 1859 3668 potest,
1878 3613 1942 3666 quo-

277 3667 352 3732 parte
369 3665 446 3718 heres
461 3665 575 3734 scriptus
592 3665 674 3718 fuerit
689 3665 732 3720 rel
749 3665 827 3736 etiam
838 3665 1014 3718 exheredatus
1029 3663 1084 3718 sire
1134 3667 1202 3720 tiens
1220 3667 1264 3718 ille
1279 3667 1323 3734 qui
1337 3667 1432 3722 suadet
1446 3665 1563 3720 animum
1575 3667 1688 3722 iniuriae
1701 3665 1840 3720 faciendae
1852 3667 1942 3720 habet.

277 3737 388 3800 paterna
409 3733 556 3786 hereditate
578 3733 749 3798 abstinuerit,
773 3733 970 3786 5ἰιιιιιιιιιιι
986 3733 1041 3786 litis
1059 3733 1084 3786 ei
1135 3735 1229 3802 atquin
1245 3739 1335 3802 potest
1352 3735 1451 3788 malum
1469 3735 1609 3790 consilium
1627 3735 1691 3790 dare
1708 3735 1795 3802 etqui
1810 3733 1943 3790 dominum

278 3799 405 3854 dandam:
425 3817 483 3856 esse
500 3801 570 3856 euim
586 3799 788 3870 perabsurdum,
807 3815 885 3868 quern
901 3805 1010 3868 praetor
1026 3817 1083 3854 ma·
1133 3801 1248 3868 ignoret:
1272 3807 1300 3856 et
1316 3801 1377 3856 ideo
1394 3801 1489 3872 incipit
1506 3803 1577 3858 servi
1594 3803 1714 3874 corrupti
1731 3803 1802 3856 actio
1820 3817 1941 3856 necessa·

278 3877 356 3928 sente
386 3871 473 3938 patria
503 3875 640 3940 potestate
665 3869 702 3922 ad
731 3869 862 3924 achonem
892 3869 1084 3928 admittendum
1133 3871 1174 3922 ria
1191 3883 1258 3924 esse.

277 3937 454 4006 probaveriti,
481 3939 519 3996 ei,
533 3937 615 4006 patri,
630 3937 744 3992 familias
771 3937 900 3992 ultionem
927 3937 1084 3992 iniuriarum
1169 3933 1207 3994 27
1226 3937 1310 3994 lustr
1326 3939 1395 3994 libro
1412 3939 1554 3994 uicensimo
1573 3941 1685 4008 septimo
1708 3939 1746 3994 ud
1762 3937 1876 3994 edictum
1915 3939 1943 3994 Si

278 4021 384 4060 suarum
401 4007 465 4076 eripi
479 4013 505 4060 ct
519 4005 659 4066 transferri
672 4007 708 4060 ad
722 4013 834 4076 patrem,
848 4007 899 4074 ‘qui
913 4021 981 4070 eum,
1000 4023 1083 4076 quan-
1133 4011 1224 4060 statua
1245 4009 1331 4076 patris
1353 4005 1394 4060 tui
1414 4007 1442 4060 in
1463 4013 1635 4062 monumento
1656 4007 1746 4078 posita
1769 4007 1840 4060 saxis
1864 4023 1943 4062 caesa

278 4081 333 4132 turn
350 4075 449 4144 inipso
464 4081 512 4140 ιιι,
531 4075 654 4140 omiserit,
674 4081 728 4140 aut,
749 4075 819 4144 quod
833 4083 874 4128 est
887 4075 1029 4144 indignius,
1049 4075 1083 4128 ad
1121 4077 1182 4138 est,
1199 4075 1335 4144 sepulchri
1350 4075 1502 4144 uiolati'agi
1519 4091 1573 4130 non
1587 4091 1675 4144 posse,
1694 4075 1851 4132 iniuriarum
1862 4093 1944 4144 posse

278 4141 388 4200 heredes
405 4143 501 4216 patris,
524 4143 559 4198 ad
577 4159 644 4212 quos
661 4159 715 4198 non
739 4143 871 4210 pertinere
887 4143 1011 4198 iniuriam
1028 4143 1083 4198 filio
1133 4143 1225 4198 habeo
1243 4145 1346 4198 scribit.

278 4209 390 4264 familias
407 4211 525 4282 factam-⁷
542 4213 644 4280 ¹procul
661 4211 741 4264 dubio
760 4215 808 4264 est.
1089 4255 1090 4258 ι
1168 4205 1207 4268 28
1231 4211 1377 4266 Ucrmnus
1392 4211 1459 4266 libro
1478 4213 1635 4282 tripcnsimo
1648 4215 1747 4282 quarto
1762 4211 1798 4264 ud
1813 4211 1942 4268 Sabinum

315 4273 489 4352 18Paunus
504 4279 572 4334 libro
590 4281 711 4348 quinquo
731 4281 829 4332 crasimo
848 4279 942 4350 quinto
959 4279 998 4332 ud
1013 4279 1083 4334 sdic·
1132 4279 1294 4334 Iniuriarum
1316 4279 1387 4334 actio
1415 4279 1443 4334 in
1465 4279 1542 4336 bonis
1563 4279 1662 4336 nostris
1685 4295 1741 4334 nou
1765 4285 1941 4348 computatur,

281 4351 335 4400 tum
359 4347 438 4412 num,
457 4347 502 4414 qui
519 4347 683 4402 nocentemi
713 4345 818 4412 amarit,
835 4363 891 4402 non
907 4363 966 4402 esse
983 4347 1083 4402 bonum
1133 4353 1278 4416 antequam
1294 4349 1367 4402 litem
1385 4353 1571 4404 contestemur.

280 4429 390 4484 aequum
407 4415 442 4468 ob
460 4429 519 4468 eam
534 4429 591 4468 rem
608 4415 789 4470 condemnari:
809 4421 930 4484 peccata
946 4417 1017 4468 enim
1034 4431 1083 4468 no·
1122 4443 1123 4446 ¹
1169 4413 1207 4474 29
1226 4417 1345 4470 Ριιιιι
1360 4417 1427 4472 libro
1446 4417 1547 4472 decimo
1565 4415 1603 4470 od
1618 4413 1749 4470 Sabinum
1783 4415 1812 4470 Si
1829 4429 1941 4480 serrum,

283 4489 292 4534 t
329 4483 442 4538 centium
464 4487 529 4534 nota.
552 4497 609 4536 esse
633 4491 659 4536 et
687 4489 809 4552 oportere
830 4487 858 4538 et
881 4483 1014 4552 expedire.
1055 4483 1083 4536 Si
1134 4483 1210 4538 cuius
1234 4485 1339 4538 nomine
1365 4483 1524 4538 iniuriarum
1549 4483 1619 4538 actio
1645 4483 1694 4538 tibi
1720 4483 1859 4564 competit,
1885 4499 1941 4536 ma-

280 4567 369 4606 sersus
386 4567 460 4604 servu
474 4549 568 4602 fecerit
580 4549 711 4616 iniuriam,
728 4549 837 4618 perinde
851 4549 990 4618 agendum,
1006 4551 1083 4618 quasi
1133 4551 1272 4606 numiseris
1296 4557 1344 4606 aut
1369 4553 1536 4618 ahenaveris,
1563 4555 1686 4620 stuperet
1712 4551 1761 4606 tibi
1786 4551 1941 4606 iniuriarum

280 4623 294 4672 a
329 4619 352 4672 ιι
364 4617 468 4672 domino
482 4617 597 4672 fecisset.
624 4617 652 4672 Si
665 4625 750 4688 nupta
762 4617 817 4672 filia
829 4619 945 4672 familiae
958 4617 1092 4672 iniuriam¹
1132 4621 1212 4676 actio.
1841 4679 1842 4682 Ἴ

279 4687 410 4756 acceperit
436 4691 462 4738 et
488 4687 528 4740 vir
554 4689 582 4738 et
608 4691 686 4754 pater
705 4687 860 4740 iniuriarum
883 4691 977 4754 agant,
1002 4687 1082 4744 Pom·
1167 4683 1206 4746 30
1235 4687 1382 4744 Unrrrrrus
1409 4687 1476 4744 libro
1505 4687 1733 4760 quadragensimo
1760 4687 1878 4742 secundo
1904 4687 1943 4740 ud

278 4753 373 4824 penius
394 4759 465 4808 recte
486 4759 565 4822 putat
586 4753 653 4804 tanti
674 4755 744 4822 patri
773 4753 1002 4810 condemnandum
1024 4771 1083 4810 esse
1132 4753 1262 4810 Sabinum
1304 4755 1386 4810 Servo
1410 4761 1499 4810 autem
1521 4755 1683 4810 manumisso
1709 4771 1764 4810 nou
1792 4761 1941 4824 competere

276 4837 363 4888 reum,
383 4821 474 4890 quanti
496 4819 699 4888 condemnetur,
722 4823 745 4876 si
767 4837 801 4876 ea
820 4823 900 4876 sidua
921 4827 1004 4888 esset,
1025 4823 1082 4876 viro
1133 4823 1265 4878 achonem
1283 4825 1317 4878 ob
1334 4823 1469 4890 iniuriam,
1492 4839 1572 4892 quarn
1587 4823 1617 4876 in
1633 4823 1761 4876 servitute
1778 4837 1873 4892 passus
1890 4829 1939 4888 est,

277 4891 357 4956 tanti,
383 4889 475 4958 quanti
499 4889 732 4954 condemnaretur,
761 4891 784 4944 si
805 4905 837 4942 ea
862 4891 890 4942 in
911 4891 1010 4942 nullius
1031 4905 1081 4968 po·
1135 4893 1146 4942 1
1184 4891 1242 4960 quis
1260 4891 1383 4946 dubitet?
1413 4891 1442 4944 Si
1458 4891 1513 4944 filio
1530 4891 1629 4944 iniuria
1645 4891 1719 4944 facta
1736 4891 1778 4954 sit,
1796 4905 1857 4944 cum
1874 4891 1939 4944 utri-

278 4963 373 5012 testate
396 4961 480 5020 esset,
503 4957 575 5076 (prod
600 4971 651 5008 sua
672 4957 799 5026 ornusque
821 4955 918 5010 iniuria
946 4973 1083 5028 propriam
1133 4975 1184 5026 que
1208 4963 1264 5014 tam
1286 4957 1341 5012 filio
1363 4975 1443 5028 quam
1464 4957 1536 5026 patri
1556 4957 1690 5026 adquisita
1712 4957 1782 5012 actio
1808 4957 1857 5022 sit,
1886 4973 1940 5012 ιιι

280 5023 486 5078 aestimationem
530 5025 629 5078 aberet.
665 5029 692 5078 et
713 5023 773 5080 ideo
796 5025 819 5080 si
835 5031 921 5092 nupta
938 5023 966 5078 in
983 5025 1082 5080 nullius
1133 5025 1225 5080 eadem
1242 5027 1334 5096 utique
1350 5023 1473 5080 iacienda
1490 5025 1639 5080 aestimatio
1658 5029 1706 5090 est,

278 5095 408 5162 potestate
425 5091 468 5158 sit,
486 5107 540 5146 nou
557 5091 616 5146 ideo
638 5091 723 5146 minus
747 5109 805 5146 eam
824 5091 982 5146 iniuriarum
1004 5105 1082 5160 agere
1166 5089 1202 5150 31
1225 5093 1344 5148 Pruaus
1358 5095 1426 5148 libro
1445 5095 1546 5146 decimo
1564 5095 1602 5148 ud
1616 5093 1746 5148 Sabinum
1781 5107 1841 5146 cum
1854 5093 1940 5158 possit

280 5165 294 5212 3
328 5175 419 5240 posse,
442 5161 513 5228 quod
530 5165 558 5214 et
573 5159 612 5212 vir
632 5159 696 5214 8ιιι
712 5161 819 5214 nomine
834 5165 905 5228 agat.
940 5161 968 5214 Si
986 5159 1082 5214 iniuria
1150 5167 1242 5230 repter
1257 5161 1305 5214 filii
1322 5161 1476 5230 dignitatem
1493 5161 1578 5216 maior
1593 5161 1645 5230 ipsi
1663 5177 1742 5230 quam
1759 5161 1829 5230 patri
1843 5159 1939 5214 iniuria

279 5227 342 5278 mihi
358 5227 406 5282 fiat
422 5227 457 5282 ab
475 5243 521 5294 eo,
546 5227 590 5282 cui
606 5227 656 5282 sim
673 5229 792 5296 ignotus,
815 5235 861 5282 ιιι
884 5229 906 5282 si
930 5229 989 5296 quis
1006 5233 1082 5296 putet
1130 5179 1205 5284 faeta
1223 5245 1289 5284 esse.
1409 5239 1410 5242 ’

278 5309 319 5348 me
332 5293 444 5350 Lucium
458 5295 638 5364 Titiumesse,
656 5311 716 5350 oum
734 5297 783 5350 sim
798 5295 880 5350 Gaius
896 5297 986 5350 Seius:
1022 5311 1081 5350 rae·
1166 5293 1206 5354 32
1236 5297 1380 5352 Utrrnuus
1408 5299 1476 5352 libro
1505 5297 1732 5378 quadragensimo
1760 5295 1877 5352 secundo
1902 5297 1939 5350 oni

279 5361 359 5426 valet,
377 5363 449 5430 quod
464 5365 611 5432 principale
628 5367 676 5430 est,
694 5363 819 5418 iniuriam
835 5379 895 5418 eum
911 5365 977 5418 mihi
994 5313 1082 5418 dcere
1132 5363 1263 5420 Sabinum
1301 5365 1358 5420 Nec
1381 5365 1580 5434 magistratibus
1604 5367 1667 5420 hcet
1688 5363 1789 5434 aliquid
1812 5365 1939 5420 iniuriose

278 5429 354 5484 vellet
372 5445 434 5484 nam
452 5437 540 5486 certus
557 5447 605 5500 ego
623 5447 691 5496 sum,
707 5431 771 5488 licet
785 5431 831 5486 ille
846 5437 926 5500 putet
941 5449 984 5488 me
1000 5431 1083 5488 alium
1131 5431 1228 5488 tmere.
1265 5431 1368 5502 siquid
1385 5433 1466 5502 igitur
1481 5449 1530 5502 per
1546 5433 1670 5488 iniuriam
1687 5431 1781 5488 fecerit
1799 5433 1939 5500 magistra·

278 5503 294 5554 4
329 5511 387 5554 esse
409 5513 489 5568 quam
510 5515 582 5566 sum,
606 5503 633 5554 et
652 5497 712 5554 ideo
736 5499 894 5554 iniuriarum
914 5501 1009 5556 habeo.
1044 5501 1083 5554 At
1131 5503 1206 5556 tus¹⁷
1235 5500 1278 5556 sel
1306 5501 1383 5572 quasi
1411 5501 1531 5572 priuatus
1560 5501 1602 5556 sel
1631 5499 1731 5556 fiducia
1760 5499 1939 5570 magistratus,

1169 2707 1209 2764 24
1238 2707 1383 2772 Uurrruus
1412 2707 1479 2764 labro
1510 2709 1603 2778 quinto
1634 2709 1735 2764 decimo
1766 2709 1803 2764 ud
1830 2709 1944 2764 edictum

279 5671 308 5734 (ι)
320 5671 420 5736 segnior
428 5671 483 5724 dett.
570 5675 601 5734 iti
620 5671 779 5738 competetl?
847 5675 880 5740 (3)
897 5671 994 5740 debere]
1010 5671 1082 5722 desa
1132 5689 1260 5724 erroneam
1268 5673 1424 5740 putationem
1435 5693 1481 5726 scr.
1550 5675 1596 5740 (ιι)
1614 5675 1783 5728 tametaiHut.
1851 5677 1891 5738 111)
1910 5677 1936 5728 in

280 5759 304 5792 re
314 5759 359 5792 scr.
442 5747 474 5804 ιι)
488 5739 594 5790 familias
609 5741 646 5790 F2

280 5825 307 5860 ve
323 5809 388 5860 W
716 5743 750 5804 (ti
768 5743 828 5792 item
842 5743 888 5794 ins.
956 5745 991 5810 (n)
1007 5745 1080 5808 puta-
1133 5743 1215 5794 omF
1265 5745 1309 5808 (tr)
1328 5743 1446 5794 voeatiF
1498 5743 1544 5810 (ta)
1562 5745 1680 5812 experiF
1735 5745 1780 5810 (m)
1796 5743 1939 5798 hircini?

308 5827 330 5860 ιι

473 5811 615 5874 (illectum
634 5813 659 5860 F
730 5815 763 5872 ιι)
782 5811 809 5860 ιιι
824 5813 869 5862 ins.
885 5813 911 5864 F
986 5813 1092 5886 (9)me
1131 5809 1305 5878 (1ι)ι1ιιιι1·Ἰ
1370 5815 1416 5878 (ιι)
1433 5809 1530 5864 nuiss
1565 5817 1622 5882 itt)
1640 5811 1859 5882 pugnandumn*
1931 5875 1936 5884 Δ
