4366 6258
239 423 240 426 ,
265 391 429 452 romanu

264 559 292 614 Si
309 573 399 612 servus
417 571 526 612 servare
541 557 639 612 iniuria
656 559 762 612 occisus
780 557 901 612 occisave
917 557 1012 620 fuerit,
1030 557 1074 612 lex

263 625 369 694 Aquilia
395 625 484 680 locum
509 625 599 680 habet.
634 625 731 680 iniuria
753 625 872 680 occisum
896 641 954 680 esse
978 625 1071 678 merito

263 693 390 748 adicitur:
413 709 467 748 non
485 693 555 746 enim
572 691 672 760 suffieit
689 695 820 756 occisum,
845 693 893 748 sed
911 697 1016 762 oportet
1032 693 1073 746 iu-

262 761 330 816 iuria
347 761 375 814 id
392 775 451 816 esse
466 759 595 826 faciunt

296 827 315 886 4
336 827 428 884 Gaias
440 829 508 884 labro
523 829 635 898 septimo
649 829 687 884 ud
699 829 814 884 edictum
822 827 994 898 provinciale
1019 829 1072 880 Ita-

263 913 313 1018 que
330 895 353 950 si
371 913 474 952 servum
492 901 569 950 tuum
585 895 714 952 latronem
732 895 901 950 insidiantem
919 895 983 948 mibi
1000 895 1071 948 ocei-

281 979 333 1030 ero,
352 979 462 1018 securus
481 979 540 1018 ero:
559 981 620 1018 narn
638 965 764 1018 adversus
781 963 927 1030 periculum
943 963 1071 1016 naturalis

264 1039 274 1086 1
311 1033 379 1086 ratio
397 1033 527 1100 permittit
545 1049 573 1086 se
591 1031 741 1086 defendere.
776 1027 1070 1084 Lexduodecimtabu-

262 1101 346 1154 larum
363 1099 450 1154 furem
467 1105 549 1154 noctu
573 1101 766 1168 deprehensum
789 1097 912 1150 occidere
934 1099 1071 1164 permittit,

261 1171 291 1222 ut
307 1171 397 1222 tamen
412 1165 441 1220 id
458 1167 545 1234 ipsum
564 1183 624 1220 eum
640 1165 754 1220 elamore
769 1163 938 1218 testificetur:
957 1165 1071 1218 interdiu

261 1239 348 1288 autem
367 1235 560 1302 deprehensum
577 1231 768 1302 ita-permittit
790 1231 925 1300 occidere,
951 1233 974 1286 si
996 1233 1019 1300 is
1043 1249 1072 1286 se

260 1303 312 1420 qelo
337 1301 477 1366 defendat,
504 1307 534 1356 ut
559 1307 648 1354 tamen
671 1315 755 1370 aeque
779 1315 840 1352 cum
865 1301 978 1354 clamore
996 1301 1070 1354 testi-

281 1373 363 1422 cetur.

293 1435 333 1492 5²
355 1435 501 1492 Uarianos
515 1435 583 1490 libro
601 1441 693 1490 octono
711 1435 813 1490 deciano
830 1433 867 1488 ccl
878 1433 993 1490 edictum
1018 1435 1071 1488 Sed

260 1509 287 1558 et
303 1505 344 1558 si³
362 1519 553 1624 quemcumque
571 1503 652 1556 alium
673 1501 745 1558 ferro
770 1519 798 1556 se
824 1507 958 1570 petentem
985 1503 1043 1572 quis
1052 1503 1070 1534 ³²

260 1573 394 1636 occiderit,
412 1589 467 1626 nou
482 1573 507 1624 vi
527 1573 613 1624 ebitur
623 1571 719 1624 iniuria
733 1569 895 1624 occideret:
914 1577 942 1622 et
959 1571 981 1624 si
998 1575 1071 1624 metu

260 1639 318 1706 quis
335 1639 447 1692 mortis⁵
462 1639 549 1692 furem
567 1639 707 1702 occiderit,
726 1653 780 1690 nou
797 1637 963 1690 dubitabitur
970 1639 987 1702 ⁶,
1007 1637 1071 1706 quin

260 1707 316 1774 lege
339 1707 447 1776 Aquilia
470 1723 525 1762 non
548 1711 678 1760 teneatur.
711 1707 753 1760 sin
779 1711 868 1760 autem
894 1723 954 1758 cum
979 1711 1071 1774 posset

260 1775 470 1844 adprehendere,
494 1775 588 1828 maluit
611 1773 745 1838 occidere,
769 1775 851 1842 magis
869 1779 957 1828 estut
974 1773 1071 1828 iniuria

261 1847 272 1894 1
308 1843 404 1896 fecisse
420 1843 555 1894 vicinatur:
575 1859 636 1910 ergo
655 1845 699 1896 et⁷
717 1843 840 1896 dorseta
856 1843 997 1896 tenebitur.
1025 1843 1068 1896 Iu-

259 1909 353 1964 imiam
371 1915 460 1964 autem
477 1911 521 1964 bic
539 1911 679 1978 accipere8
696 1927 746 1964 nos
770 1915 876 1978 oportet
899 1927 953 1964 non
978 1927 1068 1978 quem-

258 1977 399 2032 admodum
409 1977 480 2032 circa
488 1981 643 2032 iniuriarum
652 1979 977 2032 actionemcontumeliam
985 1993 1068 2046 quau-

258 2045 333 2110 dam,
351 2047 399 2100 sed
416 2047 488 2116 quod
506 2065 560 2100 non
576 2047 633 2100 iure
650 2047 752 2100 factum
770 2051 823 2110 est,
848 2047 898 2100 hoc
917 2053 957 2100 est
976 2051 1069 2100 contra

257 2113 311 2178 ius,
329 2115 357 2168 id
374 2119 415 2168 est
431 2115 455 2168 si
473 2113 552 2184 culpa
570 2115 628 2182 quis
647 2113 787 2168 occiderit:
814 2119 840 2168 et
857 2113 916 2168 ideo
935 2113 1069 2168 interdum

257 2187 368 2250 utraque
386 2183 455 2236 actio
474 2183 609 2236 concurrit
627 2187 654 2236 et
676 2183 741 2250 legis
759 2181 882 2248 Aquiliae
905 2187 932 2236 et
956 2183 1065 2236 iniuria-

257 2265 327 2312 rum,
347 2251 394 2302 sed
411 2249 480 2304 dirae
498 2257 575 2302 eruut
593 2251 804 2314 aestimationes,
824 2251 876 2302 alia
894 2251 997 2314 damni,
1016 2251 1068 2302 alia

257 2317 439 2372 contumeliae.
466 2317 546 2386 igitur
562 2319 686 2372 iniuriam
702 2319 746 2372 hic
764 2317 890 2370 damnmn
908 2317 1068 2386 accipiemus

257 2389 270 2438 2
307 2387 386 2454 eulpa
404 2385 495 2440 datum
514 2387 593 2440 etiam
610 2389 643 2440 ab
663 2401 708 2452 ec,
727 2385 773 2454 qui
789 2401 886 2440 nocere
902 2387 995 2440 noluit.
1031 2385 1069 2438 Et

255 2453 312 2508 ideo
332 2455 490 2524 quaerimus,
509 2455 531 2508 si
548 2455 663 2508 furiosus
683 2455 808 2506 damnum
825 2453 934 2518 dederit,
954 2453 1067 2520 aulegia

255 2523 376 2590 Aquiliae
400 2523 469 2576 actio
494 2521 547 2576 sit?
574 2527 600 2576 et
623 2523 741 2590 Pegasus
765 2521 882 2590 negavit:
907 2537 975 2590 quae
999 2522 1068 2572 enim

255 2591 282 2642 in
300 2607 330 2644 eo
351 2591 429 2658 eulpa
447 2591 489 2652 sit,
509 2607 569 2644 cnm
587 2605 651 2644 suae
668 2591 763 2644 ruentis
776 2605 831 2644 non
845 2589 898 2644 sit?
917 2595 943 2644 et
959 2589 1010 2642 hoc
1028 2593 1068 2642 est

254 2659 426 2712 verissimum.
455 2659 570 2710 cessabit
586 2659 664 2726 igitur
681 2657 805 2726 Aquiliae
830 2659 915 2722 actio,
940 2659 1066 2726 quemad-

257 2725 378 2792 modum,
397 2727 419 2780 si
437 2725 588 2794 quadrupes
606 2725 732 2778 damnum
750 2725 866 2790 dederit,
884 2725 991 2794 Aquilia
1010 2741 1065 2778 ces-

254 2799 303 2856 sat,
322 2799 369 2848 aut
386 2795 409 2846 si
426 2793 515 2862 tegula
533 2795 663 2848 ceciderit.
692 2793 738 2848 sed
758 2797 783 2846 et
798 2793 822 2846 si
835 2793 924 2846 inians
940 2793 1066 2846 damnum

255 2861 368 2926 dederit,
387 2863 457 2914 idern
476 2863 525 2916 erit
543 2863 691 2914 dicendum.
720 2859 834 2930 quodsi⁹
851 2863 963 2930 inpubes
982 2863 1010 2914 id
1026 2861 1065 2914 fe-

254 2929 327 2992 cerit,
345 2929 437 2984 Labeo
455 2929 501 2994 ait,
520 2931 582 2998 quia
598 2929 663 2984 furti
680 2935 794 2992 tenetur,
812 2929 896 2982 teneri
914 2935 940 2980 et
957 2929 1066 2998 Aquilia

254 3013 327 3052 eum:
351 3005 378 3052 et
395 2997 446 3052 hoc
463 3003 528 3066 puto
546 3013 651 3064 verum,
675 2999 698 3052 si
716 2997 821 3052 sitiam
838 2995 951 3050 iniuriae
970 3013 1064 3064 capax.

254 3071 268 3120 3
304 3065 332 3118 Si
355 3067 479 3134 magister
501 3067 528 3118 iu
552 3067 692 3136 disciplina
708 3063 886 3118 vulneraverit
903 3079 1008 3118 servum
1025 3067 1065 3118 vel

253 3133 386 3200 occiderit,
405 3151 439 3186 au
448 3133 554 3202 Aquilia
564 3137 585 3166 ¹⁰
601 3139 731 3198 teneatur,
749 3133 825 3200 quasi
836 3131 960 3184 damnum
969 3133 1065 3186 iniuria

253 3201 371 3256 dederit?
398 3207 423 3256 et
441 3203 558 3256 Iulianus
577 3203 670 3256 scribit
686 3201 793 3270 Aquilia
810 3201 894 3252 teneri
918 3217 994 3264 eum,
1020 3201 1065 3268 qui

253 3271 417 3324 eluseaverat
436 3271 594 3338 discipulum
608 3271 636 3324 in
651 3269 802 3338 disciplina:
821 3269 903 3320 multo
920 3269 1002 3338 magis
1016 3269 1064 3334 igt-

251 3343 295 3390 tur
312 3337 340 3390 in
357 3339 445 3392 occiso
463 3337 533 3392 idem
551 3337 600 3390 erit
617 3337 765 3392 dicendum.
791 3337 951 3406 proponitur
977 3341 1065 3390 autem

252 3405 324 3474 apud
341 3421 399 3460 eum
413 3405 519 3474 ¹species
536 3405 611 3460 talis:
631 3411 714 3470 sutor,
735 3403 831 3472 inquit,
850 3419 933 3472 puero
952 3403 1065 3458 discenti

251 3475 363 3542 ingenuo
381 3475 435 3526 filio
454 3473 582 3536 familias,
606 3489 702 3540 parum
719 3473 786 3526 bene
803 3471 913 3524 facienti
930 3471 1001 3538 quod
1019 3471 1063 3526 de-

251 3541 444 3604 monstraverit,
458 3541 545 3594 forma
560 3541 643 3592 calcei
658 3541 785 3594 cervicem
800 3539 939 3608 percussit,
954 3543 1063 3592 1110111-

251 3609 292 3662 lus
309 3625 392 3678 puero
415 3607 659 3676 perfunderetur¹¹.
688 3607 753 3662 dicit
775 3607 855 3676 igitur
880 3607 998 3660 Iulianus
1022 3607 1062 3658 in-

211 3725 212 3728 ,
250 3677 377 3730 iuriarum
395 3679 501 3756 quidem
518 3679 650 3730 actionem
667 3693 721 3730 uon
740 3681 903 3744 crimpetere‚
929 3675 1064 3744 quianon

249 3745 388 3798 faciendae
405 3745 518 3800 miuriae
536 3761 618 3798 eausa
635 3745 811 3814 percusserit,
830 3743 878 3796 sed
895 3745 1020 3798 monendi
1038 3749 1063 3796 et

251 3811 362 3866 docendi
377 3829 471 3866 eausa:
491 3829 525 3866 an
540 3829 573 3868 ex
587 3813 684 3876 locato,
700 3813 813 3874 dubitat,
829 3811 891 3880 quia
906 3811 969 3864 levis
986 3811 1059 3864 dunr-

249 3885 324 3934 taxat
342 3881 481 3948 castigatio
501 3895 629 3934 concessa
647 3887 687 3934 est
705 3879 823 3934 docenti:
843 3877 891 3934 sed
908 3879 964 3946 lege
977 3879 1060 3946 Aqui·

249 3949 285 4000 lia
302 3963 381 4018 posse
399 3949 450 4016 agi¹
461 3965 515 4002 non
533 3949 640 4002 dubito:

284 4013 301 4072 6
328 4015 449 4072 Parmos
477 4015 544 4072 libro
571 4017 713 4072 vicensimo
739 4015 856 4070 scatade
884 4015 921 4068 ad
946 4015 1061 4070 edictam

248 4087 429 4152 praeceptoris
454 4085 522 4138 enim
546 4083 626 4138 nimia
649 4085 760 4138 saevitia
784 4083 879 4150 culpae
896 4083 1059 4152 adsignatur.

284 4149 300 4208 7
326 4153 471 4208 licelinus
486 4153 553 4208 libro
572 4157 664 4208 octaoo
683 4153 783 4208 decimo
801 4153 839 4204 ud
854 4153 969 4204 edictam
1003 4153 1061 4218 Qua

248 4223 353 4276 notione
378 4227 494 4288 patrem·
509 4225 714 4276 consecuturum
741 4219 792 4284 ait,
820 4219 891 4288 quod
914 4219 1001 4272 minus
1028 4235 1061 4274 ex

248 4291 335 4356 operis
352 4287 399 4342 filii
416 4291 459 4342 sui
475 4295 584 4356 propter
601 4289 722 4342 vitiatum
740 4287 846 4342 oculum
861 4289 896 4342 sit
910 4287 1058 4350 habiturae,

250 4361 261 4408 1
299 4361 325 4408 et
341 4357 482 4424 impendia,
501 4371 570 4434 quae
587 4373 636 4424 pro
654 4355 710 4410 eius
726 4355 864 4408 curatione
878 4355 979 4408 fecerit.
1007 4355 1059 4408 Oc·

251 4423 336 4478 cisum
351 4429 440 4478 autem
455 4441 577 4492 accipere
592 4423 725 4492 debemus,
740 4423 794 4476 sive
809 4423 896 4490 gladio
910 4423 964 4476 sive
980 4423 1059 4476 etiarn

248 4493 318 4546 fuste
334 4493 375 4546 vel
392 4491 444 4546 aiio
462 4491 515 4546 telo
533 4493 573 4546 vel
590 4493 711 4546 manibus
738 4491 770 4554 (si
791 4489 861 4544 forte
885 4491 1060 4558 strangulavit

249 4565 317 4620 euml
342 4559 383 4612 vel
401 4561 474 4614 calce
491 4561 569 4628 petiit
585 4561 627 4612 vel
645 4561 732 4628 capite
748 4559 789 4612 vel
805 4559 919 4628 qualiter
937 4559 1057 4638 qualiter.

248 4633 263 4680 2
299 4627 351 4682 Sed
362 4627 382 4660 ¹²
399 4627 422 4680 si
440 4627 498 4696 quis
515 4627 576 4696 plus
599 4627 669 4690 iusto
694 4633 819 4682 oneratus
843 4627 967 4680 deiecerrt
992 4641 1059 4680 onus

249 4699 275 4750 et
292 4711 397 4750 servum
415 4695 557 4758 occiderit,
575 4695 682 4762 Aquilia
699 4697 787 4750 locum
804 4695 899 4750 habet:
921 4695 973 4748 fuit
989 4695 1059 4748 enirn

248 4765 275 4818 iu
283 4765 367 4834 ipsius
377 4763 485 4818 arbitrio
501 4765 539 4816 ita
554 4777 582 4816 se
597 4779 651 4816 non
667 4777 786 4816 onerare.
813 4779 874 4822 uam
890 4767 916 4816 et
931 4765 952 4816 si
967 4765 1058 4834 lapsus

248 4833 342 4902 aliquis
360 4849 466 4886 servum
482 4831 597 4886 alienum
615 4845 695 4886 onere
717 4831 857 4898 presserit,
880 4831 998 4900 Pegasus
1021 4831 1059 4884 ait

247 4903 303 4970 lege
320 4901 428 4968 Aquilia
446 4915 507 4954 eum
522 4901 607 4954 teneri
623 4899 662 4952 ita
680 4899 792 4960 demum,
812 4899 834 4950 si
851 4901 892 4952 vel
909 4903 970 4966 plus
986 4901 1057 4952 iusto

248 4985 276 5024 se
293 4969 442 5022 oneraverit
453 4969 473 5000 ¹³
491 4969 531 5022 vel
548 4967 727 5038 neglegentius
745 4981 792 5034 per
814 4965 947 5020 lubricum
970 4971 1056 5020 trans-

248 5041 262 5092 3
296 5037 364 5090 ierit.
400 5035 516 5092 Proinde
539 5037 562 5090 si
585 5037 643 5106 quis
668 5035 777 5088 alterius
799 5033 907 5102 inpulsu
933 5035 1058 5088 damnum

248 5105 363 5166 dederit,
381 5105 513 5158 Proculus
531 5107 624 5158 scribit
641 5113 727 5172 neque
746 5117 806 5156 eum
822 5103 867 5170 qui
889 5105 993 5172 impulit
1016 5109 1056 5158 te·

248 5279 277 5342 (1)
295 5275 403 5326 Proinde
413 5275 501 5340 siquis
511 5293 608 5326 servum
617 5275 741 5326 iatronem
749 5275 879 5332 occiderit,
888 5271 943 5336 lege
953 5275 1056 5336 Aquilia

246 5359 297 5394 non
311 5347 417 5406 tenetur,
432 5343 551 5410 quianon
567 5345 681 5406 [iniuria]
691 5341 786 5394 occidit
795 5343 865 5394 addit
876 5341 935 5396 cort.
946 5343 1008 5392 inter
1018 5341 1033 5392 l.
1044 5353 1056 5392 3

247 5425 291 5464 ets
325 5411 1057 5480 (atpr.§1=Oollnct,s,r.e.s;cumrecantantes

247 5485 279 5546 (3)
297 5481 372 5532 aiom.
384 5481 444 5532 cort
519 5481 559 5544 (3)
577 5481 621 5544 qui
635 5481 694 5532 Coti
779 5481 810 5546 (4)
828 5479 936 5528 Proinde
946 5479 968 5528 si
977 5479 1056 5526 furem

246 5551 405 5608 nocturnum,
415 5563 489 5614 quem
497 5547 537 5598 len
547 5547 678 5598 duodecim
687 5547 831 5598 tabularum
839 5547 907 5596 omni
917 5547 990 5596 modo
999 5563 1056 5612 per-

1076 369 1133 440 125

1802 367 1892 444 vnss
1915 379 1932 436 2

1126 559 1191 622 ueri,
1202 559 1325 624 quianon
1334 561 1439 624 oceidit,
1448 573 1535 628 neque
1544 553 1795 624 eumquiimpulsus
1805 565 1853 622 est,
1871 557 1933 630 quia

1126 625 1251 678 damnum
1267 625 1363 678 iniuria
1380 643 1434 680 non
1452 627 1536 682 dedit:
1561 623 1705 680 secuudum
1728 623 1800 692 quod
1823 627 1851 678 iu
1875 619 1932 676 iae·

1124 697 1141 746 4
1175 697 1232 744 tum
1250 691 1318 746 actio
1337 693 1386 744 erit
1403 695 1491 746 danda
1509 693 1536 746 in
1552 709 1611 748 eum
1626 691 1671 760 qui
1685 691 1795 760 impulit.
1831 689 1859 746 Si
1870 691 1932 804 quis

1124 761 1152 814 in
1179 759 1365 814 colluctatione
1388 759 1429 814 vel
1451 761 1479 812 in
1501 759 1653 828 pancratio,
1680 759 1721 812 vel
1743 757 1844 826 pugiles
1864 817 1869 830 Ι
1889 773 1932 812 um

1124 829 1193 880 inter
1210 841 1238 880 se
1256 831 1412 880 exercentur
1428 827 1497 880 alius
1514 829 1595 884 alium
1613 825 1754 892 occiderit,
1778 825 1802 878 si
1826 817 1932 896 qrudem

1124 895 1152 948 in
1175 893 1281 964 publico
1306 893 1449 948 certamine
1472 893 1539 948 alius
1562 897 1644 950 alium
1673 895 1813 958 occiderit,
1844 897 1932 946 cessat

1124 963 1244 1030 Aquilia,
1262 961 1326 1030 quia
1343 961 1442 1032 gloriae
1460 975 1542 1014 causa
1561 967 1587 1014 et
1603 965 1721 1030 virtutis,
1745 979 1798 1016 non
1820 961 1932 1014 iniuriae

1122 1031 1209 1100 gratia
1231 1031 1335 1084 videtur
1357 1029 1481 1084 damnum
1504 1027 1602 1084 datum.
1629 1033 1681 1086 boc
1705 1037 1794 1086 autem
1810 1029 1839 1084 in
1856 1039 1930 1082 servo

1124 1115 1177 1152 non
1194 1099 1323 1178 procedit,
1343 1099 1467 1166 quoniam
1484 1097 1589 1162 ingenui
1603 1099 1689 1152 solent
1702 1105 1816 1154 certare:
1834 1099 1862 1150 in
1876 1093 1930 1150 trio

1122 1165 1237 1220 familras
1255 1165 1392 1218 vulnerato
1411 1163 1539 1234 procedit.
1566 1165 1646 1232 plane
1669 1167 1691 1220 si
1715 1167 1850 1222 cedentem
1874 1165 1930 1220 vul·

1124 1233 1267 1298 ueraverit‚
1293 1233 1343 1286 erit
1358 1233 1481 1302 Aquiliae
1504 1231 1593 1296 locus,
1618 1239 1665 1286 aut
1688 1235 1710 1288 si
1727 1251 1781 1290 non
1798 1235 1826 1290 in
1844 1239 1929 1290 certa·
1976 1293 1977 1296 Ἴ

1122 1303 1191 1354 mine
1209 1317 1312 1354 servum
1331 1303 1437 1366 oceidit,
1455 1301 1506 1354 nisi
1524 1299 1547 1354 si
1565 1299 1669 1354 domino
1688 1303 1866 1358 committente
1879 1303 1930 1358 hoc

1123 1373 1137 1420 5
1172 1369 1273 1422 factum
1296 1369 1344 1422 sit:
1369 1375 1434 1420 tunc
1457 1369 1525 1422 enim
1542 1369 1649 1436 Aquilia
1672 1375 1766 1424 cessat.
1802 1369 1884 1424 Sed¹⁴
1909 1371 1931 1424 si

1123 1435 1180 1504 quis
1198 1453 1302 1492 servum
1320 1441 1458 1506 aegrotum
1471 1435 1563 1490 leviter
1576 1437 1736 1506 percusserit
1750 1443 1776 1492 et
1790 1437 1812 1492 is
1828 1439 1929 1504 obierit,

1122 1509 1195 1558 recte
1211 1505 1302 1558 Labeo
1322 1507 1385 1558 dicit
1401 1505 1458 1574 lege
1475 1505 1581 1574 Aquilia
1600 1519 1659 1558 eum
1673 1507 1765 1570 teneri,
1783 1507 1845 1574 quia
1860 1507 1932 1562 aliud

1123 1577 1137 1626 6
1173 1571 1217 1624 alii
1235 1573 1400 1626 mortiferum
1418 1587 1474 1626 esse
1492 1573 1566 1626 solet.
1604 1571 1695 1626 Celsus
1713 1579 1803 1626 autem
1820 1575 1930 1630 multum

1121 1639 1249 1694 iuteresse
1267 1641 1338 1706 dicit,
1358 1639 1484 1694 occiderit
1501 1657 1536 1694 an
1553 1639 1644 1694 mortis
1663 1655 1771 1694 eausam
1788 1645 1927 1708 praestite-

1121 1707 1163 1772 rit,
1181 1713 1212 1760 ut
1229 1709 1274 1778 qui
1291 1709 1383 1762 mortis
1403 1723 1509 1762 eausam
1524 1709 1663 1778 praestitit,
1682 1723 1737 1762 non
1750 1709 1865 1776 Aquilia,
1884 1711 1931 1766 sed

1121 1777 1149 1828 in
1174 1777 1276 1830 factum
1302 1777 1407 1836 actione
1433 1781 1562 1832 teneatur.
1598 1777 1668 1832 unde
1692 1775 1778 1830 adfert
1802 1793 1862 1830 eum
1886 1781 1931 1846 qui

1121 1859 1249 1898 venenum
1272 1861 1320 1914 pro
1339 1845 1529 1902 medicamento
1548 1843 1620 1898 dedit
1637 1849 1664 1898 et
1681 1845 1718 1898 ait
1736 1859 1843 1898 causam
1860 1861 1930 1900 mora

1121 1913 1155 1966 tis
1178 1913 1358 1980 praestitisse,
1383 1911 1602 1982 quemadmodum
1620 1927 1680 1966 eum
1697 1913 1742 1980 qui
1759 1913 1857 1966 furenti
1874 1915 1929 1984 gla-

1121 1981 1193 2034 dium
1216 1981 1346 2050 porrexit:
1362 1999 1436 2034 ,nam
1460 1997 1509 2036 nec
1532 1983 1610 2042 hunc¹
1627 1981 1651 2032 le
1670 1999 1685 2034 e
1707 1979 1812 2048 Aquilia
1836 1981 1929 2046 teneri,

1121 2053 1134 2100 1
1171 2047 1218 2102 sed
1242 2047 1270 2102 in
1295 2047 1403 2104 factum.
1440 2049 1491 2104 Sed
1517 2051 1540 2104 si
1566 2051 1624 2118 quis
1651 1999 1683 2104 11
1708 2053 1789 2116 ponte
1816 2049 1930 2116 aliquem

1121 2115 1318 2186 praecipitavit,
1337 2117 1428 2170 Celsus
1446 2119 1496 2182 ait,
1521 2119 1575 2170 sive
1597 2119 1655 2186 ipso
1678 2117 1734 2170 ictu
1757 2117 1865 2184 perierit
1882 2123 1929 2170 aut

1121 2185 1246 2238 contiuuo
1265 2185 1416 2238 submersus
1435 2191 1475 2238 est
1492 2191 1539 2238 aut
1555 2185 1669 2240 lassatus
1688 2185 1713 2238 vi
1736 2183 1851 2238 fluminis
1874 2185 1929 2238 vie·

1120 2259 1164 2306 tus
1187 2251 1308 2320 perierit,
1334 2255 1389 2320 lege
1412 2255 1518 2320 Aquilia
1540 2255 1638 2318 teneri,
1663 2251 1883 2322 quemadmodum
1907 2253 1930 2306 si

1121 2325 1134 2374 8
1171 2321 1229 2388 quis
1245 2337 1358 2388 puerum
1376 2337 1441 2386 saxo
1460 2323 1593 2374 iidisisset.
1620 2323 1750 2374 Proculus
1769 2321 1814 2384 ait,
1833 2321 1855 2374 si
1873 2335 1926 2374 me-

1120 2389 1195 2442 dicus
1214 2403 1317 2442 servum
1333 2389 1454 2456 imperite
1472 2389 1599 2452 secuerit,
1622 2389 1663 2444 vel
1681 2405 1713 2444 ex
1730 2389 1818 2442 locato
1837 2387 1877 2442 vel
1896 2403 1929 2442 ex

1119 2457 1176 2524 lege
1193 2455 1299 2524 Aquilia
1317 2463 1466 2524 competere
1484 2457 1623 2512 actionem.

1154 2521 1172 2582 8
1202 2525 1293 2578 Gerus
1322 2525 1389 2578 libro
1421 2527 1533 2592 septimo
1559 2525 1596 2578 nd
1621 2523 1734 2578 edictum
1757 2523 1914 2596 provincial

1118 2593 1192 2646 Idem
1209 2593 1272 2644 iuris
1292 2597 1340 2656 est,
1358 2591 1380 2644 si
1398 2593 1587 2646 medicamento
1623 2607 1742 2712 erqeram
1757 2591 1923 2648 ususfuerit

1118 2661 1166 2714 sed
1192 2665 1218 2714 et
1244 2659 1288 2728 qui
1311 2661 1379 2714 bene
1403 2661 1517 2714 secuerit
1541 2665 1567 2714 et
1611 2675 1654 2714 ere
1664 2659 1731 2728 iquit
1755 2659 1927 2722 curationem,

1122 2731 1131 2778 1
1169 2743 1278 2782 securus
1295 2743 1349 2782 non
1362 2729 1418 2790 erit,
1438 2729 1484 2782 sod
1496 2729 1588 2796 culpae
1599 2743 1661 2782 reus
1673 2727 1841 2796 intellegitur.
1867 2725 1927 2780 Mus

1117 2795 1214 2850 tionem
1233 2809 1350 2862 quoque,
1375 2797 1462 2864 siper
1478 2797 1635 2864 imperitiam
1652 2797 1778 2862 impetum
1796 2797 1928 2848 mederum

1117 2865 1230 2916 retinere
1247 2879 1300 2916 uon
1316 2865 1446 2930 potuerit,
1471 2863 1493 2916 si
1517 2879 1563 2916 eae
1586 2863 1700 2914 alienum
1722 2863 1854 2916 hominem
1880 2861 1926 2914 ob-

1117 2931 1238 2984 triverint
1247 2933 1275 2994 ¹⁵,
1292 2931 1370 2998 vulgo
1390 2931 1487 2986 dicitur
1505 2931 1598 2998 culpae
1616 2929 1720 2984 nomine
1737 2929 1830 2984 teneri.
1857 2929 1926 2982 idem

1118 2999 1214 3052 dicitur
1232 3005 1257 3052 et
1275 2999 1298 3054 si
1315 3003 1423 3066 propter
1440 2999 1617 3052 infirmitatem
1641 2999 1771 3052 sustinere
1794 2997 1926 3052 mularum

1116 3067 1243 3136 impetum
1260 3083 1314 3120 uon
1331 3067 1461 3134 potuerit:
1486 3081 1535 3118 nec
1558 3067 1660 3118 ridetur
1683 3067 1815 3134 iniquum,
1841 3065 1863 3120 si
1886 3065 1927 3120 iu-

1116 3135 1228 3188 firmitas
1247 3135 1340 3202 culpae
1358 3133 1560 3198 adnumeretur,
1584 3149 1644 3188 cum
1668 3133 1794 3186 affectare
1812 3133 1923 3202 quisque

1116 3219 1170 3256 non
1188 3201 1290 3264 debeat,
1308 3203 1337 3256 in
1354 3217 1406 3268 quo
1424 3201 1465 3254 vel
1481 3199 1608 3270 intellegit
1625 3201 1666 3256 vel
1681 3203 1832 3270 intellegere
1848 3201 1927 3256 debet

1115 3269 1294 3322 infirmitatem
1303 3285 1378 3322 suani
1388 3269 1433 3322 alii
1441 3269 1617 3338 periculosam
1625 3269 1751 3322 futrrram.
1776 3271 1845 3322 idem
1861 3271 1926 3324 iuris

1117 3337 1202 3390 estin
1218 3353 1334 3406 persona
1352 3337 1420 3402 eius,
1440 3337 1485 3406 qui
1502 3337 1628 3404 impetum
1645 3337 1719 3406 equi,
1738 3355 1791 3406 quo
1809 3338 1924 3392 veheba-

1115 3411 1167 3470 tur,
1185 3409 1295 3472 propter
1310 3407 1469 3474 imperitiam
1486 3405 1527 3458 vel
1543 3405 1722 3460 infirmitatem
1739 3407 1854 3460 retinere
1872 3423 1925 3460 nou

1135 3473 1223 3526 eterit.

1115 3491 1169 3596 pil
1193 3539 1337 3594 ULPIANUS
1352 3541 1419 3594 libro
1438 3543 1530 3594 octavo
1549 3539 1649 3594 decimo
1667 3541 1832 3596 adralistum
1859 3541 1925 3594 Item

1115 3607 1138 3664 si
1164 3607 1293 3662 obstetrix
1319 3607 1536 3662 medicamentum
1563 3607 1662 3662 dederit
1689 3613 1715 3662 et
1739 3607 1801 3662 inde
1832 3609 1926 3664 mulier

1114 3677 1239 3746 perierit,
1256 3677 1351 3730 Labeo
1367 3675 1518 3744 distinguit,
1542 3681 1584 3742 ut,
1604 3677 1626 3730 si
1643 3677 1748 3746 quidem
1766 3677 1820 3730 suis
1839 3679 1923 3730 mani-

1114 3747 1164 3798 bus
1183 3745 1329 3812 supposuit,
1349 3745 1470 3798 videatur
1488 3743 1630 3800 occidisse:
1649 3745 1690 3798 siu
1706 3761 1769 3800 vero
1788 3745 1875 3808 dedit,
1894 3751 1925 3800 ut

1114 3813 1165 3866 sibi
1179 3813 1273 3866 mulier
1287 3813 1401 3876 offerret,
1414 3813 1442 3866 in
1455 3813 1556 3866 factum
1571 3813 1701 3868 actionem
1716 3813 1841 3878 dandam,
1857 3829 1925 3880 quae

1114 3879 1317 3934 sententiavera
1326 3887 1380 3934 est:
1397 3881 1775 3950 mag1senimcausammortis
1790 3883 1925 3948 praestitit

1115 3953 1127 4000 1
1164 3963 1244 4018 quam
1261 3949 1366 4002 occidit.
1403 3949 1430 4000 Si
1448 3949 1506 4068 quis
1524 3963 1572 4018 per
1588 3949 1641 4002 vim
1656 3949 1698 4002 vel
1715 3965 1825 4002 suasum
1841 3949 1923 4004 medi·

1114 4015 1524 4070 11111111111111111111111111111111116
1550 4017 1591 4070 vel
1615 4033 1660 4072 ore
1683 4017 1725 4070 vel
1748 4019 1860 4086 clystere
1883 4019 1924 4072 vel

1113 4085 1137 4138 si
1163 4101 1223 4138 eum
1248 4083 1324 4138 unxit
1349 4085 1419 4138 male
1445 4101 1559 4150 veneno,
1583 4085 1639 4154 lege
1664 4087 1770 4154 Aquilia
1797 4101 1857 4140 eum
1883 4093 1923 4140 te-

1112 4153 1185 4216 neri,
1213 4153 1432 4220 quemadmodum
1464 4153 1593 4208 obstetrix
1625 4169 1776 4222 supponens
1808 4159 1922 4208 tenetur.

1113 4225 1128 4272 2
1164 4219 1191 4274 Si
1201 4221 1259 4288 quis
1274 4221 1407 4276 hominem
1421 4221 1491 4276 fame
1503 4223 1642 4288 necaverit,
1659 4223 1688 4274 in
1700 4221 1802 4276 factum
1817 4223 1922 4276 actione

1113 4293 1128 4342 3
1163 4291 1247 4342 teneri
1263 4291 1389 4342 Neratius
1407 4291 1452 4343 ait.
1487 4291 1516 4344 Si
1533 4307 1637 4344 servum
1654 4305 1741 4342 meum
1760 4289 1922 4356 equitantem

1113 4357 1245 4410 concitato
1271 4373 1338 4426 equo
1358 4357 1476 4412 effeceris
1493 4359 1521 4410 in
1538 4357 1636 4410 flumen
1671 4357 1824 4424 raecipitari
1842 4361 1922 4426 atque

1110 4423 1169 4476 ideo
1187 4423 1266 4478 homo
1285 4425 1399 4492 perierit,
1416 4427 1446 4478 in
1461 4423 1563 4480 factum
1581 4375 1771 4478 essedariam
1790 4423 1922 4478 actionem

1112 4491 1204 4546 Ofilius
1223 4493 1329 4546 scribit:
1348 4493 1566 4562 quemadmodum
1583 4493 1607 4546 si
1624 4507 1713 4546 servus
1729 4507 1802 4546 meus
1818 4491 1851 4544 ab
1869 4491 1921 4546 alio

1110 4565 1127 4612 4
1161 4561 1188 4612 in
1204 4561 1314 4614 insidias
1331 4561 1469 4626 deductus,
1488 4563 1522 4616 ab
1538 4561 1589 4614 alio
1605 4565 1674 4612 esset
1688 4559 1801 4612 occisus
1824 4561 1844 4592 ¹⁷
1869 4559 1921 4612 Sed

1110 4627 1133 4680 si
1150 4645 1197 4696 per
1211 4631 1299 4684 lusum
1314 4629 1491 4684 iaculantibus
1505 4643 1596 4684 servus
1611 4627 1692 4680 fuerit
1705 4627 1818 4704 occisus,
1837 4627 1932 4696 Aqui-¹

1109 4695 1161 4750 liae
1177 4697 1252 4750 locus
1270 4701 1323 4750 est:
1348 4697 1395 4750 sed
1418 4699 1440 4750 si
1464 4713 1524 4750 cum
1547 4695 1591 4750 alii
1614 4695 1642 4746 in
1660 4709 1753 4762 campo
1770 4695 1920 4750 racrdaren-

1109 4769 1162 4828 tur,
1181 4781 1271 4818 servus
1289 4781 1338 4834 per
1355 4781 1414 4818 eum
1431 4765 1519 4818 locum
1536 4761 1677 4824 transierit,
1697 4761 1804 4830 Aquilia
1822 4769 1919 4828 cessat,

1109 4831 1243 4900 quianon
1266 4831 1356 4888 debuit
1379 4849 1428 4900 per
1448 4849 1573 4900 eampum
1595 4831 1780 4902 iacrdatorium
1804 4831 1855 4886 iter
1878 4833 1919 4888 in·

1109 4905 1162 4954 tem
1182 4903 1262 4954 estive
1288 4901 1384 4954 facere.
1420 4899 1466 4966 qui
1490 4905 1580 4952 tamen
1607 4899 1669 4952 data
1694 4915 1776 4968 opera
1802 4899 1829 4954 in
1855 4915 1916 4954 eum

1108 4967 1151 5020 iac
1180 4975 1240 5022 atus
1258 4975 1307 5032 est,
1325 4969 1416 5034 utique
1433 4969 1540 5034 Aquilia
1557 4967 1701 5020 tenebitur:

1145 5035 1182 5094 10
1206 5035 1326 5092 Partus
1345 5035 1413 5090 libro
1436 5035 1578 5088 vicensimo
1601 5037 1717 5090 secundo
1741 5035 1779 5092 ad
1802 5035 1919 5092 edictam

1109 5119 1171 5158 narn
1187 5105 1261 5158 lusus
1280 5119 1385 5172 quoque
1401 5103 1497 5156 noxius
1515 5105 1544 5156 in
1562 5105 1641 5174 culpa
1658 5111 1707 5160 est.

1106 5275 1217 5324 bitamus
1228 5275 1287 5324 coll.
1366 5271 1397 5334 (t)
1416 5275 1450 5336 et]
1460 5273 1599 5338 etiamlege
1613 5275 1671 5326 Coti.
1750 5275 1782 5338 (s)
1802 5275 1916 5338 accipere

1107 5341 1149 5392 hie
1162 5341 1220 5392 solt
1298 5341 1332 5408 (11)
1352 5341 1449 5406 quosF
1520 5343 1564 5402 (111)
1583 5343 1703 5408 aliquaF
1776 5343 1817 5404 (11)
1837 5341 1916 5390 elion-

1107 5413 1208 5458 deretur
1216 5409 1250 5460 D.
1261 5409 1277 5458 l.
1286 5427 1347 5476 pern.
1430 5411 1473 5474 (11)
1492 5411 1535 5460 sed
1544 5413 1570 5460 et
1579 5413 1632 5462 edd.
1710 5411 1754 5472 (13)
1772 5411 1886 5458 ouaverit
1898 5409 1923 5460 F

1108 5483 1151 5542 (111
1170 5477 1315 5530 sedetHnl.
1385 5479 1428 5542 (15)
1448 5477 1660 5530 attribuerintF²
1728 5479 1772 5542 (ie)
1791 5477 1918 5530 infodies

1108 5547 1151 5608 (ll)
1170 5545 1309 5596 exciderant
1322 5547 1413 5596 similia
1428 5549 1459 5598 iis
1473 5565 1536 5614 qnae
1550 5545 1661 5612 deponito·
1676 5545 1735 5596 Inst.
1752 5545 1775 5608 4,
1784 5555 1833 5608 3,4,
1852 5545 1914 5594 talin

217 5623 218 5626 ’
246 5617 327 5666 mittit
336 5617 457 5682 occidere,
467 5619 510 5666 aut
519 5617 645 5676 diurnum,
655 5633 728 5680 quem
737 5631 815 5680 aeque
824 5617 865 5664 lex
874 5617 1006 5680 permittit,
1013 5615 1056 5664 sed
1100 5617 1173 5680 scere:
1188 5611 1304 5674 similes,
1320 5617 1365 5680 qni
1373 5615 1464 5664 iaculis
1473 5615 1624 5664 exercitatur
1631 5615 1659 5662 in
1669 5627 1764 5676 campo,
1781 5611 1826 5660 ubi
1835 5611 1916 5662 solent

246 5683 284 5732 ita
292 5683 397 5746 demum,
407 5685 429 5734 si
439 5699 465 5734 se
473 5685 524 5734 telo
533 5683 658 5744 defendat,
668 5683 795 5734 videamus
806 5699 838 5732 au
847 5683 902 5746 lege
911 5683 1014 5748 Aquilia
1020 5687 1056 5732 te·
1107 5681 1245 5742 exercitari,
1256 5685 1427 5734 transeuntem
1433 5699 1530 5734 servum
1536 5685 1608 5732 tuum
1614 5681 1750 5740 traiecerit,
1761 5677 1833 5736 nulla
1843 5677 1918 5752 culpa

245 5751 352 5800 nentur?
362 5755 388 5804 et
396 5753 551 5818 Pomponius
560 5751 668 5812 dubitat,
675 5769 738 5802 ,num
748 5753 810 5802 haec
818 5751 860 5802 lex
869 5767 919 5800 non
929 5751 999 5800 sitin
1008 5767 1056 5800 usn

246 5819 356 5872 ascari.
400 5821 432 5886 (5)
449 5825 518 5872 metu
527 5821 585 5886 quis
593 5821 692 5884 mortis]
701 5821 759 5884 quis
767 5825 845 5872 noctu
857 5821 917 5872 coll.
962 5817 1056 5884 (6)(111·

1108 5749 1163 5800 eius
1171 5749 1329 5818 intellegitur
