4366 6258
244 373 394 424 assem
996 315 1005 322 ”
1056 349 1116 418 na
1820 355 1927 418 xus

243 537 285 592 his
303 533 426 586 omnibus
444 531 540 594 causis
559 547 629 600 qnae
646 533 704 586 iure
720 547 776 586 non
792 533 933 586 ralnmunt
948 531 991 584 vel
1004 547 1059 584 non
1145 525 1183 584 63
1205 529 1297 584 erres
1312 531 1380 586 titre
1397 533 1535 604 nepotari
1550 529 1584 584 cle
1600 529 1708 584 casibus
1737 529 1864 580 Neratius
1880 545 1926 580 ω.

245 603 396 660 bubnerunt
417 599 559 660 ‘effectum
592 605 686 652 secuta
709 613 759 668 per
785 613 901 652 errorem
927 597 1059 652 solutione
1111 595 1290 674 sumrefert,
1303 601 1348 674 ‚ut
1370 601 1430 664 quis
1453 599 1481 652 id
1505 597 1578 718 guod
1601 593 1709 650 soluerit
1730 599 1853 670 repetere
1871 609 1925 646 non

245 665 408 726 condonant
424 665 501 720 locus
519 665 577 718 erit.
1110 667 1209 730 possit,
1234 675 1311 730 quast
1334 661 1453 718 debitum
1470 663 1503 718 de
1523 665 1585 728 erit,
1610 679 1659 718 nec
1676 667 1765 714 nmen
1782 659 1924 714 bberetur:

280 731 318 790 55
338 731 419 784 Inna
434 733 501 786 libro
518 735 598 784 sexto
617 733 803 802 quaestionum
830 733 858 784 Si
866 733 971 784 urbana
980 745 1059 802 prae·
1110 727 1181 806 velut
1196 727 1219 780 si
1232 727 1263 792 is,
1275 727 1329 848 dqui
1343 731 1422 782 curn‘
1437 735 1539 784 ceruum
1554 733 1688 784 hominem
1703 727 1819 804 deberet,
1838 733 1924 780 etatu-

245 803 289 858 dia
305 799 435 852 locaverit
450 797 567 866 praedo,
590 797 663 866 quod
679 799 809 852 mercedis
826 799 933 850 nomine
951 799 1059 866 ceperit,
1111 795 1224 848 bberum
1241 793 1274 848 de
1294 799 1356 848 ent:
1382 809 1445 846 nam
1469 795 1529 850 ideo
1553 813 1612 850 enm
1637 815 1691 852 non
1708 795 1827 856 libcrari,
1852 793 1923 862 quod

245 869 280 924 ab
299 881 330 920 eo
347 865 393 942 qm
410 865 489 918 solvit
505 879 559 918 non
576 871 720 934 repetetur,
739 865 786 918 sed
804 865 911 918 domino
929 865 980 916 erit
993 865 1060 918 obli·
1112 877 1167 916 non
1183 861 1212 916 in
1229 859 1337 928 plenum
1355 861 1518 928 stipulatoris
1535 865 1669 918 bominem
1685 861 1794 924 fecerit,
1813 875 1863 914 nec
1881 869 1923 914 ta-

264 939 330 988 ctus.
356 931 480 998 idemque
497 931 562 984 iuris
587 933 638 984 erit
659 931 688 984 in
709 931 826 986 vecturis
850 931 966 994 navium,
993 945 1060 998 quas
1084 961 1087 982 .
1112 943 1171 982 men
1187 933 1308 994 repetere
1326 943 1387 982 eum
1400 943 1492 996 posse,
1510 931 1582 996 quod
1600 931 1716 988 debitum
1735 929 1845 984 dederit.

247 1015 304 1072 ipse
320 997 450 1052 locaverit
472 1003 520 1050 aut
542 997 703 1062 exercuerit,
725 997 790 1050 item
813 995 981 1050 mercedibus
1004 1011 1059 1050 ser·
1146 991 1186 1052 64
1206 995 1416 1050 Terenonruus
1431 995 1500 1048 libro
1516 997 1630 1066 septimo
1648 999 1860 1070 disputationum
1896 995 1924 1048 Si

248 1081 352 1128 vorrrm,
379 1081 492 1132 quorum
518 1081 615 1132 operae
638 1079 687 1132 per
711 1063 799 1132 ipsum
822 1063 924 1118 tulerim
945 1063 1059 1116 locatae.
1112 1063 1183 1130 quod
1201 1061 1324 1116 dominus
1339 1077 1413 1116 servo
1429 1061 1527 1126 debuit,
1546 1067 1707 1120 manumisso
1723 1065 1809 1130 soluit,
1829 1079 1922 1132 quem-

248 1149 308 1192 nam
323 1131 346 1186 si
360 1147 452 1186 servus
467 1147 521 1186 nou
536 1133 641 1186 locatus
654 1129 801 1184 mercedem
815 1135 846 1184 ut
860 1129 965 1184 domino
980 1145 1059 1198 prae·
1112 1129 1149 1182 vis
1169 1129 1322 1184 existimans
1341 1131 1364 1184 ei
1382 1129 1472 1198 aliqua
1488 1129 1573 1182 teneri
1591 1133 1710 1198 actione,
1734 1139 1824 1186 tamen
1846 1147 1923 1202 repe·

247 1201 309 1256 doni
332 1199 449 1262 rettulit,
472 1213 528 1252 non
551 1197 597 1252 fiet
620 1195 775 1266 accipientis
798 1197 921 1266 pecunia.
949 1197 1062 1266 quodsi
1112 1203 1168 1252 tere
1185 1213 1240 1252 non
1257 1199 1363 1266 poterit,
1383 1197 1445 1264 quia
1462 1195 1584 1252 naturale
1601 1199 1725 1266 adgnovit
1743 1201 1874 1256 debitum:
1892 1205 1927 1254 ut

248 1273 369 1324 vecturas
388 1267 502 1330 navium,
521 1281 588 1336 quas
606 1265 728 1318 dommus
745 1265 894 1330 locaverat,
911 1265 976 1318 item
993 1281 1059 1344 pen·
1112 1265 1181 1318 enim
1203 1265 1312 1320 libertas
1335 1265 1451 1320 naturali
1474 1265 1531 1318 iure
1554 1265 1707 1320 continetur
1728 1273 1755 1322 et
1778 1269 1922 1324 dominatio

250 1337 336 1390 siones
350 1333 497 1388 insularum
512 1333 652 1402 acceperit,
668 1333 704 1386 ob
717 1333 865 1386 indebitum
880 1333 904 1386 ei
918 1333 1060 1398 tenebitur,
1112 1349 1145 1386 ex
1160 1333 1278 1412 gentium
1295 1335 1354 1390 iure
1376 1333 1529 1388 introducta
1552 1339 1607 1396 est,
1633 1333 1672 1384 ita
1696 1333 1777 1390 debiti
1801 1339 1842 1390 vel
1868 1353 1921 1390 non

248 1401 293 1470 qui
310 1417 365 1454 non
383 1405 424 1456 est
440 1401 568 1456 liberatus
587 1399 721 1456 solvendo.
755 1401 826 1468 quod
843 1417 903 1470 ergo
923 1399 978 1456 dici-
994 1401 1062 1456 solet
1112 1399 1194 1454 debiti
1206 1401 1275 1456 ratio
1289 1401 1318 1456 in
1332 1399 1499 1456 condictione
1514 1399 1673 1454 naturaliter
1687 1399 1863 1472 intellegenda
1871 1411 1920 1460 est.

249 1467 376 1540 praedoni
398 1465 503 1522 fructus
525 1483 606 1538 posse
629 1467 747 1534 cundici,
770 1473 836 1522 tnnc
858 1467 948 1522 locum
970 1469 1060 1532 habet,
1146 1465 1185 1524 65
1203 1469 1405 1522 Pronuntiare
1422 1469 1534 1590 septimo
1553 1467 1655 1522 deamo
1673 1467 1864 1524 odPiautium
1890 1471 1922 1526 Iu

248 1551 309 1590 cum
328 1535 427 1588 domini
443 1535 549 1590 fructus
565 1533 682 1590 luerunt.
1112 1551 1222 1600 summa,
1237 1543 1266 1590 ut
1280 1537 1437 1606 generaliter
1471 1551 1485 1588 e
1499 1535 1657 1604 repetitione
1669 1537 1822 1602 tractemus,
1836 1539 1921 1594 scien·

282 1597 321 1658 56
341 1603 501 1658 Innmiibro
516 1607 609 1656 octavo
626 1603 810 1672 quaestionum
837 1601 1060 1660 Sufficitadcau-
1112 1603 1176 1658 dum
1199 1609 1240 1658 est
1263 1603 1321 1658 dari
1343 1609 1391 1656 aut
1412 1605 1446 1658 ob
1470 1603 1678 1656 maurentionem
1696 1607 1743 1654 aut
1760 1605 1794 1656 ob
1813 1621 1923 1660 causam

248 1685 306 1726 sam
322 1669 434 1724 indebiti
450 1671 582 1724 incudum
605 1685 675 1736 esse,
698 1669 861 1738 temporaria
884 1672 920 1726 sit
941 1687 978 1726 an
1000 1687 1060 1742 per·
1112 1676 1161 1726 aut
1182 1677 1292 1742 propter
1309 1669 1491 1726 condicionem
1508 1675 1556 1724 aut
1574 1669 1607 1724 ob
1625 1685 1680 1722 rem
1698 1675 1746 1724 aut
1761 1671 1921 1726 indebitum:

250 1741 330 1806 petua
345 1737 509 1804 exceptionis
524 1735 651 1792 defensio.
678 1753 740 1792 nam
757 1737 780 1792 si
797 1739 852 1808 qni,
870 1753 904 1792 ne
920 1741 1061 1794 convenia·
1114 1745 1125 1792 l
1161 1739 1189 1792 in
1212 1739 1308 1808 quibus
1331 1739 1452 1792 omnibus
1475 1737 1611 1806 queantur
1635 1737 1668 1792 de
1684 1737 1848 1806 repetitione.
1885 1741 1923 1792 Et

249 1811 300 1868 tur,
319 1805 404 1860 donec
422 1805 510 1858 Titius
528 1805 620 1858 consul
637 1807 693 1872 fiat,
712 1805 873 1874 paciscatur,
892 1807 954 1876 quia
991 1813 1062 1860 otest
1113 1807 1218 1876 quidem
1258 1807 1313 1860 uod
1334 1805 1523 1860 transactionis
1546 1807 1653 1860 nomine
1676 1805 1767 1870 datur,
1793 1805 1856 1858 licet
1878 1823 1922 1860 res

249 1873 319 1926 Titio
339 1871 483 1926 decedente
497 1879 627 1942 perpetua
639 1873 699 1928 fieri
712 1873 843 1942 exceptio,
861 1891 930 1942 quae
945 1823 989 1928 ad
995 1879 1061 1928 lem·
1112 1873 1185 1928 nuilla
1198 1823 1284 1926 media
1297 1873 1385 1938 luent,
1403 1889 1457 1926 non
1470 1873 1612 1940 repetitur:
1631 1889 1692 1926 nam
1707 1873 1730 1926 si
1745 1873 1777 1926 lis
1792 1871 1851 1936 fuit,
1869 1873 1923 1926 hoc

268 1955 299 1992 us
326 1945 366 1994 est
391 1939 462 1994 Titio
488 1939 656 1996 considatum
677 1941 801 2006 ineunte,
828 1957 932 1996 summa
956 1941 1062 1996 ratione
1112 1941 1207 2010 ipsum,
1226 1939 1297 2008 quod
1312 1957 1328 1996 a
1342 1939 1388 1994 lite
1403 1939 1557 2006 disceditur,
1576 1955 1658 1996 causa
1671 1941 1775 1994 videtur
1790 1955 1856 1994 esse.
1881 1941 1923 1994 sin

269 2007 366 2072 'cetur,
388 2007 460 2076 quod
476 2005 582 2062 interim
599 2009 723 2074 solvitur,
740 2009 838 2078 repeti:
862 2013 892 2062 ut
909 2009 979 2062 enim
995 2025 1059 2078 pac·
1113 2013 1203 2062 autem
1217 2009 1322 2062 evidens
1339 2007 1472 2072 calumnia
1486 2007 1616 2076 detegitur
1630 2013 1656 2062 et
1670 2007 1815 2062 transactio
1824 2007 1922 2076 imper·

249 2081 314 2140 tum,
333 2077 405 2144 quod
421 2075 450 2128 in
463 2081 567 2144 ternpus
583 2079 685 2130 cenum
700 2075 826 2130 nodatum
842 2081 889 2140 est,
908 2091 962 2130 non
979 2077 1062 2146 mame
1113 2083 1128 2128 2
1163 2075 1234 2128 fecta
1252 2081 1306 2142 est,
1323 2075 1444 2144 repetitio
1463 2075 1577 2128 dabitur.
1611 2075 1643 2128 Id
1660 2089 1778 2146 quoque,
1797 2077 1869 2142 quod
1887 2075 1922 2128 ob

249 2143 352 2194 inducit
370 2143 580 2210 condictionem,
604 2159 684 2212 quam
701 2143 725 2198 si
742 2159 775 2198 ex
793 2143 836 2196 die
853 2143 958 2198 debitor
975 2145 1062 2208 solvit,
1114 2159 1223 2198 causam
1240 2143 1332 2206 datur,
1356 2147 1422 2212 puta
1439 2143 1511 2212 quod
1528 2143 1634 2212 negotia
1651 2159 1710 2196 mea
1727 2143 1818 2196 adiuta
1836 2143 1871 2196 ab
1890 2157 1921 2196 eo

250 2209 288 2262 ita
310 2227 434 2278 prorsum
458 2209 575 2266 defensio
598 2211 677 2278 iuris,
705 2225 774 2280 quae
799 2227 908 2266 causam
932 2211 1062 2266 incertam
1112 2211 1218 2278 putavi,
1243 2211 1305 2266 licet
1331 2227 1386 2264 non
1412 2209 1447 2264 sit
1472 2209 1587 2274 iactum,
1613 2213 1676 2280 quia
1702 2209 1815 2264 donarifl
1841 2209 1921 2274 volui,

251 2275 341 2342 habet,
360 2277 553 2332 condictionis¹
570 2279 656 2332 instar
672 2281 782 2348 optinet.
1113 2279 1231 2346 quamvis
1254 2277 1322 2332 falso
1346 2277 1411 2330 mibi
1433 2279 1623 2346 persuaserim,
1649 2279 1732 2348 repeti
1754 2293 1809 2332 non
1832 2293 1920 2346 posse.

285 2341 323 2400 57
342 2343 505 2402 Insultare
521 2351 599 2400 tertio
613 2361 804 2416 responsorum
839 2345 905 2398 Cum
916 2345 1062 2400 indebitum
1114 2351 1127 2398 3
1163 2345 1215 2398 Sed
1233 2359 1311 2414 agere
1328 2359 1376 2412 per
1391 2345 1584 2400 condictionem
1598 2353 1706 2416 propter
1720 2345 1921 2398 condicionem⁷

250 2413 395 2480 impuberis
419 2413 525 2468 nomine
548 2419 621 2468 tutor
643 2413 804 2478 numeravit,
829 2413 973 2482 impuberis
998 2429 1062 2468 con·
1113 2413 1191 2480 legati
1208 2413 1250 2468 vel
1266 2413 1433 2476 hereditatis,
1457 2413 1512 2466 sive
1534 2429 1587 2468 non
1604 2413 1639 2466 sit
1655 2413 1717 2466 mihi
1733 2413 1850 2480 legatum
1868 2413 1922 2466 sive

255 2485 265 2530 1
302 2479 383 2534 dictio
403 2487 451 2536 cst.
487 2479 621 2546 Creditur,
645 2487 676 2536 ut
691 2481 861 2550 procuratori
878 2497 925 2536 suo
944 2481 1062 2536 debiturn
1113 2479 1266 2548 ademptum
1281 2480 1413 2548 legatum,
1436 2497 1558 2548 possum,
1577 2487 1607 2536 ut
1623 2485 1741 2602 repetam
1760 2479 1832 2548 quod
1851 2479 1920 2544 dedi,

252 2547 419 2612 redderetur,
437 2549 587 2602 mandavit:
611 2549 712 2604 maiore
728 2549 843 2618 pecnnia
859 2549 948 2602 soluta
964 2565 1061 2618 procu·
1113 2549 1238 2616 quosdam
1252 2563 1308 2602 non
1322 2547 1497 2602 contrahendi
1511 2549 1596 2602 anime
1612 2549 1644 2602 de
1664 2549 1736 2614 enm,
1752 2549 1815 2616 quia
1829 2561 1921 2612 causa,

251 2621 324 2670 rator
341 2615 452 2670 indebiti
468 2631 551 2670 causa
569 2617 750 2672 convenietur:
770 2617 841 2686 quod
859 2617 881 2670 si
898 2617 1062 2682 nominatim,
1113 2621 1222 2684 propter
1240 2631 1319 2686 quam
1337 2615 1404 2680 dedi,
1421 2631 1476 2670 non
1494 2621 1535 2670 est
1551 2621 1652 2670 secuta.
1678 2617 1747 2670 idem
1763 2615 1827 2668 etsi
1844 2617 1920 2668 bere-

251 2689 282 2736 ut
298 2683 382 2736 maior
398 2683 513 2752 pecunia
530 2683 689 2750 solveretur,
714 2683 855 2752 delegavit,
874 2683 985 2738 indebiti
1003 2701 1062 2738 cum
1114 2683 1222 2738 ditatam
1245 2683 1319 2738 adire
1343 2683 1415 2736 nolui
1436 2683 1478 2738 vel
1494 2699 1547 2738 non
1565 2683 1648 2754 potui.
1673 2699 1728 2738 non
1745 2683 1815 2736 idem
1832 2689 1922 2752 potest

251 2767 283 2806 eo
302 2751 364 2820 qui²
383 2751 511 2820 delegavit
528 2753 578 2806 erit
595 2753 679 2818 actio,
704 2767 773 2820 quae
795 2767 850 2806 non
872 2753 975 2806 videtur
999 2769 1060 2820 per·
1114 2751 1180 2816 dici,
1205 2751 1228 2806 si
1250 2765 1341 2806 servus
1358 2765 1431 2804 meus
1451 2751 1500 2806 sub
1519 2753 1671 2806 condicione
1688 2753 1764 2806 heres
1782 2751 1921 2806 institutus

251 2819 369 2886 cmpca³,
385 2819 409 2872 si
419 2819 520 2874 frustra
530 2835 590 2874 cum
602 2825 776 2890 procreatore
789 2819 822 2874 lis
836 2821 917 2873 inerit
930 2819 1061 2872 instituta.
1114 2819 1149 2874 sit
1166 2823 1193 2872 et
1210 2833 1256 2886 ego
1276 2817 1388 2882 dedero,
1412 2819 1507 2872 deinde
1529 2819 1707 2872 manumissus
1724 2817 1833 2872 adierit:
1859 2833 1921 2872 nam

287 2883 325 2944 58
349 2885 432 2940 Ioum
450 2887 518 2942 libro
541 2905 612 2944 occo
636 2903 828 2958 responsorum
863 2887 942 2942 Servo
966 2903 1061 2940 manu·
1114 2891 1129 2940 4
1163 2887 1216 2940 hoc
1234 2901 1299 2940 casu
1316 2891 1469 2940 seculares
1487 2893 1534 2940 est.
1569 2887 1647 2954 Quod
1664 2887 1697 2940 ob
1713 2901 1770 2940 rem
1784 2887 1870 2950 datur,
1889 2901 1920 2942 cs

254 2955 331 3010 misso
349 2953 582 3010 fideicommissum
605 2955 643 3010 ita
667 2955 786 3026 reliquit,
810 2955 833 3008 si
856 2955 890 3008 ad
913 2955 1062 3008 libertatem
1114 2955 1184 3008 bono
1202 2959 1230 3006 et
1247 2969 1332 3032 aequo
1347 2953 1428 3008 habet
1441 2955 1639 3022 repetitionem:
1657 2955 1737 3008 veluti
1752 2955 1775 3008 si
1790 2953 1850 3008 dem
1863 2953 1920 3016 tibi,

252 3039 285 3076 ex
302 3027 461 3076 testamento
478 3023 639 3092 peruenerit:
662 3027 724 3090 post
746 3027 885 3090 acceptam
902 3023 959 3076 sine
974 3021 1063 3076 iudice
1114 3027 1128 3074 5
1163 3025 1194 3074 ut
1211 3019 1309 3088 aliqum
1326 3019 1426 3086 iacias,
1444 3037 1494 3076 nec
1511 3021 1614 3076 feceris.
1650 3021 1692 3086 Ei,
1712 3021 1755 3090 qui
1772 3021 1921 3076 indebitum

253 3091 393 3160 pecuniam
410 3091 539 3158 ingenuus
562 3091 749 3160 pronuntiatus
774 3097 828 3144 est:
852 3089 963 3144 indebiti
986 3089 1061 3142 fidei·
1113 3089 1223 3158 repetit,
1247 3093 1273 3142 et
1295 3085 1400 3142 fructus
1425 3093 1568 3158 otpertus
1591 3091 1694 3144 restitui
1712 3091 1789 3144 debet
1806 3089 1921 3142 deducta

252 3157 387 3216 commissi
403 3171 433 3210 re
453 3157 526 3212 etitio
544 3159 600 3214 erit.
1115 3163 1128 3210 ti
1163 3157 1291 3224 impensa.
1325 3157 1358 3208 In
1379 3157 1512 3210 frumento
1529 3157 1647 3210 indebito
1665 3157 1752 3210 soluto
1770 3163 1797 3210 et
1814 3157 1921 3210 bouitas

287 3223 326 3282 59
344 3173 507 3280 inauditio
524 3223 641 3280 secando
659 3223 843 3292 definitionum
878 3223 905 3278 si
923 3223 1063 3278 fideiussor
1115 3229 1154 3276 est
1177 3229 1217 3286 et,
1241 3223 1263 3276 si
1287 3223 1450 3290 consumpsit
1473 3223 1649 3288 frumentum,
1671 3223 1786 3292 pretium
1808 3229 1920 3292 repetet.

253 3291 309 3346 iure
327 3291 456 3346 liberatus
474 3291 579 3346 solverit
595 3305 682 3346 errore
697 3291 847 3358 pecuniam,
864 3289 995 3358 repetenti
1008 3307 1063 3344 non
1115 3295 1127 3342 t
1164 3289 1208 3344 Sic
1222 3289 1386 3344 habitatione
1401 3289 1464 3344 data
1479 3291 1618 3358 pecuniam
1633 3291 1779 3356 condicam,
1794 3307 1848 3344 non
1862 3291 1920 3360 qui-

253 3361 353 3414 oberit:
378 3361 402 3414 si
419 3375 480 3414 vero
497 3375 559 3414 reus
576 3357 746 3438 prpmittendi
762 3373 811 3428 per
829 3373 943 3412 errorem
962 3363 988 3412 ct
1006 3359 1063 3426 ipse
1114 3357 1173 3412 dem
1196 3357 1288 3426 quanti
1310 3357 1412 3412 locari⁸
1427 3359 1527 3426 potuit,
1551 3359 1599 3412 sed
1616 3359 1707 3426 quenti
1724 3365 1755 3412 tn
1772 3359 1920 3412 conductu-

254 3433 347 3496 postea
364 3427 504 3496 pecuniam
522 3427 636 3490 solvent,
654 3441 708 3480 nou
724 3431 834 3494 repetet,
853 3441 913 3480 cum
930 3427 1004 3494 prior
1019 3441 1062 3478 so·
1114 3429 1128 3478 8
1163 3441 1209 3478 rus
1226 3425 1330 3478 fuisses.
1367 3425 1395 3478 Si
1412 3439 1515 3478 servum
1532 3425 1676 3480 indebitum
1693 3427 1741 3480 tibi
1763 3427 1823 3480 dedi
1847 3443 1920 3480 eum-

255 3497 327 3560 lutio,
347 3511 415 3564 quae
432 3493 484 3548 tuit
500 3493 589 3558 irrita,
607 3493 729 3548 naturale
745 3493 879 3548 uinculum
896 3511 951 3548 non
968 3493 1062 3548 dissol-
1113 3507 1164 3564 que
1176 3493 1369 3558 manumisisti,
1394 3493 1416 3548 si
1439 3493 1525 3548 sciens
1542 3495 1595 3548 hoc
1611 3491 1713 3560 iecisti,
1735 3495 1867 3550 teneberis
1886 3493 1921 3548 ad

255 3565 298 3628 vit,
317 3577 366 3616 nec
384 3563 468 3628 civile,
486 3563 509 3616 si
525 3577 587 3616 reus
604 3561 775 3630 promittendi
792 3561 941 3616 tenebatur.
1113 3561 1226 3630 pretium
1244 3561 1308 3628 eius,
1325 3561 1350 3616 si
1367 3561 1494 3626 nesciens,
1512 3577 1566 3616 non
1584 3561 1728 3628 teneberis,
1746 3563 1794 3616 sed
1810 3567 1920 3632 propter

290 3629 327 3690 60
347 3629 466 3684 Paneas
480 3631 549 3684 libro
566 3631 644 3684 tertio
662 3631 848 3700 quaestionum
881 3629 1001 3682 Iulianus
1017 3643 1062 3684 ve-
1113 3643 1208 3698 operas
1232 3629 1289 3684 eius
1310 3629 1398 3696 liberti
1421 3635 1448 3684 ct
1470 3637 1500 3684 ut
1522 3629 1693 3684 hereditatem
1712 3631 1767 3684 eius
1784 3631 1917 3686 restituas.

255 3715 313 3754 rum
328 3697 474 3752 debitorem
488 3703 550 3766 post
561 3697 634 3750 litem
649 3703 825 3752 contestatam
839 3697 1060 3752 manenteadhuc
1113 3703 1128 3750 9
1154 3697 1312 3752 indebitum
1335 3703 1376 3750 est
1400 3713 1455 3752 non
1478 3703 1595 3762 tantum,
1625 3697 1697 3766 quod
1718 3697 1843 3752 omnin0⁹
1865 3715 1920 3752 non

256 3767 350 3820 iudicio
368 3765 483 3832 negabat
499 3765 643 3818 solventem
665 3769 784 3832 repetere
806 3781 900 3832 posse,
924 3765 987 3844 qma
1010 3781 1061 3820 nec
1114 3763 1238 3830 debetur,
1259 3765 1306 3820 sed
1328 3769 1356 3818 et
1378 3765 1449 3832 quod
1466 3765 1511 3820 alii
1529 3767 1652 3830 debetur,
1674 3765 1698 3820 si
1722 3767 1767 3820 alii
1790 3765 1917 3832 solvatur,

255 3835 449 3888 absolutusnec
465 3831 654 3886 condemnatus
668 3847 697 3886 re
717 3837 787 3886 etere
798 3837 902 3900 posset:
917 3831 980 3886 lucet
994 3831 1063 3886 enim
1114 3835 1161 3886 aut
1184 3831 1207 3886 si
1223 3833 1251 3886 id
1267 3831 1338 3901 quod
1355 3831 1422 3886 alius
1439 3833 1554 3886 debebat
1571 3835 1638 3886 alius
1657 3835 1731 3902 qnasi
1748 3835 1806 3902 ipse
1824 3833 1920 3886 debeat

255 3901 393 3954 absolutus
410 3899 459 3964 sit,
476 3905 573 3952 natura
590 3905 679 3954 meren
697 3847 801 3952 debitor
815 3905 968 3978 permanete
987 3899 1059 3952 sirni-
1114 3899 1206 3952 soluat.

257 3969 358 4036 lemque
376 3983 435 4020 esse
452 3967 477 4020 ei
493 3967 570 4030 dicit,
597 3967 642 4036 qui
659 3967 696 4020 ita
713 3967 847 4036 promisit,
866 3967 921 4022 sive
937 3967 1012 4020 navis
1031 3983 1062 4022 ex
1146 3961 1186 4024 66
1209 3965 1392 4022 Pteromatos
1412 3967 1481 4022 libro
1506 3971 1599 4022 octono
1627 3969 1810 4036 prudentiorum
1844 3967 1919 4022 Haec

257 4037 320 4090 Asia
342 4035 444 4090 renent
466 4035 520 4088 sive
542 4051 597 4090 non
621 4033 736 4100 venerit,
762 4035 825 4102 quia
848 4051 881 4088 ex
903 4051 958 4090 unc
981 4051 1063 4090 causa
1115 4035 1246 4090 condictio
1264 4051 1297 4090 ex
1313 4035 1386 4090 bona
1404 4041 1431 4090 et
1448 4049 1533 4104 aequo
1546 4035 1705 4102 introducta,
1723 4037 1794 4106 quod
1808 4037 1919 4090 alterius

260 4111 270 4156 1
305 4103 432 4156 alteriusi
446 4103 585 4156 solutionis
600 4103 672 4172 origo
686 4103 873 4172 proficiscitur.
911 4103 960 4160 Ubi
974 4111 1063 4158 autem
1114 4105 1184 4174 apud
1200 4105 1311 4158 alterum
1325 4105 1382 4158 sine
1396 4103 1701 4172 ceusadeprebenditur,
1715 4119 1840 4160 revocare
1854 4119 1919 4158 con-

256 4171 313 4240 quis
332 4171 401 4241 quod
420 4187 486 4238 pure
503 4171 583 4226 debet
600 4171 649 4224 sub
668 4171 825 4226 condicione
841 4171 957 4226 novandi
974 4171 1062 4226 animo
1114 4171 1206 4226 suevit.

257 4239 383 4306 promisit,
401 4237 519 4306 plerique
535 4243 631 4318 putant
645 4237 777 4308 pendente
791 4239 932 4294 novatione
948 4239 1063 4294 solutum
1147 4237 1186 4296 67
1210 4237 1362 4294 Scaevoia
1394 4239 1462 4306 libro
1484 4239 1581 4360 gestato
1607 4239 1770 4310 clipeatorum
1811 4237 1919 4294 Stichus

257 4311 375 4376 repetere
391 4321 478 4374 posse,
497 4321 560 4376 qma
575 4323 608 4360 ex
622 4323 675 4376 qua
689 4307 849 4376 obligatione
863 4309 957 4372 solvat,
974 4309 1063 4360 adbuc
1113 4311 1271 4362 testamento
1295 4307 1364 4372 eine,
1388 4321 1466 4374 quem
1502 4307 1617 4360 ominum
1634 4323 1710 4360 suum
1728 4307 1918 4370 arbitrabatur,

257 4373 384 4428 incertum
401 4375 449 4426 sit:
473 4375 594 4442 idemque
611 4389 669 4428 esse
686 4375 779 4442 etiam,
797 4375 820 4430 si
838 4373 954 4430 diversas
991 4391 1062 4430 erso-
1113 4375 1234 4428 libertate
1257 4379 1380 4442 accepta,
1405 4375 1428 4426 si
1450 4375 1633 4428 ducenannis
1652 4389 1683 4426 ex
1701 4375 1743 4428 die
1759 4373 1851 4426 mortis
1869 4387 1918 4426 an-

257 4457 304 4494 nas
321 4457 407 4510 ponas
426 4441 537 4496 eandem
553 4443 692 4510 pecuniam
710 4459 777 4510 pure
795 4449 822 4498 et
839 4443 889 4498 snb
907 4459 958 4498 con
976 4443 1064 4498 icione
1113 4459 1180 4498 nuos
1199 4443 1288 4498 decern
1305 4441 1446 4496 heredibus
1463 4443 1653 4510 praestitisset,
1675 4455 1724 4510 per
1748 4447 1809 4494 octo
1833 4455 1918 4494 annos

258 4507 369 4562 novandi
387 4509 474 4562 animo
491 4509 652 4578 promisisse.
679 4511 726 4564 sed
743 4511 795 4564 hoc
813 4511 937 4564 d'nsimile
955 4515 1009 4564 est:
1034 4511 1062 4564 in
1097 4509 1280 4582 ¹praefinitam
1298 4511 1472 4577 quandtatem
1495 4513 1526 4562 ut
1546 4511 1635 4564 iussus
1659 4513 1717 4562 erat
1733 4507 1818 4570 dedit,
1842 4513 1917 4576 post·

257 4577 427 4642 stipulatione
450 4577 519 4630 enim
536 4591 606 4646 pura
623 4581 649 4630 et
665 4577 843 4632 condicionali
860 4577 972 4632 eundem
989 4579 1062 4632 debi·
1113 4579 1220 4632 modum
1242 4593 1270 4630 se
1286 4579 1428 4646 ingenuum
1446 4577 1573 4644 comperit
1589 4591 1638 4630 nec
1655 4575 1816 4642 reliquorum
1833 4589 1917 4630 anno·

257 4647 345 4696 turum
363 4649 465 4696 cenum
482 4649 531 4698 est.
1113 4663 1172 4698 rum
1189 4645 1260 4700 dedit
1277 4651 1305 4698 et
1326 4645 1513 4712 pronuntiatus
1537 4649 1577 4698 est
1598 4643 1741 4710 ingenuus:
1766 4643 1914 4710 quaestum

291 4707 327 4768 61
348 4711 500 4766 Scaevoia
523 4711 591 4766 icbro
615 4713 708 4780 quinto
725 4729 915 4780 responsorum
950 4713 1063 4768 Tutores
1115 4719 1163 4778 est,
1181 4729 1215 4766 an
1232 4713 1386 4782 pecuniam,
1404 4727 1483 4780 quam
1499 4711 1639 4762 heredibus
1658 4709 1744 4772 dedit,
1767 4717 1798 4762 ut
1814 4711 1917 4764 indebi-

258 4779 348 4846 pupilli
373 4779 531 4848 quibusdam
554 4779 728 4834 creditoribus
751 4779 836 4848 patris
854 4795 888 4834 ex
904 4781 1062 4848 patrimonio
1113 4787 1167 4834 tam
1191 4781 1280 4834 datam
1303 4785 1422 4848 repetere
1445 4783 1472 4832 et
1494 4795 1546 4846 qua
1563 4777 1670 4830 acdona
1686 4777 1779 4846 possit.
1805 4793 1917 4848 respon-

258 4853 366 4912 paterno
383 4849 525 4912 solverunt,
541 4847 588 4902 sed
601 4855 695 4918 postea
707 4861 762 4900 non
776 4847 970 4904 sufficientibus
986 4849 1063 4904 bonis
1115 4849 1167 4912 dit,
1185 4849 1208 4902 si
1226 4863 1284 4902 eam
1300 4849 1440 4916 pecuniam
1464 4845 1548 4910 dedit,
1575 4861 1644 4914 quae
1666 4861 1751 4916 neque
1774 4863 1807 4900 ex
1829 4849 1917 4916 operis

259 4915 385 4984 pupillum
402 4915 600 4972 abstinuerunt:
625 4915 773 4984 quaeritur,
797 4929 833 4968 an
857 4915 927 4984 quod
950 4917 1063 4984 amplius
1114 4917 1167 4972 suis
1185 4931 1271 4984 neque
1289 4931 1320 4968 ex
1337 4931 1366 4968 re
1384 4915 1449 4978 eius,
1468 4915 1511 4966 cui
1523 4913 1596 4968 bona
1608 4915 1661 4968 fide
1678 4913 1816 4982 serviebat,
1835 4933 1916 4984 quac·

258 4983 431 5038 creditoribus
445 4999 493 5052 per
506 4987 609 5038 tutores
623 4983 717 5052 pnpilli
732 4983 847 5038 solutum
865 4987 905 5038 cst
921 4985 963 5038 vel
979 4989 1064 5038 totum
1116 4989 1128 5040 1
1164 4985 1215 5038 sita
1233 4983 1281 5046 sit,
1299 4999 1378 5050 posse
1394 4981 1486 5050 repeti.
1521 4981 1606 5036 Tutor
1624 4983 1747 5038 creditori
1764 4985 1857 5054 pupilli
1875 4985 1917 5038 sui

258 5049 327 5168 guod
341 5055 502 5122 aocepemnt
516 5051 654 5106 resiluere
668 5051 789 5104 debeant.
812 5049 946 5118 respondi,
962 5051 986 5106 si
999 5051 1065 5104 nibil
1113 5051 1173 5120 plus
1190 5065 1268 5120 quam
1286 5051 1431 5104 debebatur
1448 5049 1558 5104 exsolvit
1575 5057 1602 5104 et
1624 5051 1724 5106 tutelae
1745 5053 1842 5106 iudicio
1865 5069 1916 5122 pu-

277 5117 317 5170 olo
335 5119 436 5174 factum
454 5125 531 5186 esset,
549 5119 631 5175 tutori
648 5119 752 5188 quidem
769 5119 811 5172 rel
827 5135 865 5188 pn
883 5119 927 5174 illo
944 5135 1000 5174 nou
1018 5119 1062 5174 de·
1113 5121 1176 5188 pillo
1194 5135 1248 5174 non
1265 5119 1414 5186 imputavit:
1433 5133 1531 5188 quaero
1547 5133 1581 5172 an
1595 5119 1776 5188 repetitionem
1790 5119 1916 5176 adversus

259 5183 514 5266 heripreditoribus
532 5195 621 5242 autern
638 5189 695 5242 aliis
713 5187 789 5252 inid,
808 5135 1006 5256 quodamplius
1022 5189 1064 5242 sui
1113 5191 1128 5240 2
1164 5187 1319 5266 creditorem
1332 5187 1449 5242 baberet.
1470 5187 1606 5266 respondit
1619 5189 1724 5244 babere.
1760 5189 1917 5242 Titiuscum

259 5251 339 5308 debiti
356 5257 474 5310 solutum
491 5261 539 5320 est,
556 5257 648 5310 teneri.
1113 5255 1209 5310 multos
1227 5255 1368 5308 creditores
1385 5255 1503 5320 baberet,
1520 5273 1548 5308 m
1566 5257 1660 5326 quibus
1679 5263 1705 5312 et
1723 5257 1824 5320 Seium,
1842 5257 1916 5310 bons.

293 5317 332 5380 62
349 5323 526 5378 Maecianus
539 5323 607 5378 libro
622 5323 992 5392 quartofidcicornmissornm
1017 5321 1062 5374 Fi·
1113 5337 1162 5376 sua
1183 5323 1305 5392 privatim
1326 5321 1400 5376 facte
1421 5323 1569 5378 venditione
1591 5325 1694 5380 Maesio
1719 5325 1861 5388 concessit,
1886 5329 1918 5376 ut

259 5385 468 5446 deicommissum
489 5391 517 5446 in
541 5391 711 5460 stipulatione
728 5391 870 5446 deductum
887 5389 992 5446 tametsi
1009 5407 1063 5444 non
1113 5391 1177 5446 satis
1196 5389 1368 5446 creditoribus
1390 5389 1505 5446 faceret:
1529 5393 1576 5446 sed
1594 5395 1711 5448 blaevius
1735 5393 1812 5446 solvit
1834 5407 1918 5460 pecu·

260 5455 374 5514 debitum
391 5461 495 5524 fuisset,
512 5461 576 5530 quia
592 5467 679 5514 tamen
697 5475 714 5512 a
728 5461 828 5514 sciente
842 5461 903 5514 fidei
917 5457 1063 5528 explendae
1113 5461 1184 5512 niam
1201 5457 1261 5512 Seio
1277 5463 1410 5526 amquam
1429 5461 1557 5528 debitam,
1582 5461 1719 5530 queniam
1736 5477 1752 5514 a
1769 5461 1839 5514 Titio
1856 5459 1917 5514 iue-

260 5539 341 5582 causa
358 5529 515 5598 promissum
533 5537 611 5594 esset,
629 5529 748 5584 debetur.
1112 5533 1155 5578 rat
1172 5527 1272 5580 soluta:
1296 5529 1444 5596 quaesitum
1467 5535 1520 5596 est,
1545 5547 1605 5586 cnm
1621 5537 1714 5598 postea
1731 5529 1918 5598 repperiantur

258 5701 287 5766 il)
306 5703 462 5754 condicionis
472 5705 527 5754 dett.
605 5707 645 5762 ,tri
664 5701 796 5764 quiunt*
874 5707 905 5764 (a)
924 5699 1061 5764 emptaFS
1111 5697 1166 5746 dett.
1220 5697 1253 5758 (t)
1271 5699 1490 5752 condictionemF
1550 5701 1582 5764 (sl
1601 5699 1718 5750 locareF
1781 5703 1815 5758 (nt
1833 5697 1915 5748 bomi-

259 5771 290 5832 (l)
308 5771 470 5824 alteravcser.
583 5779 613 5826 tn
632 5771 804 5830 eumeniam.
914 5771 947 5830 (tt
966 5767 1058 5818 donare
1109 5763 1205 5814 nincF
