4366 6258
1041 349 1105 424 111
1655 349 1845 418 xxxxiiii
1868 361 1907 418 44

249 363 291 412 ΕΤ
311 365 453 414 FAMOSIS
473 367 624 418 LIBELLIS

251 537 312 594 fecit
329 535 452 592 iniuriam
467 553 557 606 44444,
574 543 606 592 41
622 535 728 592 domino
746 535 858 604 iaceret,
876 539 951 594 video
969 537 1052 592 domi·
1107 565 1109 570 ,
1141 537 1179 598 11
1196 541 1314 596 Parrus
1329 541 1398 594 libro
1412 535 1638 610 quadragensimo
1645 533 1667 568 ¹²
1681 531 1774 602 441414
1789 535 1827 588 ud
1838 535 1908 592 edic.

250 621 312 662 num
335 603 493 658 imuriarum
517 621 595 674 agere
617 619 697 674 posse
718 617 768 658 suo
785 607 903 660 nomine:
927 607 1052 660 4114444
1105 609 1160 658 tam
1194 609 1311 664 sednon
1328 623 1386 662 csse
1404 619 1583 676 acquumprc
1600 601 1807 668 maioreparte,
1829 619 1908 670 quam

251 691 303 730 uon
317 671 351 726 ad
365 671 576 740 suggillationem
590 669 689 724 dondui
699 667 729 722 id
740 667 813 736 14411,
827 673 879 740 ipsi
893 689 969 728 servo
980 673 1053 726 facta
1103 687 1153 740 pro
1185 691 1239 744 qua
1268 677 1389 730 14441444
1415 681 1470 738 441,
1502 671 1696 726 damnationem
1726 665 1783 720 fieri
1809 667 1908 724 Pedius

250 743 345 800 iniuria
358 739 612 808 inultaapraetore
624 737 738 806 relinqui
751 739 1053 808 contabescamus
1105 741 1156 796 ait:
1185 751 1213 798 et
1239 743 1299 800 ideo
1326 743 1415 798 officio
1442 741 1538 796 iudicis
1565 739 1700 808 portiones
1729 733 1908 792 aestimandae

251 811 274 870 si
283 807 435 866 verberibus
444 809 486 862 vel
499 805 672 874 quaestione²
684 805 773 860 fieret:
791 807 862 860 hano
873 807 942 862 eninr
956 813 984 862 41
998 823 1052 862 ser-
1104 817 1191 862 erunt.

251 883 282 934 36
315 891 377 930 uum
388 875 486 928 4441144
495 873 585 942 palam
598 879 647 928 est.
665 873 694 928 si
705 889 869 928 communem
881 873 937 944 quis
950 889 1054 928 servum
1140 873 1178 934 17
1208 877 1352 934 Uarianae
1376 879 1445 934 libro
1475 877 1716 948 quinquagensimo
1738 873 1850 944 septimo
1873 873 1910 926 od

250 943 435 1006 verberaverit,
452 941 544 1008 utique
560 943 612 994 hac
631 943 735 994 actione
751 959 806 996 non
823 943 1053 1006 tenebiturscum
1105 943 1219 998 edictum
1250 945 1303 1000 Sed
1319 947 1343 1000 si
1359 947 1438 1000 unius
1455 943 1587 1014 permissu
1602 943 1631 998 id
1647 943 1745 1006 fecero,
1763 941 1787 996 si
1805 939 1910 1008 quidem

251 1019 280 1070 tt
314 1013 371 1064 iure
386 1009 484 1064 domini
496 1009 524 1062 id
536 1009 638 1062 fecerit.
661 1009 718 1062 Nee
732 1009 755 1062 si
765 1009 930 1064 1444144144
941 1009 970 1062 id
981 1009 1052 1064 fece·
1104 1009 1187 1066 solius
1214 1011 1269 1064 eius
1295 1027 1354 1066 esse
1380 1015 1485 1080 putavi,
1514 1011 1580 1066 44111
1607 1011 1733 1080 competit
1752 1007 1909 1064 iniuriarum

250 1081 292 1148 rit,
309 1077 431 1132 dominus
449 1093 509 1132 cum
527 1091 558 1130 eo
573 1077 635 1144 agit,
653 1079 695 1132 vel
709 1077 731 1130 41
744 1079 937 1148 proprietarius
950 1075 1052 1142 iecerit,
1104 1077 1183 1132 44114.
1207 1079 1286 1144 plane
1302 1081 1326 1132 si
1339 1081 1389 1134 scii
1405 1081 1530 1148 plurium,
1547 1081 1572 1132 ei
1586 1081 1700 1148 4411444,
1718 1077 1765 1146 qui
1780 1077 1908 1146 permisit,

250 1153 282 1204 48
314 1145 478 1202 fructuarius
504 1159 564 1198 eum
587 1145 731 1200 conveniet.
772 1145 895 1198 Adicitur
918 1143 1053 1198 ‘aduersus
1104 1161 1158 1198 non
1190 1147 1316 1216 competit
1346 1147 1502 1202 iniuriarum
1532 1147 1615 1212 actio,
1648 1149 1743 1204 4414414
1775 1147 1908 1216 competit.

251 1213 882 1282 1444444444,41444444144444144441
897 1213 1053 1276 verberavit,
1107 1219 1117 1266 1
1157 1213 1184 1266 Si
1210 1213 1285 1268 iussu
1310 1215 1407 1270 1414414
1436 1221 1483 1270 441
1510 1217 1692 1284 procuratoris
1714 1215 1757 1270 441
1778 1215 1909 1270 curatoris

251 1285 296 1342 sed
319 1283 364 1350 qui
382 1285 508 1336 adversus
526 1281 612 1336 bonos
629 1297 714 1336 mores
732 1283 892 1348 verberavit,
916 1287 1052 1336 teneatur:
1106 1281 1224 1350 quaestio
1247 1283 1340 1336 habita
1361 1283 1413 1348 411,
1441 1299 1605 1352 consequens
1628 1285 1680 1338 erit
1701 1283 1788 1338 dicere
1802 1295 1910 1338 cessare

221 1365 222 1368 ’
251 1359 365 1408 ceterum
383 1351 480 1420 siquis
498 1351 645 1416 corrigendi
668 1351 756 1410 animo
778 1355 826 1404 aut
848 1351 871 1404 si
906 1351 1052 1404 41444444-
1106 1357 1119 1402 2
1154 1349 1310 1402 iniuriarum
1325 1351 1464 1404 audonem.
1490 1351 1587 1408 Servus
1601 1365 1675 1406 meus
1694 1367 1776 1420 opera
1792 1351 1833 1406 vel
1846 1369 1909 1420 que·

251 1425 280 1476 39
315 1417 408 1484 dmm,
437 1433 491 1472 non
512 1423 625 1472 tenetur.
668 1417 743 1474 Unde
769 1419 873 1488 quaerit
919 1419 1000 1486 4144,
1031 1419 1054 1474 41

249 1489 415 1558 magistratus
432 1485 599 1556 municipalis
620 1501 723 1540 servum
746 1503 834 1542 meum
854 1487 918 1542 luris
941 1489 1052 1558 ruperit,

249 1573 283 1612 an
296 1557 396 1624 possim
410 1573 471 1610 cum
484 1571 516 1610 44
530 1553 652 1624 experiri,
668 1555 745 1622 quasi
760 1557 885 1610 adversus
898 1555 983 1612 bonos
995 1573 1052 1612 nro·

248 1641 288 1678 res
302 1623 488 1678 verberaverit.
507 1627 533 1676 et
548 1623 586 1674 ait
598 1622 712 1677 iudicem
725 1623 822 1680 debere
836 1625 975 1692 inquirere,
990 1625 1053 1694 quid

248 1691 389 1746 facientem
404 1705 508 1744 servum
524 1705 612 1744 meum
628 1693 816 1748 verberaverit:
839 1709 900 1746 nam
924 1693 948 1748 si
968 1693 1052 1748 hono·

248 1775 302 1816 rem
313 1765 519 1828 ornamentaque
530 1759 684 1828 petulanter
698 1759 906 1832 adtemptantem
920 1761 1051 1826 ceciderit,

249 1833 279 1882 40
313 1827 503 1882 absolvendum
520 1843 590 1882 eum.
625 1827 802 1884 ‘Verberasse’
827 1831 924 1884 dicitur
941 1829 1052 1886 abusive

249 1901 276 1948 41
314 1901 340 1948 et
354 1897 399 1964 qui
413 1895 508 1964 pugnis
526 1895 657 1950 ceciderit.
685 1897 888 1964 ‘Quaestionem'
902 1897 1053 1964 intellegere

249 1963 372 2016 debemus
390 1969 523 2018 tormenta
541 1969 568 2016 41
587 1963 704 2032 corporis
722 1965 840 2020 dolorem
857 1965 891 2018 ad
910 1963 1053 2018 eruendam

249 2029 391 2084 veritatem.
413 2031 486 2086 nuda
498 2047 561 2100 ergo
572 2033 744 2098 interrogatio
756 2033 798 2086 vei
809 2033 875 2098 levis
885 2033 987 2086 territio
1000 2047 1053 2084 nou

249 2099 360 2168 pertinet
378 2099 413 2152 ad
429 2099 481 2154 hoc
496 2100 620 2154 edictum.
663 2101 808 2156 uacationis
823 2101 904 2154 verbo
920 2101 1053 2164 41144444,

251 2181 327 2234 quarn
343 2167 440 2220 malam
455 2167 620 2222 mansionem
660 2167 746 2234 bunt,
769 2167 957 2222 continebitur.
993 2183 1053 2220 cum

250 2235 327 2302 igitur
343 2249 392 2302 per
407 2235 460 2288 rim
476 2241 504 2290 et
520 2239 652 2290 tormenta
668 2235 762 2290 habita
779 2235 900 2304 quaestio
914 2239 971 2300 est,
989 2239 1053 2288 tunc

249 2307 279 2354 41
313 2303 434 2370 quaestio
460 2303 631 2370 intellegitur.
671 2303 723 2356 Sed
751 2307 780 2358 41
806 2305 830 2358 41
853 2305 930 2358 iussn
956 2303 1054 2358 domini

250 2369 306 2438 quis
330 2371 510 2438 quaestionem
533 2371 645 2436 habeat,
669 2371 776 2424 modum
796 2377 886 2426 tamen
902 2371 1053 2436 excesserit,

250 2441 280 2490 43
314 2437 399 2492 144441
421 2455 481 2492 eum
503 2437 600 2494 debere
617 2439 708 2494 Labeo
730 2437 776 2494 ait.
810 2439 923 2494 Praetor
940 2441 992 2494 ait:
1017 2439 1054 2494 ‘Si

250 2505 320 2572 ‘quid
337 2505 409 2560 aliud
425 2505 543 2560 factum³
561 2521 620 2560 esse
637 2507 747 2572 dicetur,
767 2523 850 2562 causa
865 2509 971 2576 cognita
984 2507 1053 2560 indi-

250 2573 327 2626 ‘cium
344 2573 432 2628 dabo'.
467 2573 579 2644 proinde
600 2575 623 2628 si
646 2575 752 2644 quidem
772 2577 927 2630 verberatus
945 2575 981 2632 sit
998 2591 1053 2630 ser-

248 2655 296 2694 vus
318 2641 360 2694 vel
381 2641 517 2696 tormentis
545 2641 576 2696 de
602 2657 633 2696 eo
656 2643 775 2710 quaestio
797 2643 890 2698 tabita
913 2651 969 2708 est,
996 2645 1053 2698 sine

222 2713 223 2716 ’
250 2721 344 2762 444444
362 2709 510 2776 cognitione
524 2709 651 2764 iudicium
665 2713 693 2764 in
708 2725 768 2764 eum
784 2713 936 2780 competiti,
954 2711 1053 2766 sivero

249 2775 326 2828 aliam
342 2775 465 2830 iniuriam
482 2793 578 2846 passus
596 2779 639 2842 sit,
657 2793 711 2830 non
725 2779 803 2832 aliter
818 2779 942 2848 competit
956 2785 1053 2848 quam5

249 2847 280 2896 44
314 2857 396 2898 causa
407 2845 521 2912 cognita.
548 2845 641 2914 ltaque
654 2850 763 2914 praetor
772 2863 826 2902 nou
839 2863 873 2900 ex
884 2847 955 2902 omni
969 2863 1053 2902 causa

248 2911 402 2964 iniuriarum
418 2911 546 2966 iudicium
564 2913 632 2968 servi
648 2911 755 2966 nomine
771 2915 933 2982 promittite:
951 2929 1014 2968 uam
1028 2917 1053 2968 si

248 2977 338 3032 leviter
360 2995 504 3046 percussus
525 2981 561 3034 sit
581 2981 623 3034 vel
644 2979 813 3034 maledictum
832 2983 856 3034 ei
873 2981 976 3046 leviter,
998 2997 1053 3034 uon

250 3043 321 3100 dabit
338 3049 481 3100 actionem:
506 3053 534 3100 at
556 3047 580 3102 si
600 3047 744 3100 infamatus
762 3049 798 3102 sit
813 3049 855 3102 vel
872 3049 944 3102 facto
962 3049 1052 3118 aliquo

248 3113 288 3166 441
305 3115 420 3166 carmine
437 3115 546 3182 scripto.
581 3119 645 3182 puto
665 3129 761 3168 causae
779 3115 955 3184 cognitionem
971 3131 1051 3184 prae·

248 3181 311 3234 toris
337 3181 522 3250 porrigendam
550 3187 578 3234 et
604 3181 639 3234 ad
662 3181 732 3234 serui
758 3185 925 3250 qualitatem:
956 3185 1059 3238 etenim

248 3249 357 3302 multum
374 3247 491 3314 interest,
509 3247 594 3316 qualis
612 3265 704 3302 servus
722 3247 765 3314 sit,
783 3251 870 3304 14444
885 3249 928 3304 fru
948 3249 963 3314 ',
981 3251 1052 3304 ordi-

248 3317 345 3378 narius,
364 3313 538 3382 dispensator,
558 3331 593 3368 an
609 3331 671 3370 vero
689 3315 804 3382 vulgaris
820 3319 862 3370 441
878 3333 920 3370 me
941 3319 1052 3372 'antinus

249 3399 282 3438 an
295 3381 474 3452 qualisqualis.
502 3389 528 3436 et
542 3383 606 3450 quid
620 3383 644 3436 si
659 3385 822 3452 compeditus
836 3385 878 3438 441
889 3385 957 3438 male
972 3391 1052 3440 notus

248 3453 288 3508 441
305 3457 384 3506 notae
401 3451 553 3506 extremae?
570 3451 681 3504 habebit
698 3451 779 3518 igitur
795 3457 906 3520 praetor
922 3451 1052 3508 rationem

248 3525 301 3574 tam
318 3517 441 3580 iniuriae,
465 3517 671 3588 quaeadmissa
693 3517 803 3582 dicitur,
826 3535 906 3588 quam
921 3531 1053 3588 personae

248 3587 326 3652 servi,
348 3587 377 3638 in
394 3601 471 3654 quem
488 3583 606 3640 admissa
623 3584 732 3650 dicitur,
756 3593 782 3640 et
799 3585 838 3640 sic
855 3591 902 3640 aut
918 3589 1053 3654 permittet

248 3661 278 3706 45
314 3659 362 3708 aut
380 3653 519 3720 denegabit
536 3653 675 3706 actionem.
709 3653 845 3706 Interdum
862 3653 959 3708 iniuria
977 3669 1051 3710 seruo

247 3723 318 3778 facta
335 3721 370 3776 ad
387 3721 521 3776 dominum
538 3721 681 3788 redundat,
704 3721 836 3776 interdum
853 3737 921 3780 uon:
945 3737 1007 3776 nanu
1030 3723 1053 3778 si

247 3807 294 3858 pro
313 3791 396 3844 libero
413 3805 444 3844 se
458 3795 593 3858 gerentem
616 3793 663 3842 aut
680 3805 741 3844 cum
758 3805 819 3844 eum
836 3791 945 3844 alterius
962 3789 1052 3858 potius

248 3873 326 3926 quam
347 3871 435 3910 meum
456 3857 591 3910 existimat
613 3855 683 3924 quis,
707 3871 762 3910 non
783 3871 910 3912 caesurus
934 3871 1005 3922 eum,
1030 3857 1053 3912 si

248 3941 332 3980 meum
350 3925 456 3990 scisset,
480 3939 534 3978 non
551 3939 630 3990 posse
647 3939 723 3988 eum,
747 3925 824 3994 quasi
845 3925 909 3976 mihi
929 3925 1053 3978 iniuriam

248 3999 279 4048 46
313 3991 414 4058 1444411,
433 3991 472 4046 414
491 3991 625 4046 conveniri
641 3991 714 4046 Mela
731 3993 831 4048 scribit.
860 3991 887 4046 Si
902 3993 960 4060 quis
975 4009 1051 4048 servo

248 4063 385 4114 verberato
410 4059 568 4114 iniuriarum
595 4059 690 4128 egerit,
719 4059 814 4114 deinde
841 4065 936 4128 postea
964 4059 1053 4114 damni

248 4129 357 4184 iniuriae
374 4133 447 4196 agat,
470 4129 562 4182 Labeo
586 4129 679 4180 scribit
700 4129 810 4182 eandem
832 4143 888 4180 rem
911 4143 965 4182 non
986 4143 1051 4192 esse,

248 4197 324 4266 quia⁷
347 4197 433 4250 altera
455 4197 525 4250 actio
549 4195 583 4248 ad
604 4195 729 4248 damnum
746 4195 891 4266 pertineret
909 4195 987 4264 culpa
1004 4195 1052 4248 da-

248 4271 277 4318 41
313 4269 383 4328 tum,
406 4265 490 4316 altera
512 4263 548 4318 ad
566 4263 759 4318 coutumeliam.
796 4265 824 4318 Si
840 4279 918 4318 usum
935 4261 1051 4318 fructum

247 4331 273 4386 in
295 4349 370 4386 servo
391 4331 518 4396 habeam,
540 4339 570 4384 tu
590 4331 781 4398 proprietatem
801 4333 878 4400 isque
896 4331 1051 4384 verberatus

248 4401 281 4454 sit
296 4401 338 4454 441
353 4399 475 4468 quaestio
493 4399 526 4452 de
544 4415 575 4454 eo
593 4399 692 4464 habita,
710 4399 867 4454 iniuriarum
882 4399 952 4452 actio
968 4399 1051 4466 magis

248 4467 419 4538 proprietario
437 4483 516 4534 quam
533 4467 597 4520 milri
615 4467 749 4536 competit.
781 4469 903 4536 idemque
919 4467 1052 4536 probatur

248 4543 273 4588 41
293 4537 317 4588 41
339 4549 444 4588 servum
465 4549 566 4600 meum,
595 4549 672 4602 quem
698 4535 771 4590 buna
797 4537 849 4590 fide
872 4535 1050 4606 possidebam,

248 4603 385 4658 cecideris:
414 4603 520 4658 domino
545 4603 616 4656 euim
641 4603 727 4672 magis
747 4603 873 4672 competit
893 4603 1050 4658 iniuriarum

248 4675 277 4724 48
312 4671 390 4726 aedo.
415 4671 491 4738 Item,
509 4669 533 4726 si
548 4669 660 4724 liberum
677 4671 818 4738 hominem,
837 4673 883 4742 qui
899 4673 963 4726 mihi
980 4672 1051 4726 bona

247 4737 297 4794 fide
314 4739 456 4804 serviebat,
474 4739 532 4806 quir
551 4739 689 4804 ceciderit,
707 4737 921 4810 distinguendum
939 4747 992 4804 est,
1011 4743 1050 4806 ut,

247 4807 312 4862 siin
329 4807 533 4862 44414444114448
551 4807 672 4876 pulsatus
690 4805 732 4872 sit,
752 4813 885 4878 competat
900 4807 966 4862 mihi
980 4807 1050 4864 iniu-

246 4875 344 4930 riarum
362 4875 441 4930 actio.
466 4873 536 4928 idem
554 4891 616 4942 ergo
633 4879 661 4930 et
678 4873 720 4928 si⁹
735 4875 764 4928 in
780 4893 857 4930 servo
875 4877 961 4930 alieno
979 4877 1051 4930 bona

246 4939 297 4996 fide
314 4943 378 4996 mihi
395 4943 525 4998 serviente
536 4945 564 5008 ¹⁰,
587 4947 618 4996 ut
639 4941 735 4996 totiens
753 4943 923 5000 admittamus
941 4945 1050 5000 iniuria

246 5023 304 5062 rum
320 5011 463 5078 actionem*
478 5011 600 5078 quotiens
614 5011 642 5064 in
654 5025 741 5064 meam
756 5013 942 5068 contumeliam
954 5013 1051 5068 iniuria

247 5077 270 5128 ei
284 5077 358 5134 facta
375 5079 419 5134 sit.
446 5093 509 5132 nam
524 5077 610 5146 ipsius
625 5077 730 5146 quidem
744 5081 813 5134 44441
824 5081 930 5134 nomine
944 5081 1049 5136 domino

247 5143 365 5200 dabimus
386 5147 542 5202 iniuriarum
563 5145 702 5200 actionem.
738 5147 762 5200 si
785 5155 875 5204 autem
895 5165 937 5204 me
957 5153 1052 5218 tangat

246 5215 414 5282 etpulset11,
436 5215 593 5270 iniurimum
609 5215 674 5268 mibi
690 5229 796 5284 quoque
813 5223 862 5272 est.
898 5233 960 5286 ergo
978 5217 1051 5272 etin

247 5281 277 5332 49
310 5281 457 5338 fructuario
472 5283 543 5338 idem
556 5283 682 5352 distingui
694 5287 792 5354 potest.
820 5285 849 5340 Si
861 5301 966 5344 servum
978 5301 1050 5342 com·

246 5347 361 5428 plurium
389 5353 525 5420 occidero,
556 5357 706 5434 competere
734 5351 891 5410 miuriarum
917 5353 1050 5410 actionem

246 5417 364 5472 omnibus
380 5419 442 5488 plus
459 5437 540 5490 quam
555 5419 725 5476 manifestum
742 5425 797 5476 estc
1034 5449 1044 5476 ι

248 5587 276 5650 11)
293 5587 379 5640 squ²
439 5593 472 5658 (4)
490 5593 665 5656 quaestioniF
721 5595 753 5656 (41
771 5593 902 5646 dictan
956 5595 988 5660 (4]
1007 5593 1052 5660 qui

1104 1417 1170 1472 44114
1196 1423 1244 1468 144
1271 1417 1383 1484 flagellis
1412 1433 1505 1474 caesus
1523 1425 1565 1474 est
1586 1435 1603 1474 4
1627 1419 1785 1488 magistratu
1807 1427 1908 1474 nostro.

1103 1485 1175 1540 11414
1197 1489 1275 1554 putat
1297 1483 1412 1540 (14441444
1428 1485 1492 1540 muln
1508 1489 1665 1540 rmuriarum
1681 1487 1807 1542 adversus
1825 1493 1863 1554 14,
1881 1489 1910 1542 14

1106 1557 1232 1624 quantum
1250 1553 1285 1606 ob
1304 1567 1361 1606 eam
1377 1567 1434 1606 rem
1452 1569 1566 1622 aequum
1581 1555 1663 1610 iudici
1679 1555 1824 1618 videbitur,
1842 1563 1870 1612 et
1887 1555 1910 1610 si

1105 1637 1196 1676 semus
1214 1621 1371 1684 decesserit,
1396 1621 1529 1674 dominnm
1546 1621 1602 1678 eius
1626 1639 1704 1690 agere
1719 1639 1800 1692 posse
1816 1623 1909 1678 Labeo

1104 1691 1156 1754 411,
1179 1687 1292 1756 quiade
1310 1687 1419 1750 damno,
1444 1689 1515 1756 quod
1530 1705 1579 1758 per
1595 1691 1719 1744 iniuriam
1740 1691 1909 1756 factumest,

1104 1763 1119 1812 3
1154 1765 1256 1826 agatur.
1297 1761 1324 1810 et
1348 1755 1387 1810 ita
1411 1755 1536 1810 Trebatio
1560 1757 1670 1828 placuit.
1711 1757 1845 1826 Quaedam
1868 1759 1909 1814 iu·

1103 1825 1188 1880 iuriae
1210 1841 1227 1878 a
1248 1823 1340 1878 liberis
1362 1823 1514 1888 hominihus
1535 1825 1625 1878 factae
1641 1825 1711 1882 leves
1730 1831 1794 1892 (non
1811 1827 1909 1882 nullius

1103 1895 1238 1960 momenti)
1259 1891 1395 1954 videntur,
1427 1893 1557 1946 enimvero
1582 1893 1698 1948 4444414
1720 1899 1909 1962 gravassent:

1104 1961 1200 2014 4444411
1222 1959 1292 2014 enim
1313 1959 1473 2014 contumelia
1489 1975 1523 2014 ex
1544 1975 1659 2028 persona
1677 1959 1734 2014 4144
1751 1963 1799 2030 441
1816 1969 1909 2016 44414-

1103 2035 1119 2080 4
1154 2029 1259 2082 meliam
1284 2027 1356 2080 14411.
1393 2027 1459 2082 (lum
1481 2043 1572 2082 servus
1592 2027 1716 2082 iniuriam
1732 2029 1810 2094 14411,
1829 2029 1910 2084 male-

1103 2095 1193 2160 ficium
1210 2113 1270 2150 eum
1288 2095 1426 2150 admittere
1442 2095 1532 2164 palam
1549 2101 1601 2150 est:
1623 2095 1716 2150 mento
1733 2095 1815 2164 igitur
1831 2097 1911 2152 sicuti

1104 2181 1138 2218 ex
1155 2167 1250 2218 ceteris
1268 2163 1385 2230 delictis,
1407 2163 1446 2218 ita
1467 2167 1495 2218 et
1512 2163 1613 2218 44144
1634 2163 1790 2218 iniuriarum
1806 2165 1910 2218 noxalis

1104 2233 1175 2288 actio
1193 2233 1279 2300 datur,
1304 2233 1352 2294 sed
1368 2233 1397 2286 in
1413 2231 1523 2286 arbitrio
1541 2231 1640 2284 domini
1655 2237 1704 2296 441,
1721 2245 1757 2284 an
1773 2231 1836 2286 velit
1850 2247 1911 2286 eum

1104 2301 1297 2356 verberandum
1311 2301 1443 2366 exhibere,
1463 2305 1494 2354 ut
1508 2299 1547 2354 ita
1561 2299 1675 2354 satisfiat
1688 2299 1715 2354 ci
1729 2299 1775 2368 qui
1787 2299 1911 2352 iniuriam

1104 2385 1201 2440 passus
1224 2375 1277 2426 est:
1304 2385 1390 2440 neque
1412 2369 1464 2424 erit
1485 2383 1595 2422 necesse
1618 2367 1724 2422 domino
1741 2365 1833 2436 utique
1850 2383 1911 2422 eum

1105 2437 1297 2494 verberandum
1310 2441 1456 2508 praestare,
1475 2437 1522 2492 sed
1539 2435 1645 2490 dabitur
1659 2435 1684 2490 ci
1700 2435 1816 2490 14441144
1832 2451 1910 2506 prae·
1939 2443 1940 2446 ’

1105 2513 1177 2562 stare
1193 2509 1218 2562 ei
1228 2509 1248 2542 ²³
1266 2521 1370 2562 servum
1384 2505 1577 2562 verberandum
1592 2511 1647 2568 aut,
1664 2503 1688 2560 si
1701 2503 1734 2560 de
1749 2503 1911 2558 444441441-

1104 2575 1155 2632 bus
1178 2575 1243 2630 satis
1267 2591 1321 2628 nou
1343 2575 1404 2642 fiat,
1432 2589 1518 2628 noxae
1535 2573 1683 2628 dedendum
1699 2573 1741 2628 441
1757 2571 1812 2626 11114
1830 2573 1909 2626 aesti-

1106 2647 1119 2696 5
1161 2643 1303 2698 mationem
1333 2643 1517 2698 sufferendam.
1560 2641 1607 2696 Ait
1634 2647 1742 2710 praetor
1772 2641 1910 2694 ‘arbitratu

1105 2711 1229 2766 iudicis:
1258 2713 1350 2790 utique
1372 2713 1449 2780 quasi
1469 2711 1519 2764 4141
1542 2709 1619 2776 boni,
1649 2715 1680 2764 ut
1699 2711 1776 2764 ille¹⁴
1802 2709 1909 2764 modun

1106 2785 1120 2832 6
1154 2779 1293 2834 verberum
1307 2785 1433 2848 rmponat.
1460 2779 1489 2834 si
1506 2783 1569 2832 ante
1583 2777 1698 2830 iudicem
1716 2777 1838 2832 domium
1851 2793 1909 2830 ver-

1104 2847 1250 2902 berandum
1273 2863 1377 2902 servum
1394 2847 1556 2912 exhibuerit,
1579 2853 1610 2900 ut
1625 2845 1691 2900 satis
1714 2845 1868 2900 verberibus
1886 2845 1912 2898 ei

1103 2913 1193 2978 fieret,
1221 2921 1248 2968 et
1274 2915 1324 2968 erit
1348 2913 1450 2968 facturn
1475 2915 1607 2968 arbitratu
1633 2913 1746 2968 41144144
1754 2915 1783 2978 ¹⁵,
1816 2917 1911 2980 postea

1104 2989 1180 3036 actor
1202 2997 1280 3050 agere
1301 2983 1457 3036 iniuriarum
1479 2987 1644 3052 perseverat,
1667 2997 1722 3034 non
1742 2979 1910 3034 441441144-

1104 3049 1168 3102 dus:
1187 3051 1233 3116 qui
1249 3049 1319 3102 anim
1337 3049 1442 3118 accepit
1458 3049 1675 3112 satisfactionem,
1691 3049 1817 3102 iniuriam
1835 3063 1911 3102 suam

1103 3115 1212 3170 remisit.
1247 3131 1309 3170 nam
1326 3123 1353 3172 et
1375 3117 1399 3170 si
1415 3117 1488 3170 nuda
1505 3117 1644 3170 voluntate
1659 3115 1782 3170 iniuriam
1799 3115 1908 3180 remisit,

1103 3183 1251 3238 indubitate
1274 3183 1416 3238 4144441444
1438 3189 1479 3238 441
1506 3183 1623 3250 extingui
1645 3181 1803 3236 iniuriarum
1826 3183 1909 3238 actiu-

1104 3253 1194 3304 nem¹6
1214 3267 1268 3304 non
1289 3251 1390 3314 minus,
1421 3251 1545 3318 quamsi
1567 3257 1685 3318 tempore
1707 3249 1808 3304 abolita
1831 3251 1911 3304 fuerit

1105 3323 1118 3370 7
1153 3317 1257 3370 iniuria.
1293 3319 1322 3370 Si
1338 3319 1413 3372 iussu
1432 3319 1530 3370 domini
1553 3331 1642 3372 servus
1664 3317 1788 3370 iniuriam
1808 3317 1908 3382 fecerit,

1104 3385 1196 3454 utique
1214 3385 1334 3440 dominus
1352 3385 1485 3440 conveniri
1506 3385 1605 3454 poterit
1626 3385 1706 3440 etiam
1729 3401 1777 3440 suo
1796 3385 1908 3438 nomine.

1104 3453 1152 3506 sed
1166 3453 1188 3506 si
1202 3459 1368 3520 proponatur
1382 3469 1473 3508 servus
1487 3453 1672 3518 manumissus,
1686 3453 1775 3522 placet
1790 3453 1911 3508 Labeoni

1104 3521 1218 3574 dandam
1235 3521 1263 3574 in
1282 3535 1342 3574 eum
1359 3521 1499 3584 actionem,
1518 3523 1581 3590 quia
1598 3527 1625 3574 et
1635 3525 1707 3574 noxa
1724 3527 1805 3590 eaput
1823 3521 1910 3590 sequi-

1104 3593 1149 3640 tur
1165 3601 1215 3642 nec
1231 3587 1260 3640 in
1278 3589 1365 3640 omnia
1383 3601 1474 3642 444444
1492 3589 1597 3642 domino
1614 3603 1710 3656 parere
1727 3589 1820 3642 debet:
1840 3593 1910 3642 cete-

1104 3671 1163 3706 rum
1181 3661 1208 3706 et
1225 3655 1248 3708 si
1265 3655 1393 3710 occiderit
1409 3655 1485 3708 iussu
1502 3655 1613 3720 domini,
1637 3655 1760 3710 (14444114
1778 3671 1837 3710 eum
1855 3655 1910 3710 441-

1104 3727 1119 3774 8
1154 3737 1263 3778 memus.
1286 3721 1370 3776 Plane
1384 3721 1407 3778 si
1421 3721 1580 3778 defendendi
1594 3723 1693 3778 domim
1703 3723 1795 3792 ¹gratia
1812 3723 1911 3790 aliquid

1103 3789 1204 3854 fecerit,
1221 3791 1351 3844 rationem
1367 3791 1392 3844 ei
1407 3795 1530 3844 44441444
1549 3797 1668 3858 apparet,
1685 3791 1765 3857 inque
1780 3805 1839 3844 eam
1854 3805 1911 3844 rem

1104 3861 1119 3910 9
1154 3857 1281 3912 adversus
1298 3861 1420 3924 agentem
1436 3859 1557 3928 exceptio
1573 3857 1712 3912 obicienda
1728 3859 1785 3912 erit.
1813 3857 1841 3910 Si
1854 3873 1910 3910 ser-

1103 3941 1167 3988 vus,
1190 3925 1218 3976 in
1241 3941 1293 3992 quo
1319 3939 1384 3978 usus
1407 3925 1512 3980 fructus
1534 3939 1609 3980 meus
1626 3931 1681 3988 est,
1703 3925 1830 3978 iniuriam
1847 3925 1911 3978 milri

1103 3991 1210 4056 1444411,
1241 3991 1367 4046 adversus
1394 3991 1529 4046 dominum
1554 3993 1644 4048 noxali
1672 3991 1770 4048 iudicio
1797 3991 1911 4060 experiri

1103 4063 1212 4128 potero:
1241 4075 1326 4126 neque
1350 4059 1433 4114 debeo
1456 4061 1593 4114 deterioris
1616 4059 1779 4114 condicionis
1802 4061 1836 4114 ob
1859 4059 1911 4114 hcc

1104 4141 1170 4190 esse,
1189 4127 1260 4194 quod
1277 4143 1355 4180 usum
1371 4127 1488 4180 fructum
1505 4127 1534 4180 14
1552 4145 1582 4182 44
1600 4129 1701 4194 14144,
1719 4143 1799 4196 quam
1817 4127 1845 4180 si
1856 4143 1911 4180 non

1103 4195 1237 4246 haberem.
1273 4195 1350 4248 aliter
1379 4201 1458 4262 atque
1487 4195 1511 4248 si
1536 4213 1628 4250 seruus
1652 4195 1798 4250 communis
1827 4199 1909 4248 esset:

1103 4269 1167 4316 tunc
1192 4261 1261 4314 enim
1278 4279 1332 4318 non
1356 4261 1479 4318 daremus
1502 4265 1574 4318 socio
1592 4261 1736 4328 actionem,
1759 4267 1909 4330 eapropter,

1106 4335 1136 4384 14
1172 4329 1235 4396 quia
1263 4335 1290 4384 et
1318 4331 1375 4398 ipse
1403 4331 1560 4384 iniuriarum
1588 4331 1694 4384 actione
1716 4335 1830 4384 tenetur.
1864 4329 1911 4382 Ait

1103 4403 1225 4466 praetor:
1244 4397 1280 4450 ‘Si
1298 4399 1329 4462 ei,
1349 4397 1440 4466 quiin
1456 4399 1566 4452 alterius
1582 4401 1716 4466 potestate
1733 4399 1795 4462 4411,
1813 4395 1911 4450 1414414

1104 4465 1184 4518 ‘facta
1205 4481 1264 4520 esse
1285 4465 1389 4520 dicetur
1409 4471 1436 4518 et
1460 4481 1547 4532 neque
1568 4465 1605 4530 14,
1632 4465 1708 4518 44144
1730 4465 1758 4518 in
1777 4469 1912 4534 potestate

1103 4537 1161 4596 ‘est
1175 4549 1303 4600 praesens
1317 4533 1465 4600 exitusque
1479 4539 1638 4600 procurator
1653 4531 1793 4600 quisquam
1805 4531 1908 4600 existat,

1103 4603 1157 4670 ‘qui
1171 4615 1203 4656 eo
1216 4601 1323 4654 nomine
1337 4607 1412 4668 agat:
1432 4615 1514 4654 causa
1529 4599 1634 4666 cognita
1646 4599 1706 4668 ipsi,
1727 4599 1773 4668 qui
1786 4599 1909 4654 iniuriam

1106 4675 1132 4722 11
1171 4669 1317 4738 ‘accepisse
1331 4669 1442 4736 dicetur,
1459 4667 1586 4722 iudicium
1600 4667 1686 4722 dabo’.
1711 4667 1780 4720 Filio
1796 4667 1909 4724 familias

1102 4735 1226 4792 iniuriam
1242 4753 1332 4804 passo,
1350 4737 1374 4792 si
1391 4751 1516 4806 praesens
1533 4735 1596 4790 sit¹⁷
1615 4741 1698 4804 pater,
1724 4751 1803 4804 agere
1820 4741 1910 4792 tamen

1102 4821 1157 4860 non
1178 4807 1263 4874 possit
1285 4811 1395 4874 propter
1417 4803 1533 4858 14444444
1557 4803 1597 4858 441
1615 4819 1692 4874 quem
1714 4805 1794 4858 alium
1818 4819 1909 4860 casum

1103 4873 1257 4938 dementiae,
1272 4881 1337 4942 puto
1352 4879 1501 4942 competere
1514 4873 1671 4926 iniuriarum
1685 4873 1827 4928 audonem:
1846 4891 1908 4930 uam

1105 4947 1134 4996 12
1169 4947 1197 4996 et
1218 4941 1263 4996 114
1286 4945 1364 5010 pater
1385 4941 1441 4996 eius
1465 4939 1582 4996 absentis
1605 4941 1665 4996 loco
1691 4945 1739 4996 est.
1780 4941 1865 4996 Plane
1886 4945 1909 4998 si

1101 5025 1228 5080 praesens
1243 5023 1322 5078 agere
1334 5009 1410 5074 44111,
1428 5009 1469 5062 441
1487 5009 1548 5078 quia
1562 5009 1650 5062 differt
1665 5011 1707 5064 441
1723 5011 1786 5078 4414
1799 5011 1909 5066 remittit

1102 5083 1182 5146 atquc
1205 5077 1288 5132 donat
1304 5077 1441 5146 iniuriam,
1467 5077 1550 5146 magis
1567 5083 1621 5142 est,
1644 5083 1675 5130 ut
1691 5077 1746 5134 filio
1768 5081 1837 5134 44114
1855 5095 1910 5134 444

1102 5145 1193 5202 detur:
1217 5161 1279 5200 nam
1296 5149 1325 5200 et
1347 5160 1408 5200 cunr
1426 5145 1515 5212 abest,
1538 5143 1637 5200 idcirco
1660 5145 1741 5200 datur
1755 5143 1811 5202 1114
1829 5149 1908 5216 aedo,

1102 5215 1165 5284 quia
1181 5215 1322 5270 4441414114
1338 5221 1380 5272 441
1395 5221 1512 5284 patrem,
1530 5215 1554 5270 si
1571 5231 1695 5284 praesens
1712 5215 1815 5284 fuisset,
1833 5221 1908 5270 aetu-

1104 5289 1134 5338 13
1169 5301 1229 5340 rum
1245 5283 1338 5340 fuisse.
1373 5283 1509 5338 Interdum
1524 5287 1612 5338 144444
1628 5291 1754 5356 putamus
1772 5289 1799 5338 et
1820 5287 1843 5338 si
1859 5299 1908 5352 pa·

1102 5353 1172 5406 ter¹⁸
1188 5353 1320 5418 remittat,
1337 5351 1495 5406 iniuriarum
1512 5353 1642 5408 actionem
1658 5351 1714 5408 1114
1732 5351 1861 5414 dandam,
1880 5357 1910 5404 ut

1101 5421 1214 5492 putari
1235 5419 1321 5492 patris
1343 5435 1459 5492 persona
1481 5421 1540 5476 vilis
1556 5421 1713 5492 abiectaque
1730 5419 1778 5488 sit,
1795 5419 1843 5474 filii
1859 5419 1908 5470 iro·

1102 5593 1149 5662 (ta)
1166 5593 1428 5662 quinquagesimoscr.
1488 5593 1677 5662 (141414141Ρῖ
1737 5593 1779 5652 (14)
1798 5587 1909 5636 4111411

245 5653 343 5706 aduini
356 5659 476 5712 similiave
491 5663 536 5714 ins.
607 5664 639 5727 (t)
656 5663 680 5712 si
693 5663 777 5716 2¹an
839 5665 874 5730 (6)
890 5663 1059 5730 promititur*
1103 5661 1425 5728 (1414114414411114444.
1503 5665 1550 5730 (111)
1566 5665 1665 5714 44114114
1679 5659 1707 5710 F
1775 5655 1820 5718 (lt)
1838 5665 1908 5716 11441·

247 5723 514 5792 (71414171411411
584 5733 618 5796 (8)
635 5745 716 5782 meam
729 5731 774 5782 144.
791 5733 849 5784 deti.
916 5733 951 5794 (1)
968 5731 990 5782 si
1005 5733 1051 5784 det

247 5791 290 5850 1141
308 5793 425 5844 servienti
437 5797 462 5844 F
524 5799 566 5860 (11)
584 5799 605 5846 si
620 5801 703 5848 autem
716 5815 756 5848 me
768 5803 798 5848 ut
810 5803 897 5864 tangat
908 5799 993 5866 pulset
1004 5819 1051 5854 sor.

1103 5731 1216 5782 sensitfr'
1277 5731 1323 5796 (ts)
1340 5731 1447 5798 paterS,
1460 5733 1591 5796 partemF
