4366 6258
250 379 529 432 onrscnrronrnus
929 349 1112 464 mttt
1718 349 1872 418 XXXXV
1898 369 1908 418 1

249 549 285 608 sio
310 543 401 606 debuit
416 541 551 612 interponi
572 541 723 610 stipulatio,
747 547 789 608 ut,
812 541 837 598 si
859 557 921 598 eum
938 541 1054 596 emanci-
1108 539 1203 594 deinde
1226 539 1254 594 in
1282 541 1429 596 continenti
1457 539 1529 616 inter
1550 541 1690 614 utrumque
1719 535 1855 598 convenit,
1885 541 1916 590 ut

249 619 337 690 passet
363 611 405 666 sel
428 611 630 676 exheredasset,
659 615 763 664 certum
792 611 855 680 quid
879 611 1054 680 promitteret.
1107 607 1177 660 intra
1199 607 1329 664 kalendas
1352 607 1459 678 Apriles
1488 619 1587 676 primas
1613 615 1762 684 universum
1786 617 1914 682 summam

250 699 299 754 quo
318 687 407 734 amen
422 693 487 734 casu
506 679 646 732 commissa
659 677 831 748 stipulatione
847 685 936 750 potest
954 677 1054 760 quaeri,
1082 709 1084 712 -
1107 675 1248 730 mandator
1265 683 1417 730 numeraret
1434 683 1461 730 et
1481 677 1575 756 hortos
1592 673 1734 742 acciperet.
1768 677 1914 752 quaerant,

249 769 282 808 sn
306 745 465 802 exheredato
488 745 694 814 permittendum
716 753 788 802 essct
809 747 898 802 dicere
915 745 948 800 de
965 741 1054 800 mohi-
1108 759 1168 800 oum
1191 751 1254 800 ante
1275 745 1404 800 kalendas
1422 745 1527 812 Aprdes
1550 759 1605 796 non
1627 755 1703 796 omne
1724 745 1836 808 piretrum
1856 753 1914 796 cum

250 817 339 876 closo?
356 815 481 878 maxime,
500 813 523 868 si
540 813 611 880 patri
628 815 745 870 naturali
761 815 840 870 heres
858 813 1001 878 extitisset,
1019 827 1056 866 an
1107 811 1196 868 usuris
1220 829 1237 866 a
1260 813 1344 868 Lucio
1363 813 1432 866 Titio
1456 811 1532 868 Seiae
1550 811 1667 866 solutum
1688 807 1734 876 sit,
1760 807 1915 878 interposito

249 889 315 944 ricto
338 881 494 952 deneganda
515 887 557 936 est
578 897 612 936 cr
633 883 669 938 sti
686 885 763 936 ulatu
787 883 876 936 ιιιιοι
911 881 958 934 ιιι
981 883 1004 934 ιι
1021 881 1054 944 ιι,
1108 885 1197 934 tamen
1213 879 1317 934 modico
1334 886 1453 950 tempore
1469 879 1600 950 reliquum
1617 877 1731 948 pretium
1748 893 1809 932 cum
1826 877 1915 932 usuris

250 955 291 1026 qui
314 953 458 1032 stipulatus
482 955 536 1016 est,
560 967 613 1006 non
636 901 727 1006 deiuit
749 949 875 1018 denegari
896 951 968 1004 sicto
990 949 1054 1014 fibo,
1108 945 1185 1002 Seiae
1203 947 1288 1002 Titius
1307 949 1408 1002 solvere
1430 953 1541 1018 paratus
1559 947 1640 1002 inerit
1662 961 1749 1016 neque
1765 945 1827 1002 Seia
1844 947 1914 1002 acci-

250 1039 296 1080 nec
313 1021 366 1090 ipsr
389 1017 543 1088 deneganda
565 1019 616 1074 erit
633 1019 738 1074 debitae
762 1017 893 1088 pecuniae
909 1017 1053 1072 exsecutio.
1107 1029 1172 1084 pere
1193 1015 1276 1070 voluit
1298 1021 1326 1068 et
1348 1033 1433 1084 nsque
1455 1017 1484 1072 ιιι
1506 1015 1663 1072 hodiernum
1680 1033 1728 1086 per
1746 1015 1845 1070 Titium
1862 1033 1915 1070 uon

248 1095 274 1148 in
296 1105 327 1144 eo
352 1093 455 1152 autem,
487 1087 532 1156 qui
550 1105 604 1144 non
622 1087 771 1158 adoptavit,
796 1101 874 1156 quem
891 1087 1056 1140 intellectum
1107 1089 1173 1148 stet,
1197 1083 1354 1152 quominus
1377 1085 1509 1166 reliquum
1525 1087 1652 1150 solveret,
1676 1087 1810 1142 annihila
1829 1085 1914 1138 minus

249 1159 345 1216 habeat
361 1157 429 1210 haec
446 1157 583 1226 conceptio
608 1157 638 1210 ‘si
655 1173 715 1212 eum
733 1155 810 1210 aliter
827 1171 908 1222 quam
924 1159 955 1208 ut
972 1153 1055 1210 filium
1107 1151 1208 1208 Lucius
1226 1151 1320 1222 Titius,
1338 1151 1380 1208 ιι8
1397 1153 1473 1210 Seme
1490 1153 1640 1210 universam
1658 1155 1797 1224 pecuniam
1814 1155 1916 1210 solvere

250 1225 440 1290 observasset,
469 1241 523 1280 non
551 1225 715 1294 prospicio¹:
746 1239 781 1278 an
803 1227 831 1276 et
859 1223 902 1276 hio
926 1223 1053 1292 exigimus
1107 1225 1219 1292 paratus
1246 1221 1295 1286 sit,
1327 1237 1360 1276 ex
1388 1221 1518 1290 stipulatu
1545 1237 1623 1292 agere
1649 1225 1743 1294 possit.
1778 1225 1917 1294 respondit

249 1291 477 1350 exheredationem
494 1293 534 1348 vel
554 1291 802 1360 emancipationem,
821 1307 864 1348 res
881 1291 909 1344 in
927 1297 1053 1348 extraneo
1107 1307 1202 1360 posse,
1230 1291 1253 1344 sl
1281 1305 1335 1344 non
1364 1291 1447 1344 multo
1475 1297 1537 1360 post
1560 1291 1701 1372 optulisset
1727 1309 1776 1348 nec
1799 1293 1916 1348 mulieris

248 1363 369 1432 ineptas?
386 1363 432 1418 sed
449 1363 471 1416 si
488 1361 525 1426 is,
545 1361 591 1428 qui
608 1361 722 1430 legitime
739 1359 889 1430 adoptarit,
908 1361 973 1414 nihil
989 1363 1056 1416 lacit
1108 1361 1250 1430 quicquam
1268 1363 1378 1426 propter
1394 1373 1453 1412 eam
1467 1375 1569 1414 moram
1582 1367 1737 1416 mteresset:
1756 1363 1827 1432 quod
1841 1377 1917 1416 omne

249 1439 339 1486 contra
357 1431 438 1486 verba
455 1429 648 1498 stipulationis,
668 1445 729 1484 cum
746 1429 830 1484 utitur
846 1429 935 1498 patrio
953 1429 1011 1484 iure
1028 1431 1055 1484 in
1109 1435 1122 1482 3
1157 1427 1197 1482 ad
1210 1427 1305 1482 indicis
1323 1425 1500 1496 cognitionem
1516 1429 1701 1482 remittendum
1719 1437 1767 1486 est,
1800 1429 1842 1484 Ea
1859 1430 1916 1498 lege

248 1515 285 1564 co,
308 1497 353 1564 qui
370 1499 454 1552 haec²
471 1513 526 1552 non
542 1495 620 1564 iecit,
644 1497 724 1552 dicit3
742 1513 920 1568 supervacuo:
945 1499 996 1554 dici
1013 1505 1053 1552 ta-
1108 1497 1236 1552 donatum
1254 1495 1304 1552 sibi
1322 1511 1381 1550 esse
1398 1511 1415 1548 a
1433 1495 1494 1550 Seia
1511 1511 1614 1550 servum
1631 1503 1658 1552 et
1675 1499 1815 1564 traditum,
1838 1505 1868 1552 ιιι
1883 1515 1917 1552 ne

251 1573 261 1620 1
296 1581 357 1618 men
370 1567 468 1636 poterit
482 1567 648 1620 commissam
662 1581 720 1620 esse
733 1565 941 1636 stipulationem.
969 1567 1054 1622 Filius
1107 1567 1143 1620 ad
1165 1563 1277 1618 fratrem
1301 1563 1358 1618 eius
1382 1569 1429 1616 aut
1445 1561 1529 1618 filium
1547 1569 1593 1618 aut
1610 1581 1722 1620 uxorem
1745 1573 1794 1620 aut
1810 1583 1917 1620 socrum

248 1633 360 1690 famihas
377 1635 416 1688 ita
433 1633 575 1702 stipulatus
593 1639 647 1690 est:
673 1637 808 1706 ‘quantam
825 1635 966 1704 pecuniam
983 1635 1054 1690 Titio
1106 1633 1269 1702 perveniret,
1295 1631 1403 1700 scripsit
1419 1637 1447 1684 et
1468 1631 1536 1684 haec
1559 1631 1596 1684 ita
1614 1633 1758 1702 stipulante
1776 1633 1836 1690 Seia
1855 1651 1915 1704 spo-

248 1699 399 1768 credidero,
417 1703 471 1756 fide
488 1707 535 1756 tua
553 1717 612 1758 esse
628 1703 704 1758 iubes
711 1705 732 1758 ι’
751 1709 777 1756 et
796 1705 978 1774 emancipatus
997 1721 1053 1760 cre·
1107 1701 1201 1770 pendit
1224 1699 1324 1766 Titius,
1348 1699 1393 1768 qui
1414 1705 1476 1768 post
1501 1699 1636 1754 biennium
1659 1701 1770 1756 heredes
1794 1703 1917 1772 ιιιιιιιιιι9

248 1769 324 1824 didit:
342 1771 414 1840 patri
431 1787 485 1826 non
503 1771 610 1826 debebit
626 1771 780 1838 fideiussor,
805 1771 868 1842 quia
884 1789 934 1828 nec
951 1789 1012 1828 reus
1031 1771 1055 1828 ei
1108 1771 1195 1826 Seiam
1220 1777 1246 1824 et
1271 1769 1395 1834 fratrem,
1420 1767 1463 1822 cui
1481 1783 1514 1822 ne
1532 1769 1655 1836 serviret,
1674 1785 1827 1840 expressum
1846 1777 1915 1824 erat:

248 1843 358 1894 ιιιιιιιιι.
1109 1839 1247 1906 quaeritur
1271 1853 1305 1892 an
1327 1837 1466 1894 Seianum
1484 1835 1566 1892 fratre
1590 1843 1617 1894 et
1634 1838 1764 1894 coherede
1782 1855 1814 1894 ex
1832 1839 1916 1910 stipu-

282 1903 339 1964 133
364 1905 515 1962 Scnnronn
547 1909 615 1964 libro
638 1909 716 1964 tertio
743 1909 844 1964 dcccmo
869 1911 1054 1978 quaestionum
1106 1909 1164 1960 latu
1181 1923 1260 1976 agere
1277 1907 1370 1976 possit.
1405 1905 1543 1974 respondit
1566 1921 1646 1974 posse
1662 1907 1691 1960 in
1707 1907 1747 1972 id,
1772 1907 1842 1976 quod
1860 1909 1917 1962 eius

248 1975 273 2028 Si
290 1975 329 2028 sic
348 1975 492 2044 stipulatus
506 1975 570 2032 sim:
590 1981 684 2044 ‘neque
701 1993 749 2070 per
765 1983 793 2030 te
809 1993 896 2044 neque
914 1993 962 2044 per
978 1977 1054 2032 here·
1107 1981 1122 2028 4
1157 1975 1276 2030 interest.
1311 1975 1389 2040 Filia,
1407 1989 1474 2042 quae
1492 1973 1524 2028 de
1541 1973 1690 2030 inofficioso
1708 1991 1786 2042 agere
1803 1975 1918 2030 instituit

248 2041 314 2096 ‘dem
331 2046 408 2097 tuum
425 2043 477 2098 ιιιιι
494 2043 553 2098 fieri
568 2045 702 2114 spondes?
728 2051 756 2100 et
770 2045 819 2110 egi,
838 2045 910 2112 quod
923 2045 987 2098 mihi
1003 2045 1055 2098 rim
1107 2047 1135 2098 et
1152 2043 1281 2114 mansegit
1297 2049 1392 2110 postea
1409 2059 1470 2098 cum
1487 2041 1628 2098 heredibus
1646 2043 1818 2110 stipulatione
1834 2043 1917 2096 inter-

246 2109 347 2176 feceris,
365 2119 438 2166 recte
452 2125 589 2166 remanere
602 2111 705 2166 factum
713 2113 819 2166 heredis
832 2113 860 2164 iu
874 2113 1053 2182 stipulatione.
1106 2111 1195 2178 posita
1213 2119 1240 2164 ct
1257 2111 1377 2164 subiecta
1394 2109 1449 2166 dcli
1464 2111 1591 2174 clausula,
1610 2111 1683 2178 apud
1699 2109 1865 2178 praefectum
1883 2111 1915 2164 do

246 2191 307 2232 nam
328 2183 356 2232 et
378 2179 516 2248 exipsius
540 2179 687 2248 posteriore
705 2179 732 2234 vi
752 2185 843 2248 potest
862 2179 990 2234 committi
1007 2181 1054 2234 sti·
1107 2179 1176 2232 falso
1200 2183 1361 2232 testamento
1385 2179 1438 2248 egit
1459 2195 1509 2232 nec
1534 2179 1670 2248 probarit:
1694 2193 1807 2246 quaero,
1832 2193 1866 2230 an
1885 2193 1917 2230 ex

246 2245 360 2314 pulatio:
378 2261 433 2300 uon
449 2247 518 2300 enim
536 2247 570 2300 ad
587 2263 670 2302 unam
686 2247 738 2300 rim
754 2247 878 2316 pertinet.
906 2263 966 2302 nam
984 2245 1055 2302 sicut
1107 2245 1162 2300 doli
1190 2246 1311 2302 clausula
1341 2247 1427 2314 possit
1457 2245 1600 2302 conveniri.
1639 2245 1764 2312 respondi
1791 2245 1857 2298 nihil
1882 2243 1917 2296 ad

247 2317 272 2368 ct
287 2313 372 2380 ipsius
390 2319 417 2368 et
433 2313 538 2368 heredis
556 2319 648 2384 caput,
671 2315 711 2368 ita
728 2315 812 2382 ipsius
829 2315 868 2368 vis
890 2317 931 2368 vel
949 2317 1054 2384 saepius
1106 2329 1165 2368 eam
1184 2315 1383 2382 stipulationem
1398 2313 1439 2380 id,
1463 2313 1534 2382 quod
1556 2317 1651 2382 postea
1675 2319 1763 2366 actum
1784 2327 1916 2380 propone-

246 2379 317 2434 r'acta
335 2381 546 2450 complectiturt,
563 2389 594 2436 ut
614 2383 804 2436 condemnetur
824 2383 917 2452 quanti
933 2383 1053 2438 interest.
1106 2387 1193 2446 retur,
1211 2383 1354 2450 pertinere.

246 2455 292 2502 aut
309 2449 332 2502 si
349 2449 388 2504 sio
405 2449 527 2504 volumus
542 2449 639 2504 iactam
658 2465 716 2506 esse
730 2449 764 2504 sti
784 2449 942 2508 elationem:
962 2455 1055 2518 ‘neque
1144 2445 1204 2506 136
1229 2449 1347 2506 Psaros
1371 2449 1439 2506 libro
1469 2451 1562 2518 qscinto
1590 2449 1780 2502 testicationem
1815 2447 1844 2500 Si
1867 2449 1916 2500 sub

247 2521 302 2596 ‘per
318 2521 346 2570 ιι
364 2533 448 2584 neque
465 2533 513 2586 per
530 2517 655 2572 heredem
671 2523 747 2572 tuum
764 2467 857 2584 Eerii',
875 2523 907 2572 ut
923 2519 958 2572 ad
974 2535 1056 2572 unam
1106 2533 1161 2572 una
1178 2517 1371 2586 significatione
1389 2517 1499 2574 ιιιιιιιιι
1516 2515 1667 2572 nominihus
1684 2533 1716 2572 ea
1734 2533 1784 2582 res,
1803 2533 1871 2584 qnae
1889 2517 1917 2568 in

246 2601 295 2638 nm
312 2585 425 2652 primam
442 2589 547 2640 teneat:
566 2585 590 2640 si
606 2587 658 2638 rim
675 2585 777 2652 iecerit,
796 2587 910 2656 amphus
928 2601 961 2640 ex
978 2587 1054 2642 here·
1107 2587 1261 2656 stipulatum
1285 2585 1438 2652 deducitur,
1460 2601 1476 2640 a
1496 2587 1623 2654 pellatur,
1646 2601 1701 2638 non
1718 2583 1833 2638 infirmat
1851 2583 1915 2638 obli-

246 2651 284 2706 dis
302 2653 432 2706 committi
448 2669 503 2706 nou
518 2653 631 2722 poterit:
650 2669 713 2722 ergo
731 2653 755 2708 si
772 2659 863 2708 actum
880 2653 915 2710 sit
932 2655 1008 2722 quasi
1023 2671 1055 2708 err
1110 2659 1119 2704 i
1157 2653 1303 2722 gationem,
1331 2655 1353 2708 si
1380 2655 1448 2710 alter
1470 2603 1652 2708 siceratores
1671 2657 1769 2706 utatur.
1805 2653 1847 2716 Si,
1873 2651 1916 2718 qui

245 2719 328 2788 ipsius
346 2721 380 2784 si,
398 2725 456 2776 tota
474 2725 632 2792 consumpta
648 2721 713 2776 sit⁵:
737 2721 809 2790 quod
825 2737 879 2776 uon
898 2727 939 2776 est
955 2737 1054 2776 return.
1108 2721 1174 2776 riam
1193 2721 1357 2776 adiendum
1375 2737 1452 2776 suum
1469 2721 1528 2776 dari
1546 2721 1688 2790 stipulatus
1706 2719 1800 2786 fuerit,
1823 2725 1918 2790 postea

281 2783 340 2846 134
368 2787 486 2842 Paucos
515 2789 584 2844 libro
615 2789 708 2858 quinto
735 2791 837 2844 decimo
866 2805 1055 2860 responsorum
1106 2789 1218 2842 fundum
1243 2795 1378 2860 partemve
1400 2791 1458 2842 eius
1486 2795 1549 2844 ante
1571 2789 1742 2844 constitutam
1765 2791 1917 2842 servitutem

247 2855 327 2920 Titia,
353 2871 422 2936 quae
438 2871 472 2910 ex
489 2857 542 2910 alio
559 2857 643 2910 filium
659 2855 790 2920 habebat,
813 2857 842 2910 in
859 2857 1055 2910 matrimonium
1107 2857 1267 2922 alienaverit,
1286 2857 1421 2914 evanescit
1437 2857 1581 2926 stipulatio.

247 2923 299 2976 coit
316 2923 383 2978 Gaio
394 2923 455 2978 Seio
473 2923 583 2978 habenti
599 2923 693 2976 filiam:
713 2929 741 2978 et
757 2929 877 2992 tempore
894 2925 1054 2978 matrimonii
1144 2921 1202 2980 137
1227 2925 1397 2980 Vennenses
1417 2925 1486 2978 libro
1497 2927 1590 2994 primo
1607 2925 1812 2996 stipulationum
1848 2923 1917 2976 Con·

247 2995 450 3056 consenserunt,
475 2995 505 3044 ut
526 2989 582 3044 filia
600 2989 660 3044 aad
681 2989 735 3046 Seii
756 2989 812 3046 filio
830 2991 918 3046 Titiae
941 2991 1054 3058 despon-
1106 2991 1199 3046 ιιιιιιιιι
1225 2997 1302 3046 actus
1328 2991 1482 3062 stipulantis
1505 2997 1532 3046 et
1553 2991 1731 3060 promittentis
1757 3007 1815 3046 esse
1838 2991 1918 3046 debet

247 3059 360 3124 deretur,
378 3063 405 3112 ct
422 3059 609 3128 interpositum
626 3065 667 3112 est
683 3059 889 3114 instrumentum
907 3063 933 3112 et
950 3059 1056 3112 adiecta
1107 3063 1148 3124 (ut
1173 3067 1264 3114 tamen
1290 3059 1398 3128 aliquod
1427 3065 1587 3114 momentum
1618 3065 1731 3114 naturae
1758 3059 1917 3114 intervenire

246 3141 345 3196 poena,
370 3127 392 3180 si
416 3127 474 3194 quis
498 3143 589 3180 eorum
613 3127 712 3196 nuptiis
735 3127 922 3196 impedimento
946 3125 1054 3182 inisset:
1106 3127 1201 3196 possit)
1229 3133 1256 3182 et
1280 3127 1428 3182 comminus
1455 3127 1612 3196 responderi
1637 3129 1776 3196 stipulanti
1799 3133 1917 3196 oportet:

246 3199 339 3262 postea
353 3193 437 3250 Gaius
455 3193 531 3248 Seius
550 3199 688 3248 constante
706 3195 873 3248 matrimonio
892 3193 961 3248 diem
978 3211 1056 3248 suum
1108 3201 1225 3248 ceterum
1255 3191 1276 3248 si
1304 3201 1365 3262 post
1392 3193 1626 3262 interrogationem
1649 3194 1721 3250 aliud
1745 3197 1878 3264 acceperit
1889 3199 1917 3256 ι’,

247 3263 311 3316 obiit
334 3267 361 3316 et
383 3261 441 3316 filia
464 3259 521 3316 eius
546 3261 633 3316 noluit
646 3261 768 3316 nubere:
797 3277 910 3330 quaero,
938 3277 972 3314 an
995 3259 1056 3316 Gaii
1109 3265 1120 3314 1
1157 3261 1224 3314 nihil
1237 3261 1362 3332 proderit,
1379 3263 1601 3330 quamviseadem
1616 3263 1659 3316 die
1672 3263 1867 3334 spopondisset.
1891 3265 1918 3316 Si

247 3331 298 3386 Seii
314 3329 425 3384 heredes
442 3333 585 3384 teneantur
602 3345 635 3382 ex
653 3329 832 3398 stipulatione.
867 3329 1005 3396 respondit
1022 3343 1056 3382 ex
1106 3329 1240 3382 hominem
1263 3331 1298 3384 sti
1318 3331 1407 3384 ulatus
1432 3329 1480 3382 sim
1504 3335 1530 3384 et
1553 3345 1601 3398 ego
1619 3331 1652 3386 de
1670 3331 1722 3386 alio
1741 3347 1863 3396 sensero,
1887 3337 1918 3384 tu

247 3397 425 3468 stipulatione,
443 3413 512 3478 quae
528 3401 735 3466 proponeretur,
759 3415 820 3452 curn
837 3413 892 3452 non
910 3395 1056 3452 secuudum
1108 3397 1221 3464 beabo,
1245 3347 1317 3452 nihiiJ
1333 3397 1387 3452 acti
1409 3397 1470 3452 erit:
1496 3413 1558 3452 uam
1575 3399 1711 3466 stipulatio
1729 3415 1762 3454 ex
1781 3399 1918 3468 utriusque

246 3469 330 3520 honos
347 3481 434 3520 mores
451 3465 609 3534 interpositu
626 3465 672 3530 sit,
695 3465 784 3532 agenti
801 3465 984 3534 exceptionem
1002 3465 1056 3520 doli
1108 3469 1122 3518 'l
1159 3481 1293 3520 consensu
1323 3463 1467 3532 perficitur.
1518 3465 1584 3520 ilum
1615 3467 1653 3520 ita
1682 3467 1826 3536 stipulatus
1858 3483 1917 3522 sum

246 3535 308 3590 mali
325 3535 503 3598 obstaturam,
522 3533 584 3600 quia
601 3533 771 3586 inhonestum
788 3533 875 3586 ιιιιιιιι
893 3539 933 3586 ιιι
950 3531 1055 3587 mutulo
1108 3531 1218 3600 ‘Ephesi
1237 3533 1323 3586 darii’
1349 3533 1419 3586 inest
1435 3539 1554 3602 tempus:
1573 3535 1645 3604 quod
1663 3541 1750 3588 autem
1768 3535 1855 3604 accipi
1871 3535 1917 3590 de-

246 3619 348 3674 poenae
370 3601 555 3656 matrimonia⁰
578 3601 709 3682 obstringi
731 3601 786 3654 sive
809 3599 903 3652 futura
926 3599 981 3654 sive
1003 3601 1056 3654 iarn
1106 3601 1177 3666 beat,
1196 3601 1341 3668 quaeritur.
1370 3607 1396 3656 et
1412 3601 1496 3682 magis
1512 3607 1565 3668 est,
1584 3607 1614 3656 ut
1631 3607 1715 3658 totam
1733 3619 1791 3658 eam
1808 3619 1864 3658 rem
1883 3603 1917 3658 ad

249 3679 258 3724 t
296 3675 444 3724 contracta.
479 3667 551 3726 Idem
567 3667 720 3736 respondit:
744 3669 900 3736 plerumque
917 3683 962 3732 ea,
987 3685 1056 3736 quae
1106 3667 1234 3732 iudicem,
1262 3667 1289 3722 id
1314 3673 1355 3724 est
1382 3667 1417 3722 ad
1439 3685 1524 3724 vuum
1547 3671 1647 3725 bonum
1669 3673 1848 3736 remittamus,
1873 3673 1918 3740 qui

246 3737 456 3808 praelationibus
494 3735 649 3792 convenisse
681 3735 882 3806 concipiuntur,
917 3735 996 3790 etiam
1028 3737 1056 3790 ιιι
1107 3737 1236 3802 aestimet,
1256 3741 1355 3804 quanto
1370 3741 1423 3790 tem
1442 3753 1488 3790 ore
1506 3737 1615 3808 diligens
1632 3739 1838 3808 paterfamilias
1853 3757 1917 3796 con·

248 3805 460 3876 stipulationibus
494 3805 607 3886 repetita
635 3805 793 3870 creduntur,
829 3805 868 3858 sic
893 3811 996 3870 tamen,
1026 3811 1056 3858 ut
1106 3805 1187 3858 licere
1208 3805 1307 3874 possit,
1336 3803 1407 3874 quod
1423 3753 1563 3860 iacturum
1586 3823 1614 3860 se
1636 3807 1800 3874 promiserit,
1824 3807 1918 3876 utqui

246 3891 299 3928 non
322 3891 355 3930 ex
377 3889 408 3928 ea
431 3873 589 3942 repetitmne
611 3871 711 3928 inutilis
737 3871 886 3928 efficiatur⁷
909 3873 1055 3940 stipulatio.
1106 3871 1209 3942 Ephesi
1226 3871 1350 3928 daturum
1368 3889 1397 3928 se
1418 3873 1604 3944 spoponderit,
1626 3889 1711 3944 neque
1734 3875 1915 3942 duplomate¹¹

248 3947 261 3996 2
296 3943 369 3996 Idem
386 3941 538 4010 respondit,
562 3957 623 3994 oum
640 3941 772 4008 Septicius
789 3939 886 3996 litteris
904 3943 960 3996 suis
977 3957 1055 4010 prae·
1107 3941 1200 3996 diebus
1228 3955 1261 3994 ac
1283 3941 1407 3996 noctibus
1434 3947 1461 3996 et
1485 3943 1555 3996 omni
1582 3947 1740 4012 tempestate
1763 3949 1917 4012 contempta

247 4015 379 4066 staturum
404 4009 551 4064 secaverit
572 4009 1054 4078 pecuniametusuraseiussemis-
1106 4009 1156 4062 iter
1183 4009 1370 4062 ιοιιιιιιιιιιι12
1394 4017 1506 4078 cogatur
1532 4025 1617 4078 neque
1643 4015 1696 4064 tam
1721 4011 1833 4066 delicate
1852 4027 1917 4078 pro·

247 4093 301 4144 ses,
325 4093 393 4144 quac
412 4075 484 4146 apud
501 4077 684 4146 Sempronium
702 4075 838 4146 depositae
855 4075 923 4132 sint:
947 4077 971 4132 si
986 4077 1056 4132 inter
1106 4077 1181 4144 gredi
1198 4075 1307 4142 debeat,
1326 4081 1356 4130 ut
1373 4077 1579 4144 reprehensione
1597 4079 1690 4148 dignus
1709 4083 1851 4148 appareat,
1870 4077 1915 4132 sed

246 4151 398 4214 praesentes
422 4149 511 4198 actum
535 4151 588 4214 est,
611 4145 816 4214 intellegendum
838 4145 918 4198 etiam
941 4159 958 4198 a
998 4153 1056 4200 arte
1106 4145 1200 4198 habita
1226 4143 1330 4200 ratione
1363 4145 1491 4216 temporis
1518 4145 1613 4202 aetatis
1643 4163 1720 4202 sexus
1751 4145 1916 4210 valetudinis,

248 4219 261 4266 3
296 4213 375 4268 Lucii
391 4213 455 4268 Titii
471 4213 650 4294 praecessisse
666 4213 749 4268 verba
766 4213 954 4282 stipulationis.
979 4163 1055 4270 idem
1107 4229 1168 4268 cum
1185 4213 1212 4266 id
1230 4219 1302 4282 agat,
1319 4219 1350 4268 ut
1364 4219 1467 4268 mature
1503 4215 1628 4278 erreniat,
1646 4213 1673 4268 id
1691 4213 1917 4270 esteodemtem-

246 4283 390 4362 respondit,
409 4287 531 4360 quotiens
553 4283 675 4350 pluribus
694 4281 844 4350 specialiter
865 4281 953 4352 pactis
971 4283 1054 4352 stipa·
1106 4297 1184 4402 pore,
1211 4297 1263 4352 quo
1280 4281 1400 4352 plerique
1418 4231 1535 4338 auscium
1553 4281 1716 4336 condicionis
1734 4281 1854 4360 homiues
1873 4297 1916 4336 so-

246 4349 309 4406 latro
333 4365 387 4402 una
411 4350 533 4406 omnibus
554 4351 698 4418 subicitur,
722 4351 841 4432 quamvis
865 4367 919 4406 una
941 4349 1054 4406 interro·
1115 4357 1161 4404 ent
1190 4351 1335 4420 pervenire.
1377 4367 1461 4432 eoque
1491 4355 1643 4414 transacto,
1672 4365 1792 4418 quamms
1815 4349 1917 4402 Romae

247 4417 317 4486 gatio
335 4425 363 4474 et
378 4435 538 4488 responsum
554 4435 638 4474 uuum
655 4417 811 4486 subio1atur,
836 4425 927 4474 tamen
944 4419 1055 4488 proinde
1106 4419 1263 4474 remanserit
1280 4435 1330 4474 neo
1354 4423 1438 4490 possrt
1454 4417 1557 4486 Ephesi
1573 4417 1715 4488 pecuniam
1732 4417 1809 4482 dare,
1834 4417 1914 4470 nihils

248 4485 351 4554 haberi,
375 4501 408 4540 ac
431 4487 455 4542 ιι
476 4487 597 4558 singulae
618 4487 721 4558 species
743 4489 771 4540 in
794 4487 993 4556 stipulationem
1010 4489 1054 4542 de·
1106 4487 1193 4542 minus
1207 4489 1232 4542 ei
1246 4493 1318 4542 recte
1334 4487 1495 4554 condicatur,
1510 4485 1552 4540 vel
1566 4485 1629 4558 quia
1642 4485 1791 4556 peripsum
1806 4487 1917 4550 steterit,

248 4553 342 4608 diaetae
359 4555 482 4610 fuissent.
1124 4573 1160 4610 no
1176 4555 1276 4610 minus
1303 4555 1403 4626 Ephesi
1427 4555 1515 4622 daret,
1544 4555 1584 4608 rel
1612 4551 1737 4622 quoniam
1765 4555 1916 4622 paralium

284 4619 342 4680 135
361 4621 512 4678 Scassoas
534 4621 603 4678 libro
625 4625 720 4694 quinto
743 4641 934 4696 responsorum
974 4625 1056 4678 Silta
1134 4623 1212 4694 phesi
1234 4623 1320 4693 possit
1341 4625 1399 4678 dari
1419 4624 1461 4678 sel
1484 4621 1547 4690 quia
1568 4621 1668 4690 ubique
1688 4627 1778 4690 potest
1800 4621 1915 4676 solvere:

248 4691 305 4758 quis
322 4691 486 4760 promiserit:
511 4689 612 4744 ‘decem
628 4691 678 4744 tibi
695 4691 778 4758 dabo,
803 4709 856 4762 qua
873 4693 916 4746 die
938 4693 1055 4762 petieris,
1106 4707 1169 4746 nam
1186 4697 1214 4746 et
1230 4691 1302 4762 quod
1318 4693 1346 4746 in
1361 4693 1429 4746 diem
1443 4691 1562 4756 debetur,
1581 4697 1644 4744 ante
1657 4689 1724 4744 solvi
1739 4693 1836 4756 potest,
1853 4689 1917 4744 licet

248 4759 282 4812 ‘ct
304 4775 396 4816 eorum
417 4775 514 4814 usuras
536 4759 564 4810 in
587 4759 643 4814 dies
665 4759 793 4828 triginta’,
821 4777 934 4830 quaero,
958 4777 1056 4816 usurae
1106 4761 1162 4828 peti
1185 4775 1240 4816 nou
1262 4765 1359 4828 potest.
1394 4759 1465 4828 quod
1482 4759 1506 4814 ιι
1523 4757 1675 4828 duplomate
1698 4771 1763 4812 usus
1781 4761 1828 4810 aut
1845 4757 1917 4812 felici

248 4833 336 4948 littt
354 4825 746 4950 tttttttttttat
759 4827 984 4950 indubii?
997 4845 1055 4884 ⁵⁰³⁵
1106 4825 1916 4964 ”iiiiiiE‘Uilisiliisiuihiliifliiiiii'

248 4935 411 5030 poner’entur
436 4979 470 5020 ex
495 4935 538 5018 die
563 4909 873 5032 stipulationisucetern
906 4913 1056 5020 iiisieeiirrid
1106 4913 1175 5034 {iii
1194 4913 1484 5032 Eiqueesfamitgfinitum
1502 4909 1670 5026 est2i1ullus
1688 4909 1916 5042 est’cinieoturae

252 5035 260 5080 l
297 5039 387 5086 sctum
404 5031 543 5114 manifeste
560 5031 729 5100 probaretur.
754 5033 822 5128 Item
839 5033 989 5112 quaesitum
1007 5037 1056 5098 est,
1108 5041 1122 5088 3
1157 5035 1242 5088 locus.
1265 5035 1335 5114 item
1353 5031 1529 5112 qui'insulam
1544 5029 1605 5110 lieri
1622 5029 1774 5152 spopondit,
1790 5049 1846 5112 non
1862 5033 1915 5086 uti-

248 5101 354 5222 titii?
371 5117 517 5238 iiiiii
534 5099 992 5238 stititttttatatatt
1023 5117 1056 5236 ι’,
1106 5099 1915 5240 ditatamattrutinat,attinentis

249 5235 262 5284 2
297 5253 349 5304 quo
374 5237 511 5306 stipulatio
535 5235 607 5290 iacta
629 5241 712 5302 esset,
734 5233 838 5290 initium
856 5243 961 5304 capere.
995 5235 1057 5290 Seia
1108 5241 1249 5292 contentus
1266 5251 1333 5300 esse,
1352 5235 1399 5288 sed
1417 5233 1509 5290 modus
1527 5233 1693 5292 adhibendus
1710 5241 1752 5292 est
1769 5237 1915 5292 secundum

248 5303 316 5356 cavit
337 5305 418 5358 hucio
433 5305 513 5372 Titio,
533 5305 603 5372 quod
620 5303 764 5358 mandante
780 5317 812 5356 eo
830 5303 924 5358 hortos
942 5305 1056 5368 emisset,
1106 5305 1237 5358 rationem
1259 5301 1390 5370 diligerem
1415 5301 1592 5358 aedificatoris
1622 5311 1649 5358 et
1670 5311 1819 5374 temporum
1843 5305 1916 5360 looo-

249 5381 307 5422 cum
335 5371 449 5440 pretium
473 5387 550 5428 omne
579 5387 640 5428 cum
667 5371 756 5428 usuris
780 5371 815 5426 ab
845 5385 876 5424 ιο
904 5371 1056 5440 recepisset,
1107 5385 1226 5438 rumque.
1262 5369 1326 5424 item
1349 5369 1372 5422 si
1393 5385 1446 5424 non
1468 5371 1636 5428 ιιιιιιοιιιιιΜ
1660 5389 1740 5440 opus,
1763 5371 1791 5428 id
1811 5377 1916 5428 tantum

248 5449 276 5488 tc
305 5437 335 5494 in
366 5455 426 5494 eum
458 5441 648 5510 proprietatem
684 5441 822 5494 hortorum
853 5437 1056 5494 translaturum:
1107 5437 1269 5502 aestimetur,
1288 5437 1359 5506 quod
1375 5437 1403 5490 in
1417 5437 1463 5494 illo
1480 5439 1619 5496 intervallo
1631 5441 1701 5498 cilici
1714 5441 1809 5512 potuit.
1828 5445 1916 5494 trans·

248 5607 276 5670 (1)
294 5609 417 5674 perspicio
426 5611 480 5660 edd.
533 5611 566 5674 (a)
584 5611 687 5664 hosam
739 5615 771 5672 (a)
788 5607 897 5658 lioetF‘
947 5609 979 5668 (ti
998 5623 1056 5656 nam
1106 5605 1200 5668 quitF
1265 5611 1312 5672 ιιι)
1329 5611 1583 5674 occeperitDoneilns
1656 5613 1696 5674 (ιι)
1715 5609 1914 5674 duplomatedel.

247 5673 654 5744 sicutetipsiusetherediscapit,
668 5677 795 5742 itsipsius
808 5673 847 5726 sel
858 5673 1056 5740 saepiusisotam
1107 5673 1151 5736 (tn)
1167 5673 1313 5726 mntinuari
1326 5677 1353 5726 F
1448 5683 1491 5744 (ts)
1508 5683 1617 5742 utroque
1631 5679 1683 5742 sut]
1700 5693 1752 5726 uno
1767 5679 1842 5740 etopus
1859 5679 1917 5728 edd.

248 5743 420 5806 complectitur
428 5761 474 5794 scr.
486 5745 606 5806 (similiter
614 5745 686 5806 Hal.)
739 5745 771 5806 (a)
790 5743 894 5794 eritrea
952 5743 985 5804 (t)
1002 5755 1055 5790 ma·
1106 5741 1150 5806 (rt)
1168 5741 1273 5804 quodie
1286 5745 1403 5794 convenit
1417 5747 1678 5800 ctinchosretnrtas.

248 5809 395 5862 timoniis*
450 5811 482 5874 (t)
501 5811 657 5866 emeterius
712 5815 744 5876 (8)
762 5809 873 5862 sicmF
926 5809 959 5872 (s)
977 5807 1054 5858 relin-
