4366 6258
279 359 404 426 XXVII
429 367 440 422 1

281 545 312 596 12
352 537 456 608 Νόμων
480 535 510 590 δὲ
535 535 693 592 διδάσκαλοι
718 541 748 588 ta
775 541 886 608 ἐπαρχία
913 535 1083 592 διδάσκοντες

279 599 1083 742 lentescentemtartaream

278 739 399 794 tuteleris
422 691 591 796 itapscribit:
617 741 741 794 Athletae
763 743 901 796 habenta
928 741 1012 794 tutela
1035 757 1083 796 ex-

279 809 451 874 cusationem,
470 807 518 862 sed
530 811 575 875 qui
591 809 672 862 sacris
686 811 872 864 certaminibus
884 809 1004 862 coronati
1012 813 1083 862 sunt.

281 881 311 928 14
344 871 456 928 Ἐθνσυς
474 873 616 944 ἱεραρχίαῖ,
643 875 702 928 οἷον
715 871 862 946 Ἀοιαρχία,
888 877 1081 946 Βιιίυναρχίαί,

278 937 524 1010 Καππαδσκαρχία,
542 949 650 1012 παρέχει
668 937 884 1014 οἷλειτουργησίαν
901 937 954 996 eiad
973 947 1083 1012 ἐπιτρο-

281 1015 310 1062 15
346 1009 413 1072 πῶν,
431 1003 502 1062 τοῦτ’
521 1013 595 1062 ἔστιν
611 1015 660 1066 ἕως
678 1009 792 1082 ἃνᾶοχρ.
827 1009 924 1064 Tutela
935 1027 989 1066 non
997 1009 1086 1066 estrei

278 1075 402 1156 publicae
418 1093 514 1132 munus
531 1093 581 1132 nec
599 1081 669 1146 quod
687 1081 722 1134 ad
737 1061 884 1148 impensam
896 1079 1018 1146 pertinet,
1036 1077 1085 1132 sed

278 1143 367 1198 morlo:
392 1161 442 1200 aec
458 1145 620 1214 provinciale
636 1147 740 1202 videtur
761 1147 872 1198 tutelam
890 1145 1083 1200 administrare.

281 1215 311 1264 16
335 1205 471 1282 Beterrae
478 1215 621 1282 ἐπιτροπῆς
632 1219 675 1268 καὶ
685 1213 870 1284 κσυρατορίαςί
878 1215 1085 1286 στρατηγοίτῶν

281 1285 309 1334 17
344 1277 458 1334 πόλεων.
488 1279 608 1336 Δίδωσιν
620 1279 714 1354 ἄφεσιν
731 1281 875 1352 ἐπιτροπῆς
892 1285 938 1332 καί
954 1279 1084 1350 κεφαλικῆ

278 1347 366 1428 ἔχθρα
381 1351 422 1414 τῷ
431 1351 651 1420 χειροτονηθῆναι
662 1351 795 1466 γενομίιιρ
821 1345 888 1416 πρὸς
909 1347 958 1402 τὸν
979 1351 1083 1418 πατέρα

276 1419 335 1466 τῶν
352 1417 489 1484 σρφανῶν,
506 1417 580 1472 ἐκτὸς
597 1419 621 1468 ei
636 1437 673 1486 μη
692 1413 759 1468 κατὰ
796 1413 915 1480 radians
926 1419 1023 1486 φανείη
1037 1413 1083 1468 do·

276 1483 337 1536 θείς
354 1475 369 1534 δ
386 1487 535 1554 ἐπίτροπος,
553 1483 622 1552 πλὴν
640 1487 663 1536 εί
679 1483 715 1552 μῆ
731 1479 800 1550 μετὰ
821 1479 854 1536 τὸ
876 1503 893 1552 γ
911 1483 1013 1552 αφῆναι
1034 1481 1086 1550 τὴν

278 1545 417 1614 διαθήκην
434 1551 573 1620 κεφαλικὸτ
597 1547 672 1624 ἇγῶν
689 1543 778 1606 παλτοῖς
795 1549 861 1620 πρὸς
878 1503 1002 1616 ἆλλήλους
1019 1569 1083 1604 συν-

277 1621 353 1684 ίστη,
378 1615 436 1684 risi
452 1617 488 1690 μὴ
510 1623 675 1692 πρεσβυτέρα
692 1621 741 1686 μέν
757 1621 830 1670 ίοτιν
853 1619 898 1684 τῆς
916 1615 1084 1684 διαθῆκηςὴ

277 1687 372 1756 ἐχθρω,
392 1683 438 1742 διὰ
454 1691 533 1742 rorico
559 1685 588 1740 δὲ
611 1683 687 1738 δοκεῖ
708 1681 840 1738 δίδοσθαι
862 1691 1017 1756 ἐπίτροπος,
1040 1687 1084 1738 ἵνα

276 1749 420 1822 ὑποβληθῆ
438 1759 514 1822 suari
532 1759 577 1808 καί
592 1753 762 1822 πράγμασιν·
785 1757 831 1804 καί
847 1755 927 1806 τοῦτο
937 1753 1080 1814 ἐξέπιπτ-

278 1825 310 1876 18
343 1819 388 1888 λῆς
404 1809 528 1894 ιΣεβῆρδυ
542 1821 673 1890 βασιλέως
691 1817 834 1874 δείκνυται.
858 1819 922 1874 ”hira
940 1815 1084 1876 incitarat

275 1893 426 1964 ἐπιτροπῆς,
448 1885 552 1944 ὁπόταν
563 1883 760 1958 οἷμφισβήτησίν
775 1909 816 1944 τις
832 1891 873 1956 τῶ
891 1885 1005 1960 ὀρφανῷ
1021 1893 1084 1960 περί

275 1959 323 2026 τῆς
340 1957 612 2042 καταστάρεωςμιγῇ,
632 1961 760 2040 φαίνηται
787 1955 817 2010 δὲ
838 1959 918 2012 τοῦτο
941 1955 978 2028 μὴ
992 1975 1085 2044 ,συκαῖ

275 2023 1083 2182 ίίπλῖιιῖλλῖἰιλλλιἕλιῖαί(ζιῗλ’ἱῆλῆι”η“ίιῖῗ”ῆιξἔ

275 2163 332 2214 τῶν
349 2155 483 2236 ἅγροίκων
500 2167 545 2214 καί
566 2165 624 2214 τῶν
640 2163 777 2216 ταπεινῶν
800 2167 845 2216 καί
866 2167 925 2216 τῶν
941 2155 1081 2234 οἷγραμμα-

275 2251 333 2284 των
347 2227 449 2302 γράφει
464 2227 586 2284 Παῦλος5
603 2225 706 2284 οὑτωσί
710 2247 715 2260 ’
742 2231 915 2286 Mediocritas
934 2237 959 2284 et
976 2231 1081 2286 rustici-

275 2305 317 2354 tas
335 2299 467 2354 interdum
484 2299 682 2356 excusationem
698 2299 828 2368 praebent
849 2299 996 2356 secundum
1013 2299 1080 2370 epis·

275 2367 346 2422 tulas
373 2369 491 2422 dirorum
515 2367 645 2422 Hadriani
671 2373 698 2420 et
722 2369 875 2422 Antoninii.
909 2369 965 2422 eius
991 2369 1035 2436 qui
1052 2383 1082 2422 se

275 2439 354 2504 neget
375 2435 477 2488 litteras
500 2435 581 2500 sobe,
604 2437 739 2490 excusatio
764 2435 850 2504 accipi
872 2453 927 2490 non
949 2435 1041 2502 debet,
1059 2435 1082 2490 si

275 2503 354 2558 modo
372 2519 426 2558 non
444 2503 478 2556 sit
496 2515 589 2624 expers
606 2503 772 2572 negotiorum
779 2503 798 2556 ⁷.

309 2569 328 2626 7
351 2569 498 2626 Uarianos
512 2569 533 2624 li
548 2587 579 2624 ro
596 2571 732 2642 σίκραίανί
754 2571 976 2626 σοιοιιιοίίοκιιιιι8
1008 2569 1079 2626 Ραα-
1102 2559 1103 2562 “

275 2743 305 2806 (1)
323 2743 537 2812 ὲηουσινΚιιίροκ
587 2743 619 2806 (2)
630 2737 749 2812 ἱεραρχία
758 2743 829 2794 hodic
838 2753 900 2794 certe
910 2761 957 2794 κοιι
968 2743 1055 2808 lepitur
1064 2743 1089 2794 ia

274 2811 300 2862 F
309 2811 355 2862 boe
365 2809 416 2860 loeo
425 2813 545 2862 ευαιιίιίοι
555 2805 687 2878 ἱερωσύνη
697 2811 834 2862 Ροίίίίσκαι
887 2811 920 2874 (3)
938 2807 1086 2880 Βιθυνιαρ-

273 2877 352 2942 γιαίί
381 2881 414 2944 (1)
431 2875 629 2930 eiius-Heroden
662 2879 798 2942 (s)=Vaa
807 2889 847 2930 214
881 2877 1088 2942 (tiPauluslibro

275 2945 402 3012 singulari
412 2947 442 2998 de
451 2947 534 2998 officio
541 2947 663 3012 praetoris
671 2945 795 2998 tutelaris.
813 2947 1088 2998 Mediocritasetrusti·

275 3015 339 3066 citas
354 3017 380 3064 et
392 3013 540 3066 domesticae
553 3015 612 3066 lites
625 3013 751 3066 interdum
764 3015 948 3066 exeusationem
960 3019 1089 3068 merentur

275 3099 306 3134 ex
317 3083 425 3148 epistula
439 3087 495 3148 [scr.
506 3085 632 3148 epistulis]
640 3085 753 3136 divorum
760 3083 886 3134 Hadriani
896 3089 921 3134 et
927 3085 1051 3136 Antonini
1063 3089 1089 3136 et

273 3151 380 3202 fratrum
395 3152 426 3203 ad
442 3151 591 3202 Caerelliam
606 3153 720 3204 Priscum
734 3157 875 3220 praetorem
884 3153 1016 3202 tutelarem
1030 3153 1086 3204 Vnt.

274 3223 306 3284 (ί)
325 3223 352 3274 id
359 3231 409 3272 cst:
427 3223 456 3272 Si
469 3219 531 3272 duas
545 3221 638 3272 tutelas
649 3223 754 3274 habenti
773 3221 907 3272 duaealiae
917 3221 1087 3272 simuliniun·

274 3295 373 3354 gantur,
389 3289 477 3342 ordine
488 3291 563 3340 tertia
578 3291 601 3340 ei
617 3291 732 3358 procedit
746 3291 772 3340 in
782 3289 956 3340 liberationem
966 3295 1086 3356 aquaria,

274 3359 322 3408 etsi
338 3359 476 3424 imperator
490 3361 525 3410 sit
543 3361 588 3424 qui
603 3363 717 3424 quartam
725 3359 843 3424 iniunxit,
853 3359 892 3410 rel
899 3359 1005 3420 tertiam,
1015 3361 1088 3424 prius

274 3431 371 3490 tamen,
384 3427 625 3494 quamimperatoris
642 3427 780 3490 resciverit,
800 3429 831 3478 ad
846 3427 922 3478 aliam
940 3433 1042 3478 vocatas
1053 3427 1088 3478 sit

276 3497 356 3558 [immo
373 3495 413 3546 rel
428 3503 519 3563 quarta
527 3497 555 3548 iu
565 3495 740 3548 liberationem
752 3499 858 3560 atentia,
868 3497 890 3548 si
902 3501 993 3558 tamen,
1002 3497 1087 3562 prius·

274 3579 348 3628 quam
367 3563 397 3614 de
415 3565 491 3616 tertia
508 3565 646 3628 resciverit,
665 3565 696 3616 ab
714 3567 864 3630 imperatore
881 3565 914 3616 ad
930 3565 1087 3616 aliamvooa·

275 3635 315 3682 tus
333 3631 387 3694 sitl.
413 3631 479 3696 quod
498 3633 520 3684 si
538 3633 600 3682 ordo
618 3649 668 3682 non
679 3639 807 3700 appareat,
825 3633 868 3684 sed
878 3635 963 3684 eodem
973 3633 1014 3682 die
1023 3633 1087 3684 duae

277 3699 463 3750 nominationes
480 3705 655 3766 proponantur
672 3703 700 3752 in
713 3703 888 3752 instrumentis
904 3703 1017 3766 diversis,
1035 3717 1088 3752 uon

275 3769 320 3834 qui
338 3767 419 3818 iactus
437 3773 482 3832 est,
501 3769 544 3820 sed
563 3769 678 3834 quicum
696 3769 757 3820 fecit
770 3769 847 3836 eliget
855 3775 939 3820 utram
948 3769 1032 3836 subire
1044 3769 1086 3820 de·

275 3839 287 3892 1
306 3837 373 3890 beat.
392 3835 564 3898 Grammatiei‚
580 3839 707 3904 sophistae
716 3839 834 3900 rhetores,
844 3839 936 3890 medici
946 3839 989 3902 qui
998 3837 1087 3890 dieun-

273 3909 315 3958 tur
325 3907 455 3958 circitores
465 3911 494 3956 ut
503 3923 518 3958 a
528 3907 633 3972 reliquis
646 3907 800 3970 muneribus,
811 3907 847 3958 ite
857 3909 932 3958 etiam
941 3907 1035 3958 tutelae
1045 3925 1088 3958 ou-

272 3977 288 4028 2
306 3991 399 4042 raeque
416 3975 573 4026 vacationem
589 3977 691 4030 habent.
725 3979 774 4028 Est
788 3981 872 4026 autem
881 3977 954 4028 etiam
969 3991 1088 4026 numerus

272 4043 391 4096 definitus
405 4061 489 4096 eorum
505 4045 549 4108 qui
566 4045 594 4096 in
612 4045 720 4110 siugulis
738 4045 885 4096 civitatibus
902 4045 1089 4096 immunitatem

272 4113 397 4176 habeant,
415 4117 441 4164 et
457 4111 618 4164 condiciones
638 4115 758 4178 quaedam
776 4113 1003 4180 adiectaeinlege:
1022 4113 1088 4178 quod

272 4183 430 4246 intellegitur
447 4197 477 4234 ex
494 4181 604 4246 epistula
621 4183 745 4234 Antonini
759 4199 822 4246 quae
840 4183 900 4234 data
917 4187 955 4232 est
972 4183 1005 4234 ad
1021 4199 1088 4234 oom-

274 4267 349 4302 mune
359 4253 441 4314 Asiae,
452 4251 494 4300 sed
505 4251 615 4316 pertinet
625 4249 657 4300 ad
666 4251 751 4300 orbem
761 4251 911 4314 universum,
922 4251 993 4300 ouius
1003 4255 1041 4302 est
1049 4267 1089 4302 ca-

270 4323 321 4402 put
329 4319 397 4368 inira
407 4319 542 4384 scriptum:
551 4313 684 4368 ‘Civitates
692 4319 801 4368 minores
816 4323 922 4384 possunt
937 4319 1026 4370 babere
1041 4321 1089 4370 im-

287 4401 375 4438 munes
384 4387 493 4438 medicos
500 4387 611 4452 quinque
617 4391 642 4438 et
651 4385 777 4450 sophistas
787 4391 836 4436 tres
843 4387 977 4452 eodemque
985 4403 1089 4438 numero

272 4449 481 4520 'grammaticosr
500 4455 607 4506 maiores
625 4455 741 4504 civitatee
759 4459 854 4520 septem
873 4457 918 4520 qui
935 4455 1089 4516 medeantur,

270 4517 419 4588 ‘[quattuor
435 4525 570 4588 sophistas,
587 4523 649 4574 item
667 4525 723 4586 ina]
742 4527 861 4588 quattuor
878 4525 923 4588 qui
932 4525 1037 4576 doceant
1045 4523 1089 4576 lit-

272 4585 357 4642 ‘teras
374 4595 509 4656 utrasquer
533 4593 654 4642 maximae
677 4607 738 4640 vero
761 4591 871 4640 medicos
889 4593 973 4642 decem
991 4597 1017 4642 et
1033 4591 1089 4642 rhe-

270 4655 354 4710 ‘tores
381 4659 493 4726 quinque
517 4659 650 4726 eodemque
673 4675 776 4710 numero
800 4663 983 4724 grammaticos.
1013 4675 1089 4726 super

271 4723 278 4742 ‘
289 4731 357 4780 buno
366 4733 449 4780 autem
458 4743 588 4778 numerum
599 4745 631 4778 ne
641 4727 750 4776 maxima
760 4727 861 4792 quidem
869 4727 960 4778 civitas
970 4729 1089 4780 immuni·

270 4789 366 4848 ‘tatem
380 4787 501 4850 coniert’.
524 4801 629 4864 apparet
647 4801 729 4846 autem
744 4795 852 4846 maximo
866 4811 969 4858 numero
984 4795 1023 4846 uti
1037 4813 1089 4846 me-

272 4865 384 4930 tropoles
392 4865 587 4930 provinciarum,
594 4867 704 4916 seeundo
713 4865 829 4916 civitates
839 4865 867 4912 in
877 4865 968 4928 quibus
977 4867 1017 4914 ius
1023 4863 1089 4914 dici·

273 4935 288 4986 3
307 4939 356 4994 tur,
363 4937 439 4984 tertio
448 4933 566 4996 reliquas.
575 4933 650 4982 Hunc
660 4947 791 4982 numerum
801 4931 918 4980 excedere
929 4933 1027 4996 quidem
1037 4947 1089 4982 non

272 5001 333 5052 licet
348 5017 428 5064 neque
445 5001 609 5050 decurionum
620 4999 720 5050 deereto
730 5015 811 5062 aeque
821 4999 871 5048 alio
881 4999 967 5064 aliquo
977 4999 1087 5062 invento,

272 5071 385 5122 minuere
403 5069 471 5128 licet,
491 5069 609 5132 quoniam
623 5071 729 5134 apparet
738 5083 767 5118 eo
775 5067 858 5116 iurari
866 5083 970 5116 munera
978 5065 1087 5132 publica.

272 5139 288 5190 4
305 5137 421 5200 Denique
429 5151 481 5186 non
491 5135 566 5184 aliter
574 5137 734 5186 immunitate
749 5135 795 5186 illa
809 5135 932 5196 fruemur,
941 5135 993 5184 nisi
1004 5133 1089 5186 decre·

272 5209 298 5254 to
308 5205 473 5254 decurionum
486 5203 513 5254 in
523 5219 654 5252 numerum
663 5203 811 5270 permissum
823 5203 963 5254 referantur
971 5207 997 5254 et
1004 5201 1089 5254 oiiioio

272 5275 286 5322 5
305 5289 357 5320 non
367 5271 530 5336 neglegenter
538 5271 685 5334 irrugantur.
695 5271 861 5334 Philosophos
870 5287 969 5336 quoque
979 5269 1089 5320 alutelis

272 5341 285 5386 'l
304 5339 408 5390 liberari
422 5339 516 5388 Paulus
532 5339 622 5388 scribit
631 5339 667 5390 sie
679 5377 684 5386 .
695 5375 718 5390 ..
733 5341 771 5390 De
787 5339 945 5404 philosophis
955 5341 1039 5388 autem
1048 5353 1089 5388 ea·

271 5405 328 5454 dem
336 5407 486 5456 constitutio
495 5407 537 5456 Pii
549 5407 585 5456 sio
595 5407 660 5456 dicit
667 5423 673 5454 ι
681 5401 903 5470 ‘Philosophorum
913 5411 996 5456 autem
1004 5421 1090 5456 nume-

271 5465 337 5522 'rum
345 5489 396 5522 non
404 5473 570 5536 definivimus,
578 5473 696 5538 quoniam
706 5473 783 5538 pauci
791 5479 849 5524 sunt
856 5475 901 5536 qui
907 5473 1089 5538 philosophan-

270 5533 330 5590 ‘tuu
339 5543 401 5602 puto
410 5545 493 5590 autem
503 5541 600 5590 divitiis
610 5539 767 5590 abundantes
774 5557 877 5590 munera
884 5557 947 5606 quae
956 5539 988 5590 ad
994 5557 1046 5590 rem
1052 5539 1090 5590 ia·

271 5601 403 5656 ‘miliarum
410 5609 538 5670 pertinent
547 5611 637 5672 sponte
647 5607 805 5672 praebituros
813 5611 906 5672 patriis
916 5607 981 5658 suis:
992 5607 1090 5672 quodsi

271 5671 432 5726 'cavillentur
441 5675 470 5722 de
479 5677 648 5736 patrimoniis,
662 5691 692 5724 eo
705 5677 762 5740 ipso
771 5677 822 5726 iam
831 5693 857 5726 se
867 5675 1029 5726 declarabunt
1037 5691 1089 5724 non

274 5745 288 5794 8
305 5737 456 5810 ‘sapientiae
465 5733 612 5794 studiosos'
622 5743 671 5792 Sed
680 5747 717 5794 est
723 5743 800 5794 etiam
807 5745 834 5794 in
841 5743 1035 5794 constitutiones
1041 5743 1089 5792 irn-

273 5811 397 5874 peratoris
404 5809 533 5860 Commodi
542 5811 650 5862 relatum
659 5815 737 5876 caput
746 5827 775 5860 ex
785 5811 894 5876 epistula
904 5811 957 5860 diri
963 5811 1013 5872 Pii,
1022 5813 1089 5860 uude

1076 349 1142 422 354

1588 371 1640 416 na*
1655 343 1942 418 excommoumos

1136 541 1230 604 pertas
1248 537 1332 592 saue⁹
1358 535 1404 590 dat
1427 535 1638 602 excusationem,
1656 535 1756 604 siquis
1772 533 1897 602 imparem
1915 553 1943 592 se

1139 607 1214 658 oneri
1230 605 1350 658 iniuncto
1366 605 1453 674 possit
1469 603 1584 674 probare
1596 605 1626 670 ¹⁰,
1649 601 1731 672 idque
1754 601 1872 674 dirorum
1889 601 1944 660 fra-

1137 677 1209 726 trum
1225 673 1356 742 rescripto
1373 671 1532 726 conductus.

1169 737 1188 798 8
1209 739 1401 794 Mounsrmos
1415 739 1482 796 libro
1491 741 1569 796 tertio
1581 739 1787 796 sarmationem
1814 733 1944 794 otientur

1135 811 1305 876 στρατιῶται
1322 805 1350 858 oi
1366 811 1492 874 ἐπιτίμοις
1508 805 1698 878 πληρώσαντες
1718 805 1769 860 τὸν
1791 807 1836 870 τῆς
1863 825 1943 876 στρα-

1133 881 1209 928 τείας
1241 875 1323 946 ρόνον
1340 871 1437 942 ἄφεσιν
1453 877 1557 940 ἔχουσιν
1578 877 1734 944 ἐπιτρσπῶν
1754 871 1821 958 πρὸς
1843 871 1945 932 πάντας

1133 943 1195 996 τοὺς
1208 895 1324 996 ἰδιώτας.
1343 941 1409 1014 πρὸς
1420 939 1450 994 δὲ
1461 941 1522 996 τοὺς
1529 939 1629 996 παῖδας
1635 943 1694 994 τῶν
1700 943 1746 1008 τῆς
1754 943 1834 1006 ueris
1845 937 1945 1002 τάξεως

1135 1009 1377 1074 κεκοινωνηκότων
1385 1007 1401 1074 ῆ
1410 1009 1431 1042 ¹¹
1438 1005 1552 1062 πάντων
1560 1009 1581 1042 ¹²
1591 1007 1679 1064 πάλαι
1688 1011 1863 1096 στρατιωτῶν
1871 1009 1945 1070 ἐντὸς

1133 1081 1185 1144 μὲν
1209 1079 1333 1128 ἐνιαυτοῦ
1354 1079 1403 1130 τοῦ
1424 1069 1683 1146 ἆποστρατεὺσαθαι
1710 1097 1808 1148 σφισιν
1835 1081 1944 1142 ἔχουσιν,

1133 1141 1203 1212 μετὰ
1217 1141 1247 1198 bi
1261 1141 1386 1198 ἐνιαυτὸν
1398 1137 1492 1198 ciuica
1509 1141 1600 1216 τὸγὰρ
1616 1141 1797 1214 ίσότιμοντῆτ
1808 1149 1946 1212 στρατείας

1136 1209 1257 1282 ίσχυρὸτε
1275 1231 1308 1264 σν
1318 1213 1452 1282 ἐνομίσθη
1466 1213 1515 1278 τῆς
1522 1215 1580 1264 τῶν
1588 1211 1675 1266 πάλαι
1690 1213 1866 1282 στρατιωτῶν
1878 1231 1946 1284 προ-

1134 1285 1238 1344 νοιιίας,
1258 1231 1307 1334 δίον
1321 1279 1359 1350 μὴ
1377 1277 1430 1350 ἄρα
1448 1277 1515 1332 ἅλλα
1532 1285 1632 1344 ίῆωσιν
1648 1277 1741 1334 δίκαια
1757 1279 1827 1350 πρὸς
1842 1285 1944 1348 παραί-

1133 1367 1215 1414 τησιν
1237 1349 1395 1418 ἐπιτροπῆς,
1420 1345 1481 1400 οἷον
1503 1341 1625 1416 ἀριθμὸν
1646 1349 1717 1400 ἐτῶν
1739 1345 1757 1414 ῆ
1778 1369 1808 1402 τι
1829 1349 1943 1414 τοιοῦτο,

1136 1411 1235 1468 ὁποῖον
1250 1421 1297 1468 καί
1313 1421 1370 1470 τοῖο
1388 1411 1511 1472 ἰδιώταις
1535 1413 1604 1482 πρὸς
1628 1409 1752 1474 ἅπαντας
1769 1415 1946 1484 συναίρεσθαι

1137 1483 1245 1534 staua.
1281 1485 1368 1534 ταῦτα
1385 1479 1416 1534 δὲ
1431 1485 1494 1552 περί
1510 1481 1585 1544 υἱῶν,
1604 1475 1660 1546 οὐχί
1676 1487 1740 1556 περὶ
1756 1479 1877 1554 ἐκγόνων
1893 1483 1947 1534 τῶν

1134 1547 1220 1602 πάλαι
1233 1551 1423 1620 στρατιωτῶν·
1442 1549 1470 1604 οἱ
1479 1549 1531 1624 γὰρ
1545 1553 1651 1620 ἔκγονοι
1661 1551 1720 1602 τῶν
1730 1547 1817 1604 πιίλαι
1831 1569 1947 1622 operem-

1134 1617 1192 1670 τῶν
1213 1621 1243 1672 ίν
1258 1619 1292 1690 τῇ
1310 1609 1408 1690 αὐτῇ13
1428 1615 1507 1688 χῶροι
1527 1617 1584 1670 τῶν
1608 1615 1713 1672 λοιπῶν
1736 1615 1857 1672 ἰδιωτῶν
1881 1617 1948 1672 εῖναι

1136 1689 1149 1740 1
1187 1683 1427 1752 πιστευθήσονται.
1466 1685 1500 1738 Oi
1520 1689 1614 1754 μέντοι
1637 1679 1740 1754 ἀτίμως
1764 1679 1853 1738 σἰποστ
1871 1705 1947 1738 areu·

1136 1751 1248 1822 opiparor
1265 1747 1356 1822 dputes
1371 1759 1429 1810 τοῖς
1445 1749 1515 1820 μηδὲ
1528 1757 1764 1824 στρατευσαμένοις
1782 1705 1947 1822 rapidorum,

1134 1825 1181 1872 καί
1206 1817 1251 1874 διὰ
1277 1821 1358 1874 τοῦτο
1385 1817 1446 1874 οὔτε
1475 1815 1552 1874 αὐτοὶ
1577 1823 1681 1886 ἔχουσιν
1706 1825 1859 1890 προνομίαν
1891 1819 1950 1874 οὔτε

1133 1893 1191 1946 τοῖς
1214 1887 1321 1942 τούτων
1345 1893 1440 1942 παισίν
1448 1889 1470 1922 ¹⁴
1499 1885 1586 1942 πάλαι
1614 1891 1779 1960 στρατιῶται
1807 1893 1948 1960 ἐπίτροποι

1134 1959 1150 2012 2
1185 1953 1314 2014 δοθέντες
1331 1955 1589 2024 κατασχεθήοσνται.
1612 1949 1696 2008 'Euri'
1715 1949 1761 2010 dre
1786 1953 1816 2010 δὲ
1833 1949 1865 2010 οὗ
1881 1955 1949 2022 πλη-

1133 2025 1214 2096 ροῦσί
1227 2045 1298 2082 τινες
1314 2023 1364 2078 τὸν
1377 2027 1425 2092 τῆς
1444 2029 1585 2096 στρατείας
1598 2025 1698 2094 χρόνον
1714 2029 1760 2076 καί
1782 2017 1857 2092 ὅμως
1874 2029 1948 2092 ἐγστ-

1134 2113 1179 2146 σιν
1195 2089 1293 2164 ἄφεσιν
1305 2095 1462 2166 ίπιτροπῶν
1473 2089 1543 2146 κατὰ
1559 2091 1594 2146 τὰ
1607 2085 1674 2146 αὐτὰ
1692 2099 1751 2150 τοῖς
1761 2089 1948 2162 πληρῶσασιν·

1133 2157 1149 2216 ὁ
1172 2159 1224 2234 γὰρ
1247 2159 1371 2214 εἰκοστὸν
1392 2163 1454 2218 ἔτος
1475 2163 1523 2226 τῆς
1546 2163 1686 2232 στρατείας
1711 2155 1830 2230 ὑπερβὰς
1857 2155 1947 2230 ὅμοιος

1133 2229 1204 2282 εἶναι
1225 2227 1381 2284 πιστεύεται
1402 2233 1444 2296 τῶ
1466 2225 1641 2302 πληρῶσαντι
1661 2227 1713 2284 τὸν
1736 2229 1784 2296 τῆς
1812 2233 1948 2300 στρατείας

1133 2303 1149 2354 3
1182 2295 1289 2370 χρόνον.
1311 2293 1347 2352 ‘0
1364 2293 1395 2350 δὲ
1410 2293 1487 2356 amir
1499 2293 1605 2350 τσίπων
1613 2299 1671 2350 τῶν
1688 2299 1758 2350 ίτῶν
1775 2289 1888 2368 ἀφεθείς
1904 2291 1950 2350 οὐκ

1133 2369 1187 2450 iper
1205 2365 1313 2432 διηνεκῆ
1330 2363 1382 2434 τῆν
1403 2371 1449 2420 ἐπί
1465 2371 1525 2422 ταῖς
1541 2371 1700 2436 anteponam
1717 2359 1946 2438 σῖλειτουργησίαν,

1133 2431 1199 2486 αλλὰ
1216 2433 1284 2506 πρὸς
1298 2431 1405 2506 χρόνον,
1430 2427 1524 2504 ῶσπερ
1547 2439 1592 2486 καί
1607 2435 1665 2488 τῶν
1681 2431 1787 2486 λοιπῶν
1803 2431 1952 2488 πολιτικῶν

1133 2501 1305 2576 λειτουργιῶν
1322 2499 1421 2572 ἄφεσιν
1437 2503 1499 2566 ἔχει.
1529 2497 1544 2554 ὃ
1560 2507 1611 2572 μὲν
1625 2501 1677 2576 γὰρ
1695 2499 1770 2558 ἐντὸς
1784 2505 1866 2554 πέντε
1882 2503 1951 2554 ἐτῶν

1132 2573 1180 2638 τῆς
1190 2577 1332 2642 στρατείας’
1344 2563 1492 2630 ἀπολυθείς
1500 2563 1628 2640 οὐδεμίαν
1639 2571 1726 2638 ἑαυτῷ
1738 2567 1875 2636 ἐκδικῆσαι
1884 2563 1950 2622 tta

1140 2743 1301 2794 manifestum
1316 2743 1345 2794 lit
1358 2743 1434 2794 etiam
1451 2743 1615 2808 philosophos
1629 2759 1717 2794 vacare
1733 2759 1749 2794 a
1763 2743 1857 2794 tutelis.
1876 2743 1950 2794 rerba

1139 2815 1224 2860 autem
1232 2809 1293 2862 baec
1304 2815 1370 2862 sunt.
1388 2803 1529 2862 ‘Similiter
1541 2811 1582 2862 his
1598 2813 1715 2862 omnibus
1724 2811 1951 2876 divuspatermeus

1137 2871 1299 2944 ‘simulatque
1317 2879 1442 2944 imperare
1451 2879 1575 2944 coepisset
1585 2879 1667 2930 edicto
1681 2880 1788 2930 honores
1798 2883 1824 2928 et
1832 2881 1949 2930 immuni-

1137 2941 1213 2998 ‘tates
1230 2947 1398 3010 confirmarit,
1413 2947 1525 2998 scribens
1535 2947 1700 3014 philosophos
1709 2947 1821 2998 rhetores
1830 2965 1951 3014 gramma-

1137 3009 1212 3078 ‘ticos
1232 3015 1344 3068 medicos
1363 3031 1452 3066 vacare
1472 3031 1487 3066 a
1507 3017 1716 3082 gymnasiarcbiis
1733 3019 1758 3066 et
1782 3019 1951 3082 agoranomiis

1137 3077 1174 3136 ‘et
1181 3085 1329 3136 sacerdotiis
1339 3089 1363 3136 et
1372 3085 1629 3152 bospitisreoipieudi
1641 3101 1716 3138 onere
1724 3089 1752 3136 et
1766 3085 1947 3136 curabumeuti

1138 3145 1952 3220 ‘oleireemendi,itemnequaiudioarenequelegationibusiungi

1136 3217 1228 3288 ‘neque
1236 3223 1331 3274 invitos
1341 3223 1449 3274 militiae
1458 3239 1549 3274 nomeu
1559 3223 1617 3274 dare
1627 3239 1707 3288 neque
1718 3223 1884 3274 aliudrnunus
1894 3239 1951 3288 pro·

1131 3293 1155 3344 e
1171 3283 1299 3342 *mariale
1315 3291 1353 3342 rel
1369 3291 1438 3342 aliud
1455 3291 1597 3358 quodquam
1611 3295 1641 3342 ut
1648 3291 1790 3358 suscipiant
1798 3283 1878 3356 cogi’.
1895 3291 1950 3340 Ηοο

1139 3375 1239 3426 quoque
1248 3361 1380 3412 sciendum
1394 3365 1432 3410 est
1446 3361 1474 3410 in
1490 3375 1535 3410 rua
1544 3377 1666 3426 quemque
1676 3359 1779 3426 civitate
1789 3361 1950 3426 profitentem

1139 3429 1178 3480 rel
1187 3433 1317 3480 curantem
1325 3429 1511 3480 immunitatem
1520 3445 1575 3478 eam
1583 3429 1689 3482 haberer
1699 3445 1755 3478 cum
1765 3433 1848 3478 autem
1855 3431 1899 3496 qui
1907 3427 1951 3478 Oo-

1138 3513 1227 3550 manus
1241 3503 1280 3550 est
1289 3499 1473 3550 Neocaesareae
1488 3499 1640 3550 rhetoricam
1647 3497 1727 3548 tradit
1735 3497 1775 3548 rel
1784 3501 1855 3548 curat
1864 3499 1903 3550 rel
1911 3499 1952 3548 do·

1139 3569 1186 3632 cet,
1196 3565 1264 3634 apud
1274 3565 1397 3618 Gomauos
1405 3567 1590 3618 immunitatem
1601 3583 1653 3616 non
1662 3563 1747 3630 hahet,
1756 3565 1831 3630 idque
1840 3565 1878 3616 ita
1887 3567 1952 3616 ordi-

1141 3637 1172 3688 10
1189 3639 1277 3686 natum
1292 3639 1330 3688 est
1346 3651 1360 3688 a
1374 3635 1440 3686 diris
1450 3637 1540 3686 Severo
1555 3639 1581 3686 et
1595 3637 1731 3686 Antonino.
1751 3637 1868 3684 Attamen
1883 3633 1952 3686 valde

1139 3703 1226 3754 doctos
1235 3703 1311 3754 etiam
1320 3721 1397 3770 super
1410 3721 1542 3754 numerum
1551 3709 1576 3754 et
1585 3703 1613 3754 iu
1622 3703 1706 3756 aliena
1715 3703 1818 3754 civitate
1826 3709 1950 3754 morantes

1139 3773 1262 3822 immunes
1269 3771 1421 3822 essePeulus
1428 3771 1527 3832 scribit,
1534 3773 1620 3836 dicens
1627 3771 1952 3822 divumAntoninumPinm

1143 3843 1170 3892 li
1190 3841 1227 3892 ita
1244 3841 1356 3892 iussisse.
1375 3841 1536 3898 unisonae
1554 3841 1639 3892 rhetor
1656 3843 1695 3892 est
1712 3841 1764 3892 sire
1782 3841 1874 3892 salario
1892 3857 1950 3892 con·

1139 3909 1231 3960 stituto
1240 3909 1293 3960 sive
1301 3911 1356 3960 sine
1370 3909 1464 3968 salario
1472 3909 1630 3960 vacationem
1639 3909 1731 3960 habere
1740 3911 1905 3962 constitutum
1915 3911 1951 3960 est

1138 3977 1236 4044 arliris
1255 3979 1346 4030 Severo
1363 3983 1389 4030 et
1405 3979 1536 4030 Antonino
1559 3983 1685 4043 tamqnam
1703 3979 1726 4030 si
1743 3979 1771 4030 in
1788 3995 1833 4028 sua
1850 3979 1951 4030 civitate

1139 4047 1305 4114 profiteretur.
1325 4063 1429 4114 quarum
1439 4047 1649 4098 constitutionum
1658 4047 1741 4114 possit
1750 4045 1807 4114 quis
1816 4049 1951 4106 eamratio·

1139 4131 1196 4166 nem
1205 4115 1316 4180 reddere,
1327 4117 1393 4182 quod
1403 4131 1460 4166 oum
1467 4117 1529 4166 urbs
1535 4119 1638 4168 aeterua
1646 4117 1785 4168 communis
1791 4117 1876 4182 patria
1885 4117 1910 4166 et
1919 4115 1951 4166 sit

1139 4189 1164 4234 et
1172 4185 1303 4246 habeatur,
1318 4189 1385 4234 recte
1397 4189 1525 4248 tamquam
1535 4185 1578 4250 qui
1588 4183 1615 4234 in
1625 4185 1728 4250 propria
1742 4185 1825 4250 patria
1839 4183 1893 4234 eius
1902 4183 1950 4234 uti·

1140 4255 1171 4306 12
1189 4253 1305 4304 litatibus
1322 4255 1428 4304 inservit
1442 4251 1601 4304 immunitate
1615 4253 1721 4304 ituatur.
1754 4253 1803 4308 Qui
1821 4253 1861 4302 ius
1879 4251 1951 4302 uirile

1139 4321 1275 4372 docentia
1292 4321 1431 4384 provincia,
1450 4321 1605 4372 vacationem
1616 4335 1670 4372 uon
1679 4321 1779 4372 hahent.
1806 4321 1899 4370 Romae
1909 4321 1950 4370 do·

1142 4391 1181 4442 13.
1190 4391 1222 4440 14
1240 4393 1325 4438 centes
1337 4387 1438 4438 hebent.
1457 4387 1597 4454 Ulpianus.
1608 4425 1614 4436 .
1624 4427 1631 4440 .
1641 4389 1755 4440 coronati
1764 4393 1830 4438 suut.
1847 4387 1950 4438 Provin-

1139 4457 1194 4508 oiae
1202 4455 1377 4520 sacerdotium,
1392 4461 1421 4506 ut
1430 4457 1569 4520 Asiarcbia,
1579 4455 1769 4522 Bithynarcbia,
1778 4455 1949 4523 Cappadoear·

1140 4525 1205 4586 chia,
1214 4525 1399 4576 immunitatem
1408 4529 1520 4590 praestat
1529 4541 1543 4574 a
1553 4525 1647 4588 tutelis,
1663 4525 1763 4576 scilicet
1772 4525 1849 4574 donec
1858 4525 1914 4588 quis
1922 4537 1950 4574 eo

1142 4595 1182 4646 ta.
1196 4597 1225 4646 16
1242 4591 1366 4660 iungitur.
1385 4593 1491 4646 Tutela.
1501 4607 1508 4646 ’.
1518 4593 1702 4646 administrare.
1717 4593 1879 4642 Excusautur
1888 4609 1903 4642 a
1913 4597 1949 4642 tu·

1143 4661 1173 4712 li
1191 4661 1241 4710 tela
1248 4661 1289 4712 rel
1298 4675 1359 4710 cura
1373 4663 1536 4726 magistratus
1544 4661 1718 4726 municipales.
1739 4661 1949 4712 Vacationemtu-

1140 4729 1205 4780 telae
1215 4729 1277 4780 dant
1286 4735 1311 4780 et
1319 4729 1471 4780 inimicitiae
1488 4729 1617 4792 capitales,
1636 4745 1699 4792 quae
1716 4729 1784 4780 inter
1792 4733 1899 4780 tutorem
1909 4729 1949 4778 da-

1140 4801 1194 4848 tum
1205 4801 1230 4848 st
1238 4801 1337 4864 patrem
1345 4797 1500 4864 pupillorum
1511 4797 1654 4858 extiterunt,
1664 4797 1716 4848 nisi
1725 4797 1748 4846 si
1757 4813 1787 4846 ex
1804 4801 1949 4846 testamento

1140 4869 1211 4916 tutor
1227 4867 1301 4916 datus
1319 4871 1368 4926 est,
1388 4871 1562 4930 praeterquam
1585 4865 1630 4916 ubi
1652 4869 1712 4930 post
1732 4867 1855 4930 scriptum
1877 4869 1950 4916 testa·

1139 4937 1253 4984 mentum
1267 4933 1389 4998 capitales
1405 4933 1557 4984 inimicitiae
1577 4933 1645 4984 inter
1659 4949 1702 4984 eos
1712 4933 1898 4982 extiteruatrel
1907 4929 1949 4982 ubi

1140 4999 1948 5066 inimicitiaequidemooeperuntautetestamentum,ideoautem

1141 5065 1321 5118 datusridetur
1329 5083 1382 5118 esse
1391 5071 1467 5130 tutor,
1477 5071 1506 5118 ut
1514 5065 1670 5134 obligatione
1683 5073 1708 5118 et
1713 5067 1821 5130 negotiis
1828 5073 1948 5128 oneretur,

1142 5137 1173 5188 18
1191 5135 1267 5200 idque
1277 5139 1383 5202 apparet
1391 5135 1535 5200 exepistula
1543 5135 1803 5200 imperatorisSeveri.
1821 5137 1948 5186 Praeterea

1141 5203 1245 5254 atutela
1259 5203 1383 5254 liberatur
1397 5203 1419 5254 si
1429 5203 1485 5268 quir
1495 5203 1593 5268 pupillo
1602 5203 1634 5254 de
1643 5207 1712 5254 statu
1721 5203 1892 5268 quaestionem
1899 5219 1947 5254 mo·

1142 5271 1206 5322 verit
1221 5271 1298 5338 idque
1307 5287 1363 5322 eum
1373 5275 1493 5338 appareat
1502 5271 1649 5322 fecissenou
1663 5271 1760 5334 hande,
1769 5271 1812 5322 sed
1821 5271 1947 5332 bonafide,

1142 5341 1174 5390 19
1192 5339 1268 5404 idque
1282 5339 1337 5390 divi
1344 5341 1444 5390 Marcus
1453 5343 1479 5390 et
1490 5339 1569 5390 Vems
1584 5341 1776 5390 constituerunt.
1796 5341 1833 5390 De
1850 5341 1947 5390 rusticis

1142 5409 1167 5456 et
1180 5405 1320 5456 humilibus
1338 5411 1363 5456 et
1380 5407 1413 5458 iis
1430 5407 1474 5470 qui
1491 5407 1590 5458 litteras
1607 5407 1725 5458 uesoiunt
1742 5407 1947 5458 siesoribitPau·

1139 5473 1188 5524 lus.
1207 5473 1386 5526 Mediocritas.
1398 5475 1597 5538 ..negotiorum
1703 5475 1735 5538 (8)
1754 5493 1783 5524 ιτ
1803 5475 1906 5542 Ulpiani
1921 5475 1948 5524 de

1141 5541 1226 5606 officio
1244 5545 1370 5606 praetoris
1394 5543 1504 5594 araturis
1523 5543 1585 5594 libro
1601 5543 1725 5610 εἰκρυίστί
1741 5543 1825 5594 eudem
1842 5545 1949 5608 assertant

1147 5611 1201 5660 Vat.
1212 5617 1261 5662 185.
1271 5619 1313 5662 ιιι
1422 5611 1456 5672 (9)
1475 5607 1612 5674 planeVat.
1728 5611 1775 5674 (to)
1794 5611 1882 5660 dooere
1895 5611 1947 5662 Vnt.

1141 5677 1183 5740 (11)
1200 5669 1218 5740 ῆ
1235 5677 1334 5728 maurit
1349 5677 1375 5728 ιἰι
1392 5677 1422 5740 F,
1440 5679 1486 5726 καί
1503 5677 1643 5728 Politiouas
1770 5681 1815 5742 (11)
1832 5677 1888 5728 τῶν
1904 5679 1947 5728 ias.

1139 5743 1254 5862 ἔκθορον
1373 5747 1415 5810 (13)
1434 5735 1500 5814 admi
1517 5747 1564 5798 del.
1578 5745 1690 5798 Hercher
1799 5749 1842 5808 (11)
1862 5741 1890 5794 σί
1904 5749 1946 5796 ius.

1169 5829 1195 5862 er
1225 5831 1251 5864 er
