4366 6258
264 349 387 422 xvim
412 359 426 424 1
1070 345 1134 428 243
1672 373 1940 430 cursuscursus

296 541 432 604 331nns1
453 547 521 602 libro
544 547 668 602 uicesimo
692 547 771 600 tertio
794 547 833 602 ud
848 547 962 604 edietum
996 545 1074 602 Etsi
1125 545 1233 616 horum,
1252 561 1322 616 qnae
1337 547 1365 602 iu
1382 547 1467 604 fundo
1486 547 1671 612 continentur,
1697 563 1751 602 non
1775 553 1816 602 est
1832 561 1939 614 separe-

262 631 314 670 uno
331 617 416 686 pretio
434 615 524 684 plures
546 631 590 670 res
615 619 719 684 emptae
743 613 827 682 sint¹,
854 617 887 672 de
909 615 1017 686 singulis
1041 631 1075 670 ex
1125 621 1182 670 tum
1200 631 1297 686 corpus
1315 631 1332 670 a
1349 613 1433 670 fundo
1452 621 1480 670 et
1496 617 1556 700 Qec
1574 621 1605 670 ut
1623 615 1745 672 dominus
1760 631 1822 670 suas
1837 615 1940 684 specia-

262 691 350 810 emim
368 691 396 736 et
411 683 516 738 vendito
535 683 578 754 egi
593 689 692 754 potest.
1124 685 1185 740 liter
1202 685 1312 740 arbores
1335 685 1472 740 vindicare
1495 691 1599 754 emptor
1621 701 1677 742 non
1699 683 1812 754 poteritr
1836 683 1884 740 sed
1908 697 1941 738 ex

316 751 335 808 4
353 751 432 806 Ionas
443 751 511 808 libro
526 751 627 808 decium
642 757 736 808 oetaeo
751 751 912 810 antedictum
945 753 974 808 Si
989 751 1073 808 tundo
1125 759 1213 820 empto
1231 753 1313 808 habet
1329 753 1471 810 actionem.

260 821 365 878 vendito
389 819 417 874 iu
440 821 568 890 qualitate
590 819 711 890 iugerum
737 823 826 892 ceptio
851 829 905 890 est,
929 837 961 876 er
985 825 1073 892 empto
1160 819 1198 878 41
1219 821 1404 876 Prprmmus
1418 821 1488 876 libro
1507 823 1585 876 tertio
1602 837 1794 892 responsorum
1828 819 1860 874 In
1877 837 1940 874 ven-

262 889 311 944 erit
329 889 408 942 aotio.
1125 889 1225 946 ditione
1246 905 1329 958 super
1351 905 1442 944 annua
1465 889 1645 958 pensitatione
1670 907 1719 960 pro
1745 905 1831 958 aquae
1859 887 1941 944 ductu

295 953 333 1014 35
352 955 432 1012 Iners
446 957 515 1012 lehre
530 959 729 1030 septuapesiuro
754 961 792 1014 ud
813 961 929 1014 edictum
962 959 992 1012 Si
1014 957 1073 1028 quis
1124 957 1215 1012 inira⁹
1243 959 1352 1012 domum
1374 955 1477 1012 Romae
1505 959 1679 1014 constitutum
1688 961 1710 992 ¹⁰
1735 959 1802 1012 nihil
1826 973 1940 1012 comme-

260 1025 372 1080 fundnm
391 1025 495 1090 emerit,
514 1027 591 1096 quasi
601 1041 656 1146 sRes
674 1041 734 1080 eum
751 1027 865 1082 fundum
883 1027 962 1080 eundi
979 1027 1074 1094 agendi
1124 1031 1257 1082 moratum
1275 1031 1323 1080 est.
1351 1025 1479 1096 deeeptus
1498 1027 1533 1080 ob
1551 1043 1610 1080 earn
1627 1041 1684 1080 rem
1701 1041 1735 1080 ex
1751 1033 1840 1096 empto
1856 1027 1940 1080 actio·

260 1093 302 1148 ius
319 1109 373 1146 non
392 1099 469 1158 esset,
487 1099 515 1148 et
530 1095 600 1148 inter
620 1093 672 1150 'cto
691 1095 724 1148 de
741 1095 837 1150 itinere
854 1099 969 1163 actuque
986 1095 1073 1148 victus
1125 1111 1186 1150 nem
1208 1095 1332 1148 habebit:
1357 1093 1463 1164 itaque,
1487 1095 1511 1150 si
1535 1095 1708 1150 convenimur
1726 1093 1760 1148 ob
1777 1095 1891 1164 pretium
1908 1111 1941 1148 ex

261 1161 303 1226 sit,
322 1175 354 1214 ex
371 1167 460 1230 empto
477 1161 587 1216 habebit
604 1163 750 1216 actionem:
768 1165 832 1218 licet
850 1163 919 1216 enim
936 1163 1072 1230 stipulatio
1124 1161 1240 1228 vendito,
1258 1163 1328 1218 ratio
1345 1161 1474 1230 inprovisi
1491 1163 1579 1216 oneris
1596 1161 1719 1216 hebetur.

262 1227 295 1284 de
312 1229 440 1284 evictione
458 1245 512 1282 non
530 1231 724 1296 committatur,
750 1231 813 1300 quia
836 1247 891 1284 non
909 1233 950 1282 cst
967 1231 1000 1284 de
1016 1231 1074 1284 iure
1160 1227 1200 1288 42
1225 1231 1344 1284 Pronus
1364 1231 1434 1284 libre
1458 1231 1576 1286 secundo
1600 1231 1786 1300 quaestionum
1821 1227 1850 1282 Si
1874 1229 1939 1284 duo·

261 1295 393 1350 servitutis
410 1297 438 1350 in
455 1313 511 1350 rem
529 1297 635 1352 actione
650 1301 861 1366 pronuntiatum,
880 1303 969 1352 tamen
983 1297 1073 1352 dicen-
1124 1315 1185 1352 rum
1200 1297 1346 1354 fundorum
1362 1297 1485 1354 venditor
1501 1299 1647 1366 separatim
1665 1297 1698 1352 de
1714 1297 1793 1354 modo
1812 1297 1941 1366 cuiusque

261 1363 323 1416 dum
341 1369 382 1418 cst
399 1381 432 1420 ex
449 1369 537 1434 empto
555 1365 687 1420 actionem
705 1371 864 1436 competere.
1124 1367 1336 1434 pronuntiaverit
1354 1365 1436 1420 etita
1459 1369 1602 1434 ntmrmque
1619 1381 1673 1420 uno
1691 1365 1776 1434 pretio
1793 1365 1940 1432 tradiderit,

295 1427 335 1488 36
353 1431 471 1486 Plures
491 1433 560 1488 libro
583 1435 695 1504 septimo
718 1435 756 1486 ud
772 1435 911 1488 Plautium
945 1433 1074 1488 Venditor
1126 1441 1153 1488 et
1169 1435 1246 1488 alteri
1263 1435 1362 1502 aliquid
1380 1435 1449 1488 desit
1459 1435 1488 1500 ¹²,
1507 1435 1626 1502 quamvis
1643 1435 1672 1488 in
1690 1435 1773 1488 altero
1791 1439 1939 1504 exsuperet,

262 1501 354 1554 domus
372 1509 515 1570 antequam
533 1517 591 1554 eam
608 1501 712 1566 tradat,
737 1501 828 1554 damni
850 1499 944 1554 iniecti
961 1501 1072 1570 stipula·
1124 1501 1195 1556 forte
1212 1501 1236 1556 si
1253 1501 1320 1554 dixit
1336 1519 1419 1556 unum
1437 1507 1545 1558 centum
1560 1501 1667 1570 iugera,
1694 1501 1807 1556 alteram
1825 1501 1941 1556 ducenta

260 1567 360 1622 horem
383 1569 553 1636 interponere
578 1569 669 1636 debet,
695 1569 772 1638 quia,
797 1573 940 1636 antequam
961 1585 1073 1624 vacuam
1124 1569 1237 1634 habere,
1262 1585 1316 1624 non
1332 1569 1452 1636 proderit
1469 1571 1508 1636 ei,
1525 1571 1596 1640 quod
1613 1571 1642 1624 in
1660 1571 1743 1624 altero
1761 1569 1877 1624 ducente
1895 1571 1939 1624 de·

261 1637 455 1704 possessionem
477 1637 582 1702 medat,
605 1639 755 1692 custodiam
774 1641 800 1690 et
817 1637 978 1704 diligentiam
995 1651 1072 1704 prae·
1126 1651 1183 1690 cem
1200 1637 1379 1702 inveniuntur,
1397 1639 1422 1692 si
1436 1639 1465 1690 in
1482 1639 1566 1692 altero
1584 1637 1677 1692 decem
1694 1637 1788 1692 desint.
1813 1643 1840 1692 et
1852 1639 1886 1692 de
1898 1639 1941 1692 his

262 1709 332 1758 stare
350 1705 429 1760 debet
445 1711 472 1758 et
488 1721 551 1776 pars
570 1711 610 1760 est
628 1705 765 1760 custodiae
783 1705 985 1772 diligentiaeque
1002 1705 1073 1758 hauc
1124 1705 1164 1758 ita
1186 1705 1259 1774 apud
1280 1705 1434 1760 Labeonem
1460 1707 1574 1760 relatum
1601 1713 1650 1760 cst.
1683 1705 1731 1760 sed
1757 1721 1792 1758 an
1818 1707 1939 1776 exceptio

261 1771 429 1840 interponere
455 1773 666 1842 stipulationem:
693 1779 719 1828 et-
740 1771 801 1826 ideo
826 1773 848 1826 si
870 1771 897 1826 id
920 1771 1072 1840 neglexerit,
1126 1773 1179 1828 doli
1196 1773 1260 1826 mali
1276 1771 1407 1828 venditori
1424 1773 1566 1842 profutura
1581 1775 1623 1840 sit,
1640 1779 1731 1842 potest
1746 1773 1869 1840 dubitari,
1887 1775 1939 1828 uti·

260 1841 394 1894 tenebitur
411 1857 451 1894 em
471 1841 531 1894 tori.
1125 1857 1177 1910 que
1194 1841 1218 1896 si
1234 1841 1344 1908 exiguus
1361 1841 1458 1894 modus
1475 1841 1557 1896 silvae
1581 1843 1650 1896 desit
1673 1849 1701 1896 et
1722 1843 1783 1910 plus
1806 1843 1834 1896 in
1857 1843 1940 1896 vineis

296 1903 335 1966 37
353 1909 435 1964 Ionis
449 1859 516 1964 dibre
535 1911 633 1986 quarto
650 1907 808 1986 deeimoed
824 1907 962 1962 Plautium
998 1907 1074 1962 Sicut
1124 1910 1237 1974 habeat,
1262 1925 1343 1978 quam
1360 1909 1551 1978 repromissum
1569 1915 1617 1964 est.
1645 1927 1680 1964 an
1703 1927 1758 1964 nou
1778 1909 1845 1966 facit
1869 1909 1939 1978 dolo,

261 1993 374 2044 aequum
398 1981 438 2028 est
461 1975 548 2030 bonae
570 1975 633 2028 fider
656 1981 768 2044 emptori
786 1975 894 2030 alterius
912 1975 1002 2031 dolum
1019 1993 1073 2032 non
1125 1977 1171 2046 qui
1187 1979 1245 2032 iure
1260 1983 1390 2046 perpetuo
1408 1977 1512 2032 utitur?
1534 1993 1584 2032 nec
1599 1979 1669 2032 enim
1682 1979 1726 2032 hic
1742 1978 1812 2046 quod
1827 1979 1958 2050 amplius·

261 2059 369 2110 nocere,
394 2045 432 2098 ita
455 2059 508 2098 non
531 2049 573 2098 est
595 2059 709 2110 aequum
733 2043 817 2098 eidem
834 2059 966 2112 personae
983 2045 1071 2098 vendi·
1124 2047 1152 2098 in
1175 2045 1254 2100 modo
1280 2045 1426 2110 invenitur,
1454 2061 1534 2114 quam
1559 2047 1677 2116 alioquin
1704 2047 1803 2100 dictum
1827 2051 1881 2110 est,
1905 2047 1940 2100 ad

261 2111 327 2166 toris
345 2113 386 2166 sui
404 2111 492 2164 dolum
509 2111 644 2180 prodesse.
1126 2113 1311 2182 compendium
1328 2113 1488 2180 venditoris,
1506 2113 1554 2168 sed
1570 2113 1605 2168 ad
1623 2115 1750 2182 emptoris
1766 2113 1894 2182 pertinet:
1914 2121 1941 2170 et

289 2175 334 2238 ,38
362 2179 469 2236 Census
489 2179 558 2236 libro
582 2185 675 2236 octeno
698 2179 865 2250 dipestoruru
901 2179 929 2234 si
951 2179 1073 2236 venditor
1124 2187 1190 2236 tnnc
1206 2187 1313 2236 tenetur
1329 2181 1467 2248 uenditor,
1492 2197 1553 2236 cum
1576 2181 1663 2236 minor
1685 2181 1780 2236 modus
1796 2181 1938 2236 invenitur.

260 2249 373 2306 hominis
391 2249 457 2304 dixit
473 2249 606 2318 pecudum
621 2263 681 2302 eum
695 2249 795 2302 habere
811 2247 903 2304 decem
917 2265 966 2304 nec
982 2265 1073 2324 quem·
1124 2249 1260 2306 videamus
1277 2255 1374 2316 tamem
1392 2265 1427 2304 ne
1444 2251 1518 2302 nulla
1535 2251 1653 2330 querella
1669 2251 1704 2304 sit
1716 2251 1842 2320 emptoris
1853 2251 1881 2304 in
1895 2267 1938 2304 eo-

262 2321 357 2388 quem²
374 2319 575 2386 adempturum,
593 2317 637 2372 ιιι
653 2317 677 2372 ιι
694 2317 754 2386 plus
772 2317 867 2386 hehet,
893 2323 977 2374 totum
994 2333 1073 2388 prae·
1125 2317 1184 2374 dem
1197 2317 1290 2386 iundo,
1308 2319 1332 2374 si
1342 2319 1403 2388 plus
1415 2317 1533 2374 inveniat
1544 2335 1574 2374 ιιι
1584 2319 1663 2388 vinea
1676 2321 1794 2388 quam¹¹¹
1811 2319 1939 2388 impreco,

262 2393 322 2452 stet,
340 2387 392 2442 nisi
407 2389 460 2442 hoc
478 2389 586 2442 actum⁴
603 2391 657 2452 est,
682 2391 714 2440 ut
730 2387 871 2440 dumtaxat
889 2387 979 2442 decem
995 2401 1073 2456 prae·
1125 2403 1185 2442 cnm
1202 2389 1340 2442 universus
1358 2387 1453 2442 modus
1469 2393 1576 2442 constat
1586 2387 1612 2440 ¹².
1640 2389 1731 2442 similis
1747 2387 1866 2458 quaestio
1882 2403 1940 2442 esse

261 2461 358 2522 staret,
382 2455 405 2512 si
426 2455 513 2510 miuus
539 2461 594 2520 est,
617 2461 736 2524 praestet
759 2471 817 2512 esse
841 2455 933 2512 decem
950 2463 977 2510 et
992 2455 1074 2508 talem
1124 2461 1215 2524 potest
1229 2457 1260 2522 ei,
1279 2455 1502 2524 quaeindnobus
1517 2455 1607 2510 fundis
1622 2455 1722 2524 agitata
1737 2461 1786 2518 est,
1802 2455 1866 2510 etsi
1880 2455 1939 2524 quis

263 2527 274 2576 1
311 2539 415 2578 servum
439 2539 511 2590 csse,
535 2527 566 2578 ut
589 2527 695 2578 tantum
717 2523 816 2592 peculii
832 2525 940 2578 habeut.
976 2523 1004 2578 Si
1025 2539 1074 2592 per
1125 2523 1192 2578 duos
1217 2523 1387 2578 statuliberos
1410 2539 1464 2578 uno
1487 2523 1573 2592 pretio
1597 2523 1695 2578 vendat
1717 2530 1744 2578 et
1769 2523 1940 2578 dicaturum

262 2599 407 2662 emptorem
424 2593 540 2656 steterit,
559 2591 716 2660 quominus
735 2593 760 2646 ei
776 2593 938 2662 mancipium
954 2591 1073 2646 tradere·
1125 2593 1216 2646 decem
1235 2593 1299 2646 dare
1314 2593 1431 2658 iussum,
1456 2593 1503 2662 qui
1520 2593 1668 2662 quindecim
1692 2593 1755 2646 dare
1779 2591 1894 2648 debebat
1904 2593 1938 2648 ²³:

261 2665 318 2726 tur,
341 2677 390 2728 pro
415 2659 522 2714 cibariis
545 2677 593 2728 per
616 2659 756 2714 arbitrium
778 2661 977 2716 indemnitatem
994 2675 1073 2728 posse
1125 2677 1187 2714 nam
1213 2667 1240 2716 et
1264 2661 1309 2716 hic
1334 2661 1468 2716 tenebitur
1494 2677 1527 2716 ex
1553 2665 1641 2730 empto
1669 2661 1787 2726 actione,
1820 2661 1938 2730 quamvis

261 2729 361 2782 servari
383 2729 480 2782 Sextus
497 2729 602 2794 Aelius,
620 2727 725 2782 Drusus
749 2727 887 2794 dixerunt,
911 2745 1023 2798 quorum
1047 2733 1074 2782 et
1125 2733 1228 2798 emptor
1251 2745 1268 2782 a
1290 2729 1397 2782 duobus
1419 2729 1512 2798 viginti
1529 2735 1689 2798 accepturus
1707 2729 1749 2784 sit.
1776 2729 1824 2782 sed
1841 2729 1938 2784 rochus

262 2801 276 2848 2
311 2797 375 2850 mihi
390 2795 534 2850 iustissima
551 2797 654 2850 videtur
677 2811 735 2850 esse
758 2797 898 2850 sententie.
932 2797 1074 2850 Firmusa
1125 2803 1165 2852 est
1187 2797 1215 2850 in
1239 2797 1360 2852 omnibus
1383 2811 1467 2866 supra
1490 2797 1596 2866 scriptis
1619 2797 1727 2852 casibus
1751 2797 1855 2850 lucrum
1879 2813 1938 2850 cum

260 2863 374 2920 Proculo
393 2865 520 2934 quaesiit,
539 2863 562 2920 si
580 2865 612 2920 de
629 2865 754 2932 plumbeo
773 2865 882 2918 castello
899 2863 1005 2920 fistulae
1022 2863 1072 2918 snb
1126 2865 1221 2920 damno
1247 2865 1414 2934 compensari
1430 2869 1458 2920 et
1475 2865 1498 2920 si
1515 2863 1578 2935 quid
1595 2865 1671 2920 deest
1688 2865 1800 2934 emptori
1819 2865 1873 2920 sive
1889 2881 1938 2934 pro

260 2937 359 2986 terram
381 2933 478 2986 missae
500 2947 597 3002 aquam
620 2933 749 2986 ducerent
771 2931 799 2986 in
825 2947 921 2986 aenum
945 2933 1072 2988 lateribus
1124 2933 1202 2988 modo
1220 2933 1275 2988 sive
1292 2949 1341 3004 pro
1359 2933 1489 3004 qualitate
1505 2933 1566 2998 loci,
1583 2935 1635 2988 hoc
1652 2935 1677 2988 ei
1694 2933 1826 2988 resarciri.

262 3001 505 3066 cucumstrnctum,
530 3017 565 3056 au
582 3001 633 3056 hae
656 3001 762 3056 aedium
788 3007 877 3056 esseut
901 3017 936 3054 an
959 3007 990 3056 ut
1011 3007 1074 3056 ruta
1158 2999 1198 3060 43
1226 3001 1307 3056 lom
1328 3001 1396 3058 libro
1423 3003 1518 3072 quinte
1545 3003 1732 3072 quaestionum
1767 3001 1853 3056 Titius
1880 3015 1939 3056 cum

262 3085 341 3124 caesa
365 3071 455 3124 vincta
479 3069 586 3140 fixaque
610 3073 696 3140 quae⁵
713 3069 817 3124 aedium
835 3087 889 3124 non
907 3079 1002 3124 essent.
1029 3069 1074 3124 ille
1125 3071 1278 3136 decederet,
1297 3069 1374 3124 Seiae
1391 3069 1511 3126 Stichum
1529 3071 1697 3140 Pamphilum
1713 3071 1875 3124 Arescmam
1892 3087 1936 3140 per

260 3139 396 3208 rescripsit
412 3139 525 3204 referre,
549 3139 612 3208 quid
630 3139 684 3194 acti
702 3145 780 3194 esset.
809 3139 873 3208 quid
890 3155 950 3206 crgo
968 3139 992 3192 si
1008 3139 1073 3194 nihil
1124 3139 1356 3196 fideicommissum
1372 3139 1479 3208 reliquit
1489 3141 1508 3172 ¹⁴
1527 3141 1636 3208 eiusque
1653 3137 1716 3194 fidei
1740 3139 1884 3204 commisit,
1907 3143 1938 3194 ut

262 3205 294 3262 de
311 3223 342 3260 ea
359 3223 388 3262 re
405 3223 492 3276 neque
509 3213 612 3276 emptor
629 3223 715 3276 neque
737 3207 859 3264 venditor
883 3207 1071 3276 cogitauerunt,
1124 3223 1215 3262 omnes
1239 3209 1275 3262 ad
1296 3209 1446 3262 libertatem
1471 3213 1533 3276 post
1556 3225 1656 3262 annum
1678 3207 1845 3276 perduceret.
1879 3223 1938 3262 cum

261 3281 291 3328 ιιι
308 3275 462 3344 plerumque
476 3275 504 3330 in
519 3277 648 3330 eiusmodi
661 3277 742 3330 rebus
759 3277 878 3330 evenisse
892 3277 967 3340 solet,
984 3289 1074 3330 nonne
1124 3277 1252 3346 legataria
1278 3277 1512 3338 fideicommissum
1535 3277 1570 3330 ad
1595 3291 1625 3330 se
1650 3277 1784 3346 pertinere
1809 3275 1939 3330 noluisset

260 3343 371 3412 propius
396 3349 449 3408 est,
476 3349 507 3398 nt
529 3343 630 3398 inserta
652 3349 680 3400 et
702 3345 807 3400 inclusa
831 3343 952 3400 aedificio
969 3349 1073 3412 partem
1124 3361 1174 3400 nec
1191 3351 1281 3400 tamen
1298 3345 1422 3400 heredem
1439 3361 1458 3398 a
1475 3359 1525 3398 sua
1541 3343 1668 3414 petitione
1685 3345 1838 3410 liberasset,
1862 3345 1937 3398 heres

263 3409 318 3466 eius
337 3427 395 3466 esse
413 3413 611 3466 existimemus?
1124 3413 1215 3468 eadem
1232 3413 1365 3482 mancipia
1383 3411 1541 3482 Sempronio
1559 3413 1678 3468 vendidit
1691 3413 1766 3466 nulla
1780 3427 1937 3468 commemo-

296 3475 335 3538 39
350 3479 619 3536 Monusrrrosllbro
634 3483 728 3552 quinto
743 3497 933 3552 responsorum
959 3481 1072 3548 Quaero,
1123 3481 1227 3536 ratione
1244 3481 1464 3536 fideicommissae
1487 3481 1617 3536 libertatis
1640 3481 1728 3536 facta:
1754 3487 1856 3550 emptor
1880 3495 1938 3534 cum

261 3547 962 3686 subtillitatetttlttmttlllsttb
980 3549 1073 3670 {lili
1123 3549 1938 3688 delicatissimistlttslbttsltttcittl

260 3689 350 3736 tamen
367 3657 483 3752 aliqua’ru
500 3691 603 3754 partem
622 3691 722 3738 certam
740 3701 769 3738 se
786 3701 841 3738 non
857 3655 993 3754 posside’re
1016 3701 1072 3738 uon
1124 3685 1231 3754 cognita
1247 3685 1383 3742 voluntate
1402 3659 1522 3740 defuncti
1539 3685 1769 3748 fideicommissum
1785 3685 1936 3740 libertatem

262 3751 442 3806 certioraverit
465 3759 621 3820 emptorem,
645 3769 681 3806 an
704 3769 736 3808 ex
761 3759 848 3820 empto
866 3751 963 3806 iudicio
980 3757 1071 3808 tenea·
1123 3753 1254 3824 petissent
1261 3759 1288 3808 et
1301 3753 1425 3808 heredem
1438 3753 1474 3808 ad
1488 3759 1639 3822 praetorem
1653 3755 1848 3822 perduxissent,
1862 3753 1938 3808 iussn

259 3825 312 3884 tur,
332 3835 392 3874 cum
408 3821 476 3874 haec
492 3823 621 3888 generalis
641 3821 753 3874 adiectio
772 3821 807 3874 ad
826 3835 866 3886 ea,
885 3835 953 3890 quae
969 3821 1072 3890 specie·
1123 3823 1255 3892 praetoris
1274 3823 1308 3876 ab
1325 3823 1423 3876 herede
1441 3827 1504 3876 sunt
1520 3823 1683 3878 manumissi.
1719 3825 1854 3878 muscosa
1871 3839 1936 3892 quo·

260 3889 321 3940 liter
343 3887 416 3940 novit
438 3889 483 3958 qui
506 3889 623 3942 vendidit
644 3905 696 3942 nec
719 3889 837 3958 excepit,
863 3887 994 3958 pertinere
1018 3905 1073 3944 non
1124 3905 1176 3958 qne
1193 3889 1263 3944 nolle
1281 3895 1469 3958 coemptorem
1483 3895 1626 3960 patronum
1640 3891 1740 3946 habere
1754 3889 1935 3958 responderat.

209 3959 211 3962 '
262 3955 366 4020 debeat,
383 3971 416 4010 ne
433 3955 549 4024 alioquin
564 3961 666 4024 emptor
681 3957 830 4024 capiatnr⁷,
848 3957 894 4024 qui
910 3957 1032 4024 fortasse,
1049 3957 1073 4012 si
1125 3975 1184 4012 cum
1202 3963 1305 4026 emptor
1320 3959 1436 4026 pretium
1453 3973 1473 4012 a
1487 3958 1625 4014 venditore
1643 3961 1724 4026 empti
1741 3959 1838 4012 iudicio
1856 3959 1936 4012 Ares-

261 4023 312 4078 hoc
332 4023 510 4090 cognovisset,
534 4027 576 4078 vel
593 4029 729 4094 empturus
747 4041 802 4078 non
820 4031 891 4078 esset
906 4027 947 4078 vel
964 4025 1072 4078 minoris
1124 4041 1205 4080 cusae
1222 4041 1328 4094 quoque
1345 4027 1452 4082 nomine
1469 4031 1616 4096 repeteret,
1640 4027 1738 4080 lectum
1762 4033 1803 4080 est
1825 4043 1936 4096 respon·

261 4097 398 4162 empturus
416 4099 492 4158 esset,
511 4093 534 4146 si
551 4093 710 4148 certioratus
728 4093 837 4148 deloco
857 4099 930 4148 certo
944 4093 1071 4148 fuisset⁸r
1124 4111 1182 4150 sum
1199 4093 1309 4148 Domitii
1318 4097 1338 4126 ¹⁵
1355 4093 1477 4162 Ulpiani,
1503 4111 1555 4162 qno
1574 4093 1761 4150 continebatur
1777 4095 1937 4150 Arescusam

263 4177 323 4216 cum
339 4161 392 4216 hoc
410 4165 437 4214 et
453 4161 525 4230 apud
541 4167 644 4216 veteres
659 4161 693 4216 sit
707 4163 819 4216 relatum
833 4161 861 4216 in
877 4161 933 4216 eius
948 4177 1071 4232 persona,
1123 4161 1257 4232 pertinere
1273 4163 1308 4216 ad
1323 4163 1483 4232 rescriptum
1500 4177 1638 4218 sacrarum
1656 4163 1889 4226 constitutionum,
1913 4163 1935 4216 si

262 4231 307 4300 qui
324 4229 363 4284 sic
380 4235 534 4298 exceperats
554 4231 701 4284 ‘servitutes
720 4231 742 4284 si
757 4247 825 4300 quae
838 4231 973 4296 debentur,
992 4231 1071 4284 debe·
1124 4231 1206 4286 nollet
1223 4237 1368 4300 emptorem
1384 4237 1530 4300 patronum
1546 4231 1660 4286 habere:
1685 4237 1830 4300 emptorem
1847 4237 1936 4286 temen

263 4299 392 4354 ‘nurture
412 4299 508 4352 etenim
525 4297 593 4352 iuris·
607 4305 729 4354 auctores
747 4299 956 4368 responderunt,
974 4299 997 4354 si
1014 4315 1071 4354 cer·
1124 4299 1188 4354 nihil
1210 4315 1291 4366 posse
1313 4305 1376 4368 post
1397 4301 1632 4354 manumissionem
1655 4315 1672 4354 a
1688 4301 1825 4354 venditore
1842 4315 1935 4354 conse-

261 4373 305 4420 tus
322 4367 443 4420 venditor
460 4367 618 4436 quibusdam
635 4367 756 4434 personis
772 4373 859 4420 certas
874 4369 1012 4422 servitutes
1025 4367 1071 4420 de·
1124 4367 1176 4448 qui.
1205 4383 1253 4436 ego
1271 4383 1332 4420 cum
1349 4369 1525 4422 meminissem
1544 4373 1570 4420 et
1587 4369 1718 4422 Iulianum
1733 4369 1762 4422 in
1781 4383 1812 4422 ea
1830 4373 1935 4422 senten-

262 4435 324 4490 here
341 4451 396 4488 non
413 4433 595 4488 admonuisset
612 4439 772 4504 emptorem,
797 4451 831 4488 ex
848 4441 936 4504 empto
955 4453 1014 4490 eum
1031 4441 1071 4488 te·
1123 4441 1161 4488 tra
1179 4449 1251 4500 esse,
1274 4441 1305 4486 ut
1323 4435 1486 4490 existimaret
1502 4441 1565 4506 post
1581 4435 1814 4492 manumissionem
1831 4451 1935 4504 quoquc

263 4505 319 4558 neri
336 4501 446 4568 debere,
470 4503 576 4572 quando
594 4503 661 4558 haec
677 4503 809 4572 generalis
827 4503 948 4572 exceptio
965 4519 1020 4558 non
1037 4501 1072 4558 ad
1118 4503 1205 4572 empti
1223 4501 1355 4556 achonem
1372 4503 1485 4570 durare,
1503 4519 1620 4574 quaero,
1638 4519 1708 4574 quae
1724 4505 1857 4558 sententia
1873 4519 1935 4558 vera

263 4589 295 4626 en
320 4573 452 4652 pertinere
479 4573 588 4638 debeat,
614 4587 684 4642 quae
708 4571 829 4626 uenditor
854 4573 928 4626 novit
953 4585 1073 4641 quaeque
1124 4577 1171 4624 est.
1198 4571 1263 4624 illud
1281 4573 1361 4626 etiam
1376 4573 1404 4626 in
1423 4573 1516 4628 eadem
1535 4571 1686 4642 cognitione
1703 4573 1809 4626 nomine
1833 4577 1933 4642 empto-

263 4641 412 4710 spemaliter
429 4641 551 4708 excipere
569 4645 596 4694 et
611 4639 700 4708 potuit
717 4645 744 4692 et
767 4639 873 4704 debuit,
897 4639 944 4694 scd
973 4641 1008 4694 ad
1031 4655 1071 4702 cn,
1123 4641 1159 4692 ris
1178 4639 1391 4704 desiderabatur,
1409 4645 1595 4708 assumptus,
1614 4657 1681 4708 qnos
1698 4641 1726 4692 in
1743 4657 1826 4694 uuum
1844 4657 1876 4696 ex
1893 4639 1934 4692 his

263 4725 332 4778 quac
348 4709 479 4778 ignoravit
495 4713 522 4762 et
539 4707 572 4762 de
590 4709 685 4778 quibus
704 4713 850 4776 emptorem
865 4709 1008 4762 certiorare
1025 4723 1071 4762 ne·
1124 4721 1201 4776 quem
1227 4707 1360 4762 erudierat
1385 4707 1502 4774 iecerat,
1535 4709 1559 4760 ei
1589 4709 1793 4762 restituerentur
1802 4707 1831 4760 ¹⁶.
1865 4709 1934 4762 idem

264 4777 353 4848 quivit.
387 4777 536 4832 Herennius
554 4777 720 4830 Modestinus
737 4775 884 4844 respondit,
902 4777 924 4830 si
941 4775 1005 4844 quid
1021 4775 1071 4830 cir-
1124 4789 1238 4844 quaero,
1256 4777 1404 4842 Arescusa,
1428 4791 1497 4844 quae
1519 4777 1652 4830 recusavit
1676 4781 1821 4844 emptorem
1843 4781 1933 4846 petro-

266 4845 444 4900 cumvenieudi
467 4845 592 4914 emptoris
617 4861 699 4900 cansa
724 4843 846 4898 venditor
871 4845 900 4898 in
926 4845 1014 4912 specie
1039 4843 1073 4898 de
1124 4861 1187 4898 num
1209 4843 1323 4910 habere,
1347 4845 1423 4898 cuius
1441 4843 1476 4898 sit
1492 4845 1589 4898 liberta
1606 4843 1771 4900 constituta?
1796 4859 1832 4896 an
1849 4843 1934 4912 possit

265 4931 316 4984 que
330 4915 465 4984 quaeritur
478 4913 550 4978 fecit,
568 4929 600 4968 ex
615 4919 702 4982 empto
717 4913 822 4966 actione
836 4913 969 4966 conveniri
983 4927 1071 4982 posse.
1122 4913 1164 4966 sel
1181 4911 1334 4980 legatarium
1351 4927 1419 4980 qnae
1436 4927 1491 4966 non
1508 4911 1630 4966 liberavit
1646 4913 1689 4966 vel
1705 4911 1828 4966 heredem
1842 4919 1932 4980 patro-

297 4981 336 5042 40
361 4983 531 5038 Perpessus
546 4981 614 5038 libro
632 4983 769 5052 tripesiurc
781 4981 874 5050 primo
892 4981 930 5034 ad
947 4979 1071 5044 (ιιιιιιιιιιιι
1123 4997 1186 5034 num
1203 4981 1321 5034 habere?
1346 4995 1409 5032 nam
1427 4981 1509 5032 ceteri
1526 4979 1578 5034 ιιιιο
1602 4981 1637 5032 ab
1660 4979 1759 5034 herede
1781 4979 1933 5034 manumissi

263 5049 381 5108 Mucium
416 5051 528 5120 Quintus
545 5049 647 5104 Mucius
665 5049 771 5104 scribit:
796 5047 1072 5104 dominacionem
1123 5053 1193 5104 sant.
1226 5047 1365 5116 respondi:
1389 5063 1494 5116 semper
1519 5047 1631 5116 probavi
1655 5047 1752 5100 Iuliani
1778 5047 1932 5102 sententiam

263 5119 372 5186 praedio
387 5119 495 5174 arbores
509 5123 611 5172 stantes
624 5117 780 5172 vendiderat
798 5123 825 5170 et
841 5131 889 5186 pro
906 5115 948 5170 his
965 5117 1071 5170 rebus⁸¹
1122 5115 1242 5184 putantis
1265 5115 1470 5170 manumissione
1487 5131 1541 5168 non
1559 5115 1690 5170 amittitur
1708 5131 1738 5170 eo
1756 5115 1873 5170 modo¹⁷.
1901 5115 1933 5170 de

263 5187 403 5254 pecuniam
420 5187 525 5256 accepit
542 5191 568 5240 et
584 5185 690 5240 uadem
704 5187 826 5240 nolebatr
845 5189 948 5254 emptor
960 5199 1071 5254 quaere·
1123 5199 1182 5238 sum
1200 5185 1272 5238 tibus
1289 5197 1366 5248 vero,
1390 5197 1457 5252 quos
1475 5181 1503 5236 in
1520 5181 1693 5236 erudiendum
1711 5183 1844 5236 hominem
1861 5197 1931 5250 emp-

263 5255 324 5320 hat,
347 5257 411 5324 quid
427 5271 456 5310 se
473 5255 561 5308 facere
578 5259 725 5324 oporteret,
749 5259 777 5308 et
791 5253 947 5316 verebatur,
969 5269 1004 5308 ne
1020 5255 1071 5308 hae
1121 5257 1164 5306 tor
1181 5201 1253 5318 iecit,
1271 5251 1410 5304 videndum
1428 5255 1482 5304 est:
1500 5265 1563 5330 nam
1580 5251 1662 5320 empti
1678 5251 1805 5332 iudicium
1823 5251 1857 5304 sd
1875 5265 1932 5304 eam

265 5323 372 5378 arbores
389 5325 446 5378 eius
463 5341 516 5378 uon
533 5323 684 5378 viderentur
700 5323 799 5378 factae.
826 5323 1009 5376 Perpessus:
1026 5337 1070 5374 ar·
1096 5377 1097 5380 ,
1122 5335 1227 5390 quoque
1244 5319 1359 5390 speciem
1376 5317 1500 5374 sufficere
1515 5321 1650 5374 onesimo:
1669 5335 1723 5374 non
1737 5335 1806 5374 enim
1820 5321 1932 5388 pretium

1841 5437 1929 5444 ——-

266 5499 295 5558 (1)
314 5497 340 5544 ιι
354 5495 475 5558 quaedam
484 5511 568 5546 earum
577 5495 710 5546 velomnes
719 5495 814 5546 evictae
825 5497 1071 5548 cintiussecandum
1123 5493 1165 5556 (13)
1184 5491 1290 5542 alterum
1304 5493 1365 5542 item
1380 5491 1479 5554 decem,
1501 5491 1545 5554 qui
1566 5491 1677 5554 quinque
1692 5491 1751 5542 dare
1765 5487 1872 5540 debebat
1886 5493 1930 5542 ius.

265 5563 293 5614 B
359 5563 391 5624 (ι)
410 5563 544 5626 quicquam
553 5565 608 5614 dett.
692 5563 724 5628 (3)
743 5565 897 5626 ct]essescr.
974 5563 1007 5626 (4)
1025 5577 1070 5612 uu·
1124 5559 1341 5626 (ιι)ιι1ἰιιι]ιιίιΡ
1430 5561 1474 5622 (15)
1491 5557 1708 5618 sicS‚dominiF
1749 5563 1751 5568 ‘
1796 5559 1841 5624 (16)
1858 5559 1930 5608 resti·

265 5629 348 5680 temF
419 5629 450 5692 (5)
469 5631 654 5692 quaereretur.
725 5631 756 5694 (6)
776 5631 866 5680 utiF‘
938 5629 970 5692 (ι)
988 5629 1071 5696 capia-
1122 5629 1260 5678 tuenturF
1307 5629 1350 5692 (ιι)
1368 5629 1404 5680 sie
1406 5629 1464 5694 fiere
1472 5625 1779 5692 supplesmanumisione
1787 5641 1839 5676 non
1847 5627 1930 5678 amitti

266 5697 338 5748 tan
373 5697 406 5760 (8)
416 5695 438 5744 si
447 5695 594 5746 certioratus
604 5697 634 5746 de
642 5695 699 5746 loeo
708 5701 777 5748 certo
785 5697 875 5748 inisset
883 5697 929 5750 let
981 5701 1071 5762 (ε’)ιι-
1122 5695 1210 5762 [empti
1218 5695 1356 5746 actionemr
1371 5695 1458 5760 itaque
1472 5693 1540 5760 qaod
1554 5695 1594 5746 ins
1603 5695 1694 5746 habuit
1709 5699 1806 5762 emptor
1814 5695 1930 5748 aduersus

264 5761 321 5826 bus]
330 5761 461 5814 arboribus
469 5773 516 5812 scr.
578 5765 610 5826 (s)
629 5765 753 5818 intrasor.
814 5767 859 5830 (ιιι)
878 5765 1070 5818 constitutoscr.
1122 5763 1501 5828 heredemArercuseenomiue,
1517 5763 1930 5830 ruimmumuiteemmonsmir·

265 5835 307 5896 (ιι)
325 5831 435 5882 desiitF
522 5831 779 5896 (11¹)quam1velser.
865 5839 908 5896 (ιι)
926 5833 1071 5884 constetF²
1122 5833 1317 5898 ti]tureomodo
