<?xml version="1.0" encoding="UTF-8"?>
<!DOCTYPE html PUBLIC "-//W3C//DTD XHTML 1.0 Transitional//EN"
    "http://www.w3.org/TR/xhtml1/DTD/xhtml1-transitional.dtd">
<html xmlns="http://www.w3.org/1999/xhtml" xml:lang="en" lang="en">
 <head>
  <title>
</title>
<meta http-equiv="Content-Type" content="text/html;charset=utf-8" />
  <meta name='ocr-system' content='tesseract 3.04.00' />
  <meta name='ocr-capabilities' content='ocr_page ocr_carea ocr_par ocr_line ocrx_word'/>
</head>
<body>
  <div class='ocr_page' id='page_1' title='image "./corpusiuriscivi00schogoog/corpusiuriscivi00schogoog_0722.png"; bbox 0 0 4366 6258; ppageno 0'>
   <div class='ocr_carea' id='block_1_1' title="bbox 237 379 465 434">
    <p class='ocr_par' dir='ltr' id='par_1_1' title="bbox 237 379 465 434">
     <span class='ocr_line' id='line_1_1' title="bbox 237 379 465 434; baseline -0.031 0"><span class='ocrx_word' id='word_1_1' title='bbox 237 379 465 434; x_wconf 67' lang='lat' dir='ltr'><strong>boloniensibus</strong></span> 
     </span>
    </p>
   </div>
   <div class='ocr_carea' id='block_1_2' title="bbox 891 451 985 462">
    <p class='ocr_par' dir='ltr' id='par_1_2' title="bbox 891 451 985 462">
     <span class='ocr_line' id='line_1_2' title="bbox 891 451 985 462; baseline -0.021 0"><span class='ocrx_word' id='word_1_2' title='bbox 891 451 985 462; x_wconf 70' lang='lat' dir='ltr'>——n-</span> 
     </span>
    </p>
   </div>
   <div class='ocr_carea' id='block_1_3' title="bbox 232 537 1017 3644">
    <p class='ocr_par' dir='ltr' id='par_1_3' title="bbox 236 537 1017 1220">
     <span class='ocr_line' id='line_1_3' title="bbox 237 537 1016 628; baseline -0.012 -29"><span class='ocrx_word' id='word_1_3' title='bbox 237 557 291 614; x_wconf 66' lang='lat' dir='ltr'><strong>spem</strong></span> <span class='ocrx_word' id='word_1_4' title='bbox 311 553 339 606; x_wconf 79' lang='grc'><strong>2</strong></span> <span class='ocrx_word' id='word_1_5' title='bbox 361 547 443 604; x_wconf 79' lang='lat' dir='ltr'><strong>hundo</strong></span> <span class='ocrx_word' id='word_1_6' title='bbox 465 545 511 628; x_wconf 85' lang='lat' dir='ltr'><strong>qni</strong></span> <span class='ocrx_word' id='word_1_7' title='bbox 534 543 666 610; x_wconf 77' lang='lat' dir='ltr'><strong>obligatus</strong></span> <span class='ocrx_word' id='word_1_8' title='bbox 689 545 730 598; x_wconf 85' lang='lat' dir='ltr'><strong>est</strong></span> <span class='ocrx_word' id='word_1_9' title='bbox 752 541 889 598; x_wconf 76' lang='lat' dir='ltr'><strong>obseruari</strong></span> <span class='ocrx_word' id='word_1_10' title='bbox 910 537 1016 610; x_wconf 85' lang='lat' dir='ltr'><strong>poterit,</strong></span> 
     </span>
     <span class='ocr_line' id='line_1_4' title="bbox 239 615 998 692; baseline -0.016 -16"><span class='ocrx_word' id='word_1_11' title='bbox 239 619 378 692; x_wconf 69' lang='lat' dir='ltr'><strong>apronium</strong></span> <span class='ocrx_word' id='word_1_12' title='bbox 394 615 552 668; x_wconf 81' lang='lat' dir='ltr'><strong>excutiatur.</strong></span> <span class='ocrx_word' id='word_1_13' title='bbox 992 671 998 684; x_wconf 47' lang='lat'>‚</span> 
     </span>
     <span class='ocr_line' id='line_1_5' title="bbox 264 671 1016 756; baseline -0.02 -15"><span class='ocrx_word' id='word_1_14' title='bbox 264 687 312 748; x_wconf 84' lang='lat'><strong>19¹</strong></span> <span class='ocrx_word' id='word_1_15' title='bbox 326 687 404 742; x_wconf 77' lang='lat' dir='ltr'><strong>Iona</strong></span> <span class='ocrx_word' id='word_1_16' title='bbox 422 679 489 734; x_wconf 75' lang='lat' dir='ltr'><strong>latu-0</strong></span> <span class='ocrx_word' id='word_1_17' title='bbox 510 677 688 748; x_wconf 82' lang='lat' dir='ltr'><strong>octopcosimo</strong></span> <span class='ocrx_word' id='word_1_18' title='bbox 711 675 874 756; x_wconf 65' lang='lat' dir='ltr'><strong>digestorum</strong></span> <span class='ocrx_word' id='word_1_19' title='bbox 913 673 942 754; x_wconf 78' lang='lat' dir='ltr'><strong>Si</strong></span> <span class='ocrx_word' id='word_1_20' title='bbox 961 671 1016 726; x_wconf 89' lang='lat' dir='ltr'><strong>fiho</strong></span> 
     </span>
     <span class='ocr_line' id='line_1_6' title="bbox 237 739 1017 818; baseline -0.014 -12"><span class='ocrx_word' id='word_1_21' title='bbox 237 759 329 818; x_wconf 74' lang='grc'>121122</span> <span class='ocrx_word' id='word_1_22' title='bbox 345 767 386 806; x_wconf 91' lang='lat' dir='ltr'><strong>res</strong></span> <span class='ocrx_word' id='word_1_23' title='bbox 403 745 495 802; x_wconf 83' lang='lat' dir='ltr'><strong>mortis</strong></span> <span class='ocrx_word' id='word_1_24' title='bbox 509 761 591 800; x_wconf 86' lang='lat' dir='ltr'><strong>causa</strong></span> <span class='ocrx_word' id='word_1_25' title='bbox 604 743 669 796; x_wconf 89' lang='lat' dir='ltr'><strong>data</strong></span> <span class='ocrx_word' id='word_1_26' title='bbox 682 741 763 798; x_wconf 87' lang='lat' dir='ltr'><strong>fucmt</strong></span> <span class='ocrx_word' id='word_1_27' title='bbox 777 749 804 796; x_wconf 93' lang='lat' dir='ltr'><strong>et</strong></span> <span class='ocrx_word' id='word_1_28' title='bbox 815 739 1017 802; x_wconf 77' lang='lat' dir='ltr'><strong>consulmsset²‚</strong></span> 
     </span>
     <span class='ocr_line' id='line_1_7' title="bbox 238 805 1017 884; baseline -0.032 0"><span class='ocrx_word' id='word_1_29' title='bbox 238 829 330 884; x_wconf 89' lang='lat' dir='ltr'><strong>donator</strong></span> <span class='ocrx_word' id='word_1_30' title='bbox 346 817 475 874; x_wconf 74' lang='lat' dir='ltr'><strong>actionem</strong></span> <span class='ocrx_word' id='word_1_31' title='bbox 493 813 527 868; x_wconf 89' lang='lat' dir='ltr'><strong>de</strong></span> <span class='ocrx_word' id='word_1_32' title='bbox 542 811 645 882; x_wconf 87' lang='lat' dir='ltr'><strong>peculio</strong></span> <span class='ocrx_word' id='word_1_33' title='bbox 664 825 724 864; x_wconf 92' lang='lat' dir='ltr'><strong>cum</strong></span> <span class='ocrx_word' id='word_1_34' title='bbox 741 817 818 880; x_wconf 90' lang='lat' dir='ltr'><strong>patre</strong></span> <span class='ocrx_word' id='word_1_35' title='bbox 833 811 927 864; x_wconf 86' lang='lat' dir='ltr'><strong>habet:</strong></span> <span class='ocrx_word' id='word_1_36' title='bbox 949 811 978 862; x_wconf 88' lang='lat' dir='ltr'><strong>at</strong></span> <span class='ocrx_word' id='word_1_37' title='bbox 993 805 1017 862; x_wconf 87' lang='lat' dir='ltr'><strong>si</strong></span> 
     </span>
     <span class='ocr_line' id='line_1_8' title="bbox 237 879 1015 968; baseline -0.026 -20"><span class='ocrx_word' id='word_1_38' title='bbox 237 885 432 968; x_wconf 83' lang='lat' dir='ltr'><strong>paterfamilias,</strong></span> <span class='ocrx_word' id='word_1_39' title='bbox 456 897 516 934; x_wconf 91' lang='lat' dir='ltr'><strong>cum</strong></span> <span class='ocrx_word' id='word_1_40' title='bbox 538 881 630 934; x_wconf 86' lang='lat' dir='ltr'><strong>mortis</strong></span> <span class='ocrx_word' id='word_1_41' title='bbox 652 893 734 934; x_wconf 87' lang='lat' dir='ltr'><strong>causa</strong></span> <span class='ocrx_word' id='word_1_42' title='bbox 755 879 924 934; x_wconf 73' lang='lat' dir='ltr'><strong>donationem</strong></span> <span class='ocrx_word' id='word_1_43' title='bbox 940 889 1015 930; x_wconf 84' lang='lat' dir='ltr'><strong>acce·</strong></span> 
     </span>
     <span class='ocr_line' id='line_1_9' title="bbox 237 947 1016 1036; baseline -0.019 -23"><span class='ocrx_word' id='word_1_44' title='bbox 237 963 307 1036; x_wconf 79' lang='lat' dir='ltr'><strong>ptsset,</strong></span> <span class='ocrx_word' id='word_1_45' title='bbox 323 955 350 1008; x_wconf 92' lang='lat' dir='ltr'><strong>in</strong></span> <span class='ocrx_word' id='word_1_46' title='bbox 366 951 534 1018; x_wconf 89' lang='lat' dir='ltr'><strong>adoptionem</strong></span> <span class='ocrx_word' id='word_1_47' title='bbox 551 963 579 1002; x_wconf 87' lang='lat' dir='ltr'><strong>se</strong></span> <span class='ocrx_word' id='word_1_48' title='bbox 596 947 707 1012; x_wconf 79' lang='lat' dir='ltr'>dederit,</span> <span class='ocrx_word' id='word_1_49' title='bbox 725 961 767 1002; x_wconf 88' lang='lat' dir='ltr'><strong>res</strong></span> <span class='ocrx_word' id='word_1_50' title='bbox 784 947 844 1016; x_wconf 81' lang='lat' dir='ltr'><strong>Ipsa</strong></span> <span class='ocrx_word' id='word_1_51' title='bbox 858 961 875 1000; x_wconf 90' lang='lat' dir='ltr'><strong>a</strong></span> <span class='ocrx_word' id='word_1_52' title='bbox 889 947 1016 1000; x_wconf 86' lang='lat' dir='ltr'><strong>donatore</strong></span> 
     </span>
     <span class='ocr_line' id='line_1_10' title="bbox 236 1015 1017 1096; baseline -0.015 -18"><span class='ocrx_word' id='word_1_53' title='bbox 236 1027 350 1096; x_wconf 79' lang='lat' dir='ltr'><strong>ropetitur.</strong></span> <span class='ocrx_word' id='word_1_54' title='bbox 384 1017 516 1072; x_wconf 87' lang='grc'>2222212</span> <span class='ocrx_word' id='word_1_55' title='bbox 539 1015 629 1072; x_wconf 91' lang='lat' dir='ltr'><strong>simih&#39;s</strong></span> <span class='ocrx_word' id='word_1_56' title='bbox 653 1015 752 1080; x_wconf 87' lang='lat' dir='ltr'><strong>estis,</strong></span> <span class='ocrx_word' id='word_1_57' title='bbox 777 1015 914 1084; x_wconf 87' lang='lat' dir='ltr'><strong>quirem,</strong></span> <span class='ocrx_word' id='word_1_58' title='bbox 938 1027 1017 1084; x_wconf 87' lang='lat' dir='ltr'><strong>quam</strong></span> 
     </span>
     <span class='ocr_line' id='line_1_11' title="bbox 237 1081 1015 1154; baseline -0.012 -9"><span class='ocrx_word' id='word_1_59' title='bbox 237 1093 307 1152; x_wconf 80' lang='lat' dir='ltr'><strong>mortis</strong></span> <span class='ocrx_word' id='word_1_60' title='bbox 324 1103 402 1142; x_wconf 89' lang='lat' dir='ltr'><strong>causa</strong></span> <span class='ocrx_word' id='word_1_61' title='bbox 419 1089 570 1154; x_wconf 88' lang='lat' dir='ltr'><strong>acceperat,</strong></span> <span class='ocrx_word' id='word_1_62' title='bbox 593 1081 639 1136; x_wconf 91' lang='grc'>2111</span> <span class='ocrx_word' id='word_1_63' title='bbox 655 1099 735 1150; x_wconf 89' lang='lat' dir='ltr'><strong>porro</strong></span> <span class='ocrx_word' id='word_1_64' title='bbox 754 1083 869 1138; x_wconf 84' lang='lat' dir='ltr'><strong>dederit:</strong></span> <span class='ocrx_word' id='word_1_65' title='bbox 890 1099 952 1138; x_wconf 88' lang='lat' dir='ltr'><strong>nam</strong></span> <span class='ocrx_word' id='word_1_66' title='bbox 970 1081 1015 1136; x_wconf 89' lang='lat' dir='ltr'><strong>do·</strong></span> 
     </span>
     <span class='ocr_line' id='line_1_12' title="bbox 237 1151 969 1220; baseline -0.01 -9"><span class='ocrx_word' id='word_1_67' title='bbox 237 1165 297 1218; x_wconf 78' lang='lat' dir='ltr'><strong>nator</strong></span> <span class='ocrx_word' id='word_1_68' title='bbox 309 1157 369 1210; x_wconf 89' lang='lat' dir='ltr'><strong>huic</strong></span> <span class='ocrx_word' id='word_1_69' title='bbox 386 1169 439 1206; x_wconf 90' lang='lat' dir='ltr'><strong>non</strong></span> <span class='ocrx_word' id='word_1_70' title='bbox 455 1167 521 1216; x_wconf 91' lang='lat' dir='ltr'><strong>rem,</strong></span> <span class='ocrx_word' id='word_1_71' title='bbox 539 1151 585 1204; x_wconf 90' lang='lat' dir='ltr'><strong>sed</strong></span> <span class='ocrx_word' id='word_1_72' title='bbox 601 1151 717 1220; x_wconf 91' lang='lat' dir='ltr'><strong>pretium</strong></span> <span class='ocrx_word' id='word_1_73' title='bbox 735 1153 792 1206; x_wconf 87' lang='lat' dir='ltr'><strong>eius</strong></span> <span class='ocrx_word' id='word_1_74' title='bbox 809 1151 969 1206; x_wconf 82' lang='lat' dir='ltr'><strong>condiceret.</strong></span> 
     </span>
    </p>

    <p class='ocr_par' dir='ltr' id='par_1_4' title="bbox 236 1217 1017 1566">
     <span class='ocr_line' id='line_1_13' title="bbox 261 1217 1016 1290; baseline -0.007 -14"><span class='ocrx_word' id='word_1_75' title='bbox 261 1223 384 1282; x_wconf 78' lang='grc'>2111222</span> <span class='ocrx_word' id='word_1_76' title='bbox 403 1219 469 1274; x_wconf 88' lang='lat' dir='ltr'><strong>libro</strong></span> <span class='ocrx_word' id='word_1_77' title='bbox 492 1219 584 1290; x_wconf 83' lang='lat' dir='ltr'><strong>primo</strong></span> <span class='ocrx_word' id='word_1_78' title='bbox 607 1217 645 1272; x_wconf 85' lang='lat' dir='ltr'><strong>ecl</strong></span> <span class='ocrx_word' id='word_1_79' title='bbox 671 1217 790 1272; x_wconf 82' lang='lat' dir='ltr'><strong>Urseium</strong></span> <span class='ocrx_word' id='word_1_80' title='bbox 812 1219 939 1274; x_wconf 77' lang='lat' dir='ltr'><strong>Ferocem</strong></span> <span class='ocrx_word' id='word_1_81' title='bbox 974 1219 1016 1284; x_wconf 87' lang='lat' dir='ltr'><strong>Ei,</strong></span> 
     </span>
     <span class='ocr_line' id='line_1_14' title="bbox 249 1287 1017 1356; baseline -0.001 -14"><span class='ocrx_word' id='word_1_82' title='bbox 249 1293 333 1348; x_wconf 76' lang='lat' dir='ltr'><strong>utnon</strong></span> <span class='ocrx_word' id='word_1_83' title='bbox 353 1287 465 1356; x_wconf 88' lang='lat' dir='ltr'><strong>amplius</strong></span> <span class='ocrx_word' id='word_1_84' title='bbox 488 1291 565 1356; x_wconf 89' lang='lat' dir='ltr'><strong>parta</strong></span> <span class='ocrx_word' id='word_1_85' title='bbox 591 1301 686 1354; x_wconf 85' lang='lat' dir='ltr'><strong>capere</strong></span> <span class='ocrx_word' id='word_1_86' title='bbox 708 1291 828 1354; x_wconf 87' lang='lat' dir='ltr'><strong>poterat,</strong></span> <span class='ocrx_word' id='word_1_87' title='bbox 851 1289 954 1356; x_wconf 85' lang='lat' dir='ltr'><strong>legatus</strong></span> <span class='ocrx_word' id='word_1_88' title='bbox 977 1293 1017 1342; x_wconf 90' lang='lat' dir='ltr'><strong>est</strong></span> 
     </span>
     <span class='ocr_line' id='line_1_15' title="bbox 236 1313 1015 1420; baseline 0 -10"><span class='ocrx_word' id='word_1_89' title='bbox 236 1313 371 1420; x_wconf 65' lang='grc'>1212221</span> <span class='ocrx_word' id='word_1_90' title='bbox 393 1357 483 1408; x_wconf 90' lang='lat' dir='ltr'><strong>decem</strong></span> <span class='ocrx_word' id='word_1_91' title='bbox 504 1355 619 1408; x_wconf 90' lang='lat' dir='ltr'><strong>dedisset</strong></span> <span class='ocrx_word' id='word_1_92' title='bbox 639 1355 743 1408; x_wconf 86' lang='lat' dir='ltr'><strong>heredi:</strong></span> <span class='ocrx_word' id='word_1_93' title='bbox 768 1373 822 1410; x_wconf 89' lang='lat' dir='ltr'><strong>nou</strong></span> <span class='ocrx_word' id='word_1_94' title='bbox 843 1363 927 1412; x_wconf 84' lang='lat' dir='ltr'><strong>totam</strong></span> <span class='ocrx_word' id='word_1_95' title='bbox 944 1373 1015 1412; x_wconf 91' lang='lat' dir='ltr'><strong>sum·</strong></span> 
     </span>
     <span class='ocr_line' id='line_1_16' title="bbox 236 1421 1017 1494; baseline 0 -14"><span class='ocrx_word' id='word_1_96' title='bbox 236 1441 288 1486; x_wconf 85' lang='lat' dir='ltr'><strong>nau</strong></span> <span class='ocrx_word' id='word_1_97' title='bbox 306 1423 327 1476; x_wconf 92' lang='lat' dir='ltr'><strong>is</strong></span> <span class='ocrx_word' id='word_1_98' title='bbox 349 1423 411 1476; x_wconf 90' lang='lat' dir='ltr'><strong>dare</strong></span> <span class='ocrx_word' id='word_1_99' title='bbox 434 1421 525 1488; x_wconf 88' lang='lat' dir='ltr'><strong>debet,</strong></span> <span class='ocrx_word' id='word_1_100' title='bbox 548 1427 579 1476; x_wconf 91' lang='lat' dir='ltr'><strong>ut</strong></span> <span class='ocrx_word' id='word_1_101' title='bbox 602 1429 705 1492; x_wconf 84' lang='lat' dir='ltr'><strong>partem</strong></span> <span class='ocrx_word' id='word_1_102' title='bbox 727 1423 945 1494; x_wconf 78' lang='lat' dir='ltr'><strong>humectaret,</strong></span> <span class='ocrx_word' id='word_1_103' title='bbox 971 1425 1017 1480; x_wconf 91' lang='lat' dir='ltr'><strong>sed</strong></span> 
     </span>
     <span class='ocr_line' id='line_1_17' title="bbox 236 1489 1015 1566; baseline 0.003 -20"><span class='ocrx_word' id='word_1_104' title='bbox 236 1495 315 1566; x_wconf 83' lang='lat' dir='ltr'><strong>purtem</strong></span> <span class='ocrx_word' id='word_1_105' title='bbox 328 1489 462 1544; x_wconf 78' lang='lat' dir='ltr'><strong>dumtaxat</strong></span> <span class='ocrx_word' id='word_1_106' title='bbox 479 1507 528 1558; x_wconf 89' lang='lat' dir='ltr'><strong>pro</strong></span> <span class='ocrx_word' id='word_1_107' title='bbox 546 1495 614 1556; x_wconf 88' lang='lat' dir='ltr'><strong>rata,</strong></span> <span class='ocrx_word' id='word_1_108' title='bbox 632 1507 685 1560; x_wconf 89' lang='lat' dir='ltr'><strong>qua</strong></span> <span class='ocrx_word' id='word_1_109' title='bbox 701 1491 818 1562; x_wconf 84' lang='lat' dir='ltr'><strong>legatum</strong></span> <span class='ocrx_word' id='word_1_110' title='bbox 836 1495 1015 1564; x_wconf 87' lang='lat' dir='ltr'><strong>consequitur.</strong></span> 
     </span>
    </p>

    <p class='ocr_par' dir='ltr' id='par_1_5' title="bbox 236 1555 1016 1828">
     <span class='ocr_line' id='line_1_18' title="bbox 260 1555 1015 1630; baseline 0.008 -18"><span class='ocrx_word' id='word_1_111' title='bbox 260 1555 288 1616; x_wconf 93' lang='grc'><strong>21</strong></span> <span class='ocrx_word' id='word_1_112' title='bbox 306 1557 381 1610; x_wconf 77' lang='lat' dir='ltr'><strong>lusor</strong></span> <span class='ocrx_word' id='word_1_113' title='bbox 393 1559 459 1612; x_wconf 85' lang='lat' dir='ltr'><strong>libre</strong></span> <span class='ocrx_word' id='word_1_114' title='bbox 476 1559 591 1612; x_wconf 80' lang='lat' dir='ltr'><strong>secondo</strong></span> <span class='ocrx_word' id='word_1_115' title='bbox 608 1559 644 1612; x_wconf 85' lang='lat' dir='ltr'><strong>od</strong></span> <span class='ocrx_word' id='word_1_116' title='bbox 657 1559 776 1614; x_wconf 80' lang='lat' dir='ltr'><strong>Urseium</strong></span> <span class='ocrx_word' id='word_1_117' title='bbox 785 1563 912 1618; x_wconf 80' lang='lat' dir='ltr'><strong>Ferocem</strong></span> <span class='ocrx_word' id='word_1_118' title='bbox 937 1563 1015 1630; x_wconf 89' lang='lat' dir='ltr'><strong>Eum,</strong></span> 
     </span>
     <span class='ocr_line' id='line_1_19' title="bbox 236 1625 1015 1704; baseline 0.005 -22"><span class='ocrx_word' id='word_1_119' title='bbox 236 1627 268 1698; x_wconf 84' lang='lat' dir='ltr'><strong>qui</strong></span> <span class='ocrx_word' id='word_1_120' title='bbox 281 1629 306 1704; x_wconf 78' lang='lat' dir='ltr'><strong>ut</strong></span> <span class='ocrx_word' id='word_1_121' title='bbox 321 1625 404 1680; x_wconf 80' lang='lat' dir='ltr'><strong>adtret</strong></span> <span class='ocrx_word' id='word_1_122' title='bbox 419 1627 591 1682; x_wconf 87' lang='lat' dir='ltr'><strong>hereditatem</strong></span> <span class='ocrx_word' id='word_1_123' title='bbox 605 1629 746 1696; x_wconf 90' lang='lat' dir='ltr'><strong>pecuniam</strong></span> <span class='ocrx_word' id='word_1_124' title='bbox 764 1631 920 1700; x_wconf 83' lang='lat' dir='ltr'><strong>accepisset,</strong></span> <span class='ocrx_word' id='word_1_125' title='bbox 936 1633 1015 1700; x_wconf 87' lang='lat' dir='ltr'><strong>pleri-</strong></span> 
     </span>
     <span class='ocr_line' id='line_1_20' title="bbox 236 1693 1016 1768; baseline 0.008 -20"><span class='ocrx_word' id='word_1_126' title='bbox 236 1707 284 1766; x_wconf 82' lang='lat' dir='ltr'><strong>que,</strong></span> <span class='ocrx_word' id='word_1_127' title='bbox 297 1707 323 1744; x_wconf 91' lang='lat' dir='ltr'><strong>m</strong></span> <span class='ocrx_word' id='word_1_128' title='bbox 339 1695 432 1760; x_wconf 88' lang='lat' dir='ltr'><strong>quibus</strong></span> <span class='ocrx_word' id='word_1_129' title='bbox 449 1693 559 1748; x_wconf 90' lang='lat' dir='ltr'><strong>Priscus</strong></span> <span class='ocrx_word' id='word_1_130' title='bbox 577 1711 695 1764; x_wconf 88' lang='lat' dir='ltr'><strong>quoque,</strong></span> <span class='ocrx_word' id='word_1_131' title='bbox 713 1699 908 1768; x_wconf 85' lang='lat' dir='ltr'><strong>responderunt</strong></span> <span class='ocrx_word' id='word_1_132' title='bbox 925 1701 1016 1754; x_wconf 90' lang='lat' dir='ltr'><strong>mortis</strong></span> 
     </span>
     <span class='ocr_line' id='line_1_21' title="bbox 236 1761 507 1828; baseline 0 -16"><span class='ocrx_word' id='word_1_133' title='bbox 236 1773 297 1818; x_wconf 84' lang='grc'>2222</span> <span class='ocrx_word' id='word_1_134' title='bbox 311 1761 386 1810; x_wconf 81' lang='grc'><strong>2223</strong></span> <span class='ocrx_word' id='word_1_135' title='bbox 404 1775 507 1828; x_wconf 88' lang='lat' dir='ltr'><strong>capere.</strong></span> 
     </span>
    </p>

    <p class='ocr_par' dir='ltr' id='par_1_6' title="bbox 235 1823 1016 2034">
     <span class='ocr_line' id='line_1_22' title="bbox 259 1823 1016 1900; baseline 0.008 -18"><span class='ocrx_word' id='word_1_136' title='bbox 259 1823 291 1882; x_wconf 88' lang='grc'><strong>22</strong></span> <span class='ocrx_word' id='word_1_137' title='bbox 305 1825 467 1880; x_wconf 74' lang='lat' dir='ltr'><strong>Assinaros</strong></span> <span class='ocrx_word' id='word_1_138' title='bbox 479 1829 546 1882; x_wconf 85' lang='lat' dir='ltr'><strong>libro</strong></span> <span class='ocrx_word' id='word_1_139' title='bbox 559 1831 651 1900; x_wconf 81' lang='lat' dir='ltr'><strong>primo</strong></span> <span class='ocrx_word' id='word_1_140' title='bbox 669 1835 855 1900; x_wconf 79' lang='lat' dir='ltr'><strong>quaestionem</strong></span> <span class='ocrx_word' id='word_1_141' title='bbox 881 1833 912 1886; x_wconf 93' lang='lat' dir='ltr'><strong>In</strong></span> <span class='ocrx_word' id='word_1_142' title='bbox 924 1835 1016 1888; x_wconf 89' lang='lat' dir='ltr'><strong>mortis</strong></span> 
     </span>
     <span class='ocr_line' id='line_1_23' title="bbox 236 1891 1016 1966; baseline 0.005 -14"><span class='ocrx_word' id='word_1_143' title='bbox 236 1909 297 1952; x_wconf 79' lang='lat' dir='ltr'><strong>musa</strong></span> <span class='ocrx_word' id='word_1_144' title='bbox 308 1891 490 1948; x_wconf 83' lang='lat' dir='ltr'><strong>donationibus</strong></span> <span class='ocrx_word' id='word_1_145' title='bbox 506 1913 560 1950; x_wconf 88' lang='lat' dir='ltr'><strong>nou</strong></span> <span class='ocrx_word' id='word_1_146' title='bbox 571 1903 675 1966; x_wconf 89' lang='lat' dir='ltr'><strong>tempus</strong></span> <span class='ocrx_word' id='word_1_147' title='bbox 689 1897 849 1966; x_wconf 90' lang='lat' dir='ltr'><strong>donationis,</strong></span> <span class='ocrx_word' id='word_1_148' title='bbox 863 1903 911 1956; x_wconf 84' lang='lat' dir='ltr'><strong>sed</strong></span> <span class='ocrx_word' id='word_1_149' title='bbox 925 1903 1016 1956; x_wconf 86' lang='lat' dir='ltr'><strong>mortis</strong></span> 
     </span>
     <span class='ocr_line' id='line_1_24' title="bbox 235 1959 783 2034; baseline 0.015 -20"><span class='ocrx_word' id='word_1_150' title='bbox 235 1959 363 2020; x_wconf 76' lang='lat' dir='ltr'><strong>uiuendum</strong></span> <span class='ocrx_word' id='word_1_151' title='bbox 380 1969 428 2028; x_wconf 90' lang='lat' dir='ltr'><strong>est,</strong></span> <span class='ocrx_word' id='word_1_152' title='bbox 446 1977 481 2016; x_wconf 89' lang='lat' dir='ltr'><strong>an</strong></span> <span class='ocrx_word' id='word_1_153' title='bbox 499 1965 558 2032; x_wconf 88' lang='lat' dir='ltr'><strong>quis</strong></span> <span class='ocrx_word' id='word_1_154' title='bbox 576 1981 672 2034; x_wconf 87' lang='lat' dir='ltr'><strong>capere</strong></span> <span class='ocrx_word' id='word_1_155' title='bbox 689 1969 783 2034; x_wconf 89' lang='lat' dir='ltr'><strong>possit.</strong></span> 
     </span>
    </p>

    <p class='ocr_par' dir='ltr' id='par_1_7' title="bbox 234 2025 1017 2572">
     <span class='ocr_line' id='line_1_25' title="bbox 259 2025 1014 2104; baseline 0.017 -25"><span class='ocrx_word' id='word_1_156' title='bbox 259 2025 381 2086; x_wconf 80' lang='grc'>231222</span> <span class='ocrx_word' id='word_1_157' title='bbox 399 2031 466 2084; x_wconf 84' lang='lat' dir='ltr'><strong>libro</strong></span> <span class='ocrx_word' id='word_1_158' title='bbox 489 2033 606 2086; x_wconf 76' lang='lat' dir='ltr'><strong>samuelo</strong></span> <span class='ocrx_word' id='word_1_159' title='bbox 630 2037 816 2104; x_wconf 77' lang='lat' dir='ltr'><strong>quaestionem</strong></span> <span class='ocrx_word' id='word_1_160' title='bbox 851 2035 879 2090; x_wconf 79' lang='lat' dir='ltr'><strong>Si</strong></span> <span class='ocrx_word' id='word_1_161' title='bbox 902 2037 957 2092; x_wconf 87' lang='lat' dir='ltr'><strong>filio</strong></span> <span class='ocrx_word' id='word_1_162' title='bbox 974 2037 1014 2092; x_wconf 88' lang='lat' dir='ltr'><strong>ia-</strong></span> 
     </span>
     <span class='ocr_line' id='line_1_26' title="bbox 235 2097 1016 2158; baseline 0.012 -9"><span class='ocrx_word' id='word_1_163' title='bbox 235 2097 300 2156; x_wconf 84' lang='grc'>2112</span> <span class='ocrx_word' id='word_1_164' title='bbox 324 2097 412 2152; x_wconf 83' lang='lat' dir='ltr'><strong>mortis</strong></span> <span class='ocrx_word' id='word_1_165' title='bbox 437 2113 520 2152; x_wconf 87' lang='lat' dir='ltr'><strong>causa</strong></span> <span class='ocrx_word' id='word_1_166' title='bbox 543 2101 671 2154; x_wconf 90' lang='lat' dir='ltr'><strong>donatum</strong></span> <span class='ocrx_word' id='word_1_167' title='bbox 699 2101 735 2154; x_wconf 92' lang='lat' dir='ltr'><strong>sit</strong></span> <span class='ocrx_word' id='word_1_168' title='bbox 756 2109 784 2158; x_wconf 87' lang='lat' dir='ltr'><strong>et</strong></span> <span class='ocrx_word' id='word_1_169' title='bbox 805 2105 864 2158; x_wconf 81' lang='lat' dir='ltr'><strong>vivo</strong></span> <span class='ocrx_word' id='word_1_170' title='bbox 888 2103 1016 2158; x_wconf 90' lang='lat' dir='ltr'><strong>donatore</strong></span> 
     </span>
     <span class='ocr_line' id='line_1_27' title="bbox 235 2165 1016 2238; baseline 0.003 -16"><span class='ocrx_word' id='word_1_171' title='bbox 235 2165 337 2222; x_wconf 79' lang='grc'>2222122</span> <span class='ocrx_word' id='word_1_172' title='bbox 353 2165 431 2230; x_wconf 90' lang='lat' dir='ltr'><strong>iilius,</strong></span> <span class='ocrx_word' id='word_1_173' title='bbox 448 2173 525 2234; x_wconf 91' lang='lat' dir='ltr'><strong>pater</strong></span> <span class='ocrx_word' id='word_1_174' title='bbox 540 2167 618 2232; x_wconf 80' lang='grc'>21222,</span> <span class='ocrx_word' id='word_1_175' title='bbox 636 2169 786 2236; x_wconf 89' lang='lat' dir='ltr'><strong>quaesitum</strong></span> <span class='ocrx_word' id='word_1_176' title='bbox 804 2175 851 2236; x_wconf 91' lang='lat' dir='ltr'><strong>est,</strong></span> <span class='ocrx_word' id='word_1_177' title='bbox 870 2171 934 2238; x_wconf 87' lang='lat' dir='ltr'><strong>quid</strong></span> <span class='ocrx_word' id='word_1_178' title='bbox 950 2173 1016 2224; x_wconf 89' lang='lat' dir='ltr'><strong>iuris</strong></span> 
     </span>
     <span class='ocr_line' id='line_1_28' title="bbox 235 2233 1016 2306; baseline 0.005 -20"><span class='ocrx_word' id='word_1_179' title='bbox 235 2237 264 2290; x_wconf 82' lang='lat' dir='ltr'><strong>ut</strong></span> <span class='ocrx_word' id='word_1_180' title='bbox 291 2233 420 2300; x_wconf 85' lang='lat' dir='ltr'><strong>respondit</strong></span> <span class='ocrx_word' id='word_1_181' title='bbox 437 2239 522 2288; x_wconf 87' lang='lat' dir='ltr'><strong>morte</strong></span> <span class='ocrx_word' id='word_1_182' title='bbox 539 2233 586 2288; x_wconf 88' lang='lat' dir='ltr'><strong>filii</strong></span> <span class='ocrx_word' id='word_1_183' title='bbox 604 2235 798 2290; x_wconf 88' lang='lat' dir='ltr'><strong>condictionem</strong></span> <span class='ocrx_word' id='word_1_184' title='bbox 816 2243 974 2306; x_wconf 89' lang='lat' dir='ltr'><strong>competere,</strong></span> <span class='ocrx_word' id='word_1_185' title='bbox 992 2239 1016 2292; x_wconf 88' lang='lat' dir='ltr'><strong>si</strong></span> 
     </span>
     <span class='ocr_line' id='line_1_29' title="bbox 235 2299 1014 2370; baseline 0.003 -14"><span class='ocrx_word' id='word_1_186' title='bbox 235 2299 292 2358; x_wconf 90' lang='lat' dir='ltr'><strong>nodo</strong></span> <span class='ocrx_word' id='word_1_187' title='bbox 307 2299 371 2368; x_wconf 77' lang='lat' dir='ltr'><strong>ipsi⁴</strong></span> <span class='ocrx_word' id='word_1_188' title='bbox 388 2301 476 2368; x_wconf 89' lang='lat' dir='ltr'><strong>potius</strong></span> <span class='ocrx_word' id='word_1_189' title='bbox 489 2301 545 2356; x_wconf 83' lang='lat' dir='ltr'><strong>lilio</strong></span> <span class='ocrx_word' id='word_1_190' title='bbox 563 2317 642 2370; x_wconf 87' lang='lat' dir='ltr'><strong>quam</strong></span> <span class='ocrx_word' id='word_1_191' title='bbox 653 2305 726 2370; x_wconf 89' lang='lat' dir='ltr'><strong>patri</strong></span> <span class='ocrx_word' id='word_1_192' title='bbox 740 2301 886 2358; x_wconf 87' lang='lat' dir='ltr'><strong>donaturus</strong></span> <span class='ocrx_word' id='word_1_193' title='bbox 902 2303 1014 2360; x_wconf 85' lang='lat' dir='ltr'><strong>dederit:</strong></span> 
     </span>
     <span class='ocr_line' id='line_1_30' title="bbox 235 2367 1015 2446; baseline 0 -20"><span class='ocrx_word' id='word_1_194' title='bbox 235 2367 335 2446; x_wconf 80' lang='lat' dir='ltr'><strong>alioquin,</strong></span> <span class='ocrx_word' id='word_1_195' title='bbox 349 2369 372 2422; x_wconf 91' lang='lat' dir='ltr'><strong>si</strong></span> <span class='ocrx_word' id='word_1_196' title='bbox 386 2369 462 2436; x_wconf 87' lang='lat' dir='ltr'><strong>quasi</strong></span> <span class='ocrx_word' id='word_1_197' title='bbox 475 2369 621 2422; x_wconf 88' lang='lat' dir='ltr'><strong>ministerio</strong></span> <span class='ocrx_word' id='word_1_198' title='bbox 637 2371 693 2424; x_wconf 90' lang='lat' dir='ltr'><strong>eius</strong></span> <span class='ocrx_word' id='word_1_199' title='bbox 706 2375 786 2438; x_wconf 87' lang='lat' dir='ltr'><strong>pater</strong></span> <span class='ocrx_word' id='word_1_200' title='bbox 797 2389 861 2426; x_wconf 89' lang='lat' dir='ltr'><strong>usus</strong></span> <span class='ocrx_word' id='word_1_201' title='bbox 876 2371 918 2436; x_wconf 90' lang='lat' dir='ltr'><strong>sit,</strong></span> <span class='ocrx_word' id='word_1_202' title='bbox 932 2371 1015 2440; x_wconf 90' lang='lat' dir='ltr'><strong>ipsius</strong></span> 
     </span>
     <span class='ocr_line' id='line_1_31' title="bbox 234 2437 1017 2510; baseline 0.003 -20"><span class='ocrx_word' id='word_1_203' title='bbox 234 2443 297 2510; x_wconf 83' lang='lat' dir='ltr'><strong>putus</strong></span> <span class='ocrx_word' id='word_1_204' title='bbox 312 2441 418 2488; x_wconf 86' lang='lat' dir='ltr'><strong>mortem</strong></span> <span class='ocrx_word' id='word_1_205' title='bbox 440 2437 612 2504; x_wconf 88' lang='lat' dir='ltr'><strong>spectandam</strong></span> <span class='ocrx_word' id='word_1_206' title='bbox 633 2453 700 2492; x_wconf 87' lang='lat' dir='ltr'><strong>esse.</strong></span> <span class='ocrx_word' id='word_1_207' title='bbox 735 2437 816 2506; x_wconf 90' lang='lat' dir='ltr'><strong>idque</strong></span> <span class='ocrx_word' id='word_1_208' title='bbox 833 2439 898 2494; x_wconf 91' lang='lat' dir='ltr'><strong>iuris</strong></span> <span class='ocrx_word' id='word_1_209' title='bbox 916 2439 973 2494; x_wconf 86' lang='lat' dir='ltr'><strong>iore</strong></span> <span class='ocrx_word' id='word_1_210' title='bbox 989 2445 1017 2494; x_wconf 91' lang='lat' dir='ltr'><strong>et</strong></span> 
     </span>
     <span class='ocr_line' id='line_1_32' title="bbox 235 2503 669 2572; baseline 0.005 -18"><span class='ocrx_word' id='word_1_211' title='bbox 235 2503 288 2562; x_wconf 69' lang='lat' dir='ltr'><strong>ude</strong></span> <span class='ocrx_word' id='word_1_212' title='bbox 303 2519 413 2570; x_wconf 89' lang='lat' dir='ltr'><strong>persona</strong></span> <span class='ocrx_word' id='word_1_213' title='bbox 429 2505 498 2558; x_wconf 86' lang='lat' dir='ltr'><strong>servi</strong></span> <span class='ocrx_word' id='word_1_214' title='bbox 516 2509 669 2572; x_wconf 87' lang='lat' dir='ltr'><strong>quaeratur.</strong></span> 
     </span>
    </p>

    <p class='ocr_par' dir='ltr' id='par_1_8' title="bbox 233 2567 1017 2968">
     <span class='ocr_line' id='line_1_33' title="bbox 258 2567 1017 2640; baseline 0 -14"><span class='ocrx_word' id='word_1_215' title='bbox 258 2567 378 2626; x_wconf 80' lang='grc'>241222</span> <span class='ocrx_word' id='word_1_216' title='bbox 398 2571 466 2626; x_wconf 80' lang='lat' dir='ltr'><strong>libro</strong></span> <span class='ocrx_word' id='word_1_217' title='bbox 489 2587 560 2624; x_wconf 83' lang='lat' dir='ltr'><strong>occo</strong></span> <span class='ocrx_word' id='word_1_218' title='bbox 581 2571 768 2640; x_wconf 80' lang='lat' dir='ltr'><strong>qaaestionem</strong></span> <span class='ocrx_word' id='word_1_219' title='bbox 803 2571 880 2638; x_wconf 77' lang='lat' dir='ltr'><strong>Quod</strong></span> <span class='ocrx_word' id='word_1_220' title='bbox 904 2573 1017 2626; x_wconf 87' lang='lat' dir='ltr'><strong>debitori</strong></span> 
     </span>
     <span class='ocr_line' id='line_1_34' title="bbox 235 2639 1017 2708; baseline -0.003 -14"><span class='ocrx_word' id='word_1_221' title='bbox 235 2643 348 2708; x_wconf 82' lang='lat' dir='ltr'><strong>occeptum</strong></span> <span class='ocrx_word' id='word_1_222' title='bbox 368 2639 468 2694; x_wconf 88' lang='lat' dir='ltr'><strong>factum</strong></span> <span class='ocrx_word' id='word_1_223' title='bbox 490 2643 561 2692; x_wconf 88' lang='lat' dir='ltr'><strong>esset</strong></span> <span class='ocrx_word' id='word_1_224' title='bbox 577 2639 670 2692; x_wconf 85' lang='lat' dir='ltr'><strong>mortis</strong></span> <span class='ocrx_word' id='word_1_225' title='bbox 692 2653 788 2704; x_wconf 89' lang='lat' dir='ltr'><strong>causa,</strong></span> <span class='ocrx_word' id='word_1_226' title='bbox 811 2641 834 2694; x_wconf 89' lang='lat' dir='ltr'><strong>si</strong></span> <span class='ocrx_word' id='word_1_227' title='bbox 852 2641 1017 2694; x_wconf 84' lang='lat' dir='ltr'><strong>convaluerit</strong></span> 
     </span>
     <span class='ocr_line' id='line_1_35' title="bbox 234 2707 1014 2776; baseline -0.006 -11"><span class='ocrx_word' id='word_1_228' title='bbox 234 2711 334 2774; x_wconf 83' lang='lat' dir='ltr'><strong>donator,</strong></span> <span class='ocrx_word' id='word_1_229' title='bbox 356 2707 435 2760; x_wconf 90' lang='lat' dir='ltr'><strong>etiam</strong></span> <span class='ocrx_word' id='word_1_230' title='bbox 458 2713 578 2774; x_wconf 89' lang='lat' dir='ltr'><strong>tempore</strong></span> <span class='ocrx_word' id='word_1_231' title='bbox 599 2707 712 2760; x_wconf 85' lang='lat' dir='ltr'><strong>liberato</strong></span> <span class='ocrx_word' id='word_1_232' title='bbox 740 2707 765 2760; x_wconf 91' lang='lat' dir='ltr'><strong>ei</strong></span> <span class='ocrx_word' id='word_1_233' title='bbox 786 2713 876 2776; x_wconf 90' lang='lat' dir='ltr'><strong>potest</strong></span> <span class='ocrx_word' id='word_1_234' title='bbox 897 2707 1014 2762; x_wconf 72' lang='lat' dir='ltr'><strong>condicit</strong></span> 
     </span>
     <span class='ocr_line' id='line_1_36' title="bbox 234 2773 1015 2842; baseline -0.003 -10"><span class='ocrx_word' id='word_1_235' title='bbox 234 2791 323 2842; x_wconf 79' lang='lat' dir='ltr'><strong>nomque</strong></span> <span class='ocrx_word' id='word_1_236' title='bbox 344 2775 545 2842; x_wconf 77' lang='lat' dir='ltr'><strong>acceptilatione</strong></span> <span class='ocrx_word' id='word_1_237' title='bbox 568 2773 760 2826; x_wconf 86' lang='lat' dir='ltr'><strong>interveniente</strong></span> <span class='ocrx_word' id='word_1_238' title='bbox 782 2773 882 2830; x_wconf 87' lang='lat' dir='ltr'><strong>abitum</strong></span> <span class='ocrx_word' id='word_1_239' title='bbox 905 2775 940 2828; x_wconf 86' lang='lat' dir='ltr'><strong>ab</strong></span> <span class='ocrx_word' id='word_1_240' title='bbox 957 2775 1015 2830; x_wconf 80' lang='lat' dir='ltr'><strong>iure</strong></span> 
     </span>
     <span class='ocr_line' id='line_1_37' title="bbox 233 2841 1014 2964; baseline 0.001 -68"><span class='ocrx_word' id='word_1_241' title='bbox 233 2843 335 2964; x_wconf 50' lang='lat' dir='ltr'><strong>pricipes</strong></span> <span class='ocrx_word' id='word_1_242' title='bbox 356 2841 523 2910; x_wconf 81' lang='lat' dir='ltr'><strong>obligationis</strong></span> <span class='ocrx_word' id='word_1_243' title='bbox 548 2855 657 2908; x_wconf 87' lang='lat' dir='ltr'><strong>eamque</strong></span> <span class='ocrx_word' id='word_1_244' title='bbox 679 2841 707 2892; x_wconf 91' lang='grc'><strong>12</strong></span> <span class='ocrx_word' id='word_1_245' title='bbox 724 2841 822 2894; x_wconf 68' lang='grc'>221225</span> <span class='ocrx_word' id='word_1_246' title='bbox 841 2841 1014 2896; x_wconf 88' lang='lat' dir='ltr'><strong>condictionis</strong></span> 
     </span>
     <span class='ocr_line' id='line_1_38' title="bbox 233 2923 375 2968; baseline -0.014 0"><span class='ocrx_word' id='word_1_247' title='bbox 233 2923 375 2968; x_wconf 76' lang='lat' dir='ltr'><strong>emensam.</strong></span> 
     </span>
    </p>

    <p class='ocr_par' dir='ltr' id='par_1_9' title="bbox 233 2975 1015 3314">
     <span class='ocr_line' id='line_1_39' title="bbox 257 2975 1015 3036; baseline -0.011 0"><span class='ocrx_word' id='word_1_248' title='bbox 257 2977 474 3036; x_wconf 72' lang='grc'>1522222222</span> <span class='ocrx_word' id='word_1_249' title='bbox 494 2977 562 3032; x_wconf 84' lang='lat' dir='ltr'><strong>libro</strong></span> <span class='ocrx_word' id='word_1_250' title='bbox 585 2991 657 3028; x_wconf 82' lang='lat' dir='ltr'><strong>mono</strong></span> <span class='ocrx_word' id='word_1_251' title='bbox 676 2977 873 3028; x_wconf 81' lang='lat' dir='ltr'><strong>iustitutionem</strong></span> <span class='ocrx_word' id='word_1_252' title='bbox 908 2975 1015 3028; x_wconf 84' lang='lat' dir='ltr'><strong>Tamis</strong></span> 
     </span>
     <span class='ocr_line' id='line_1_40' title="bbox 233 3041 1014 3118; baseline -0.006 -17"><span class='ocrx_word' id='word_1_253' title='bbox 233 3049 265 3118; x_wconf 87' lang='lat' dir='ltr'><strong>qui</strong></span> <span class='ocrx_word' id='word_1_254' title='bbox 282 3051 459 3100; x_wconf 89' lang='lat' dir='ltr'><strong>testamentum</strong></span> <span class='ocrx_word' id='word_1_255' title='bbox 482 3043 548 3098; x_wconf 88' lang='lat' dir='ltr'><strong>facit</strong></span> <span class='ocrx_word' id='word_1_256' title='bbox 573 3059 653 3112; x_wconf 85' lang='lat' dir='ltr'><strong>quarn</strong></span> <span class='ocrx_word' id='word_1_257' title='bbox 680 3043 726 3110; x_wconf 90' lang='lat' dir='ltr'><strong>qui</strong></span> <span class='ocrx_word' id='word_1_258' title='bbox 754 3059 808 3096; x_wconf 91' lang='lat' dir='ltr'><strong>non</strong></span> <span class='ocrx_word' id='word_1_259' title='bbox 835 3041 900 3096; x_wconf 89' lang='lat' dir='ltr'><strong>facit</strong></span> <span class='ocrx_word' id='word_1_260' title='bbox 923 3043 1014 3096; x_wconf 88' lang='lat' dir='ltr'><strong>mortis</strong></span> 
     </span>
     <span class='ocr_line' id='line_1_41' title="bbox 235 3109 1014 3180; baseline -0.01 -12"><span class='ocrx_word' id='word_1_261' title='bbox 235 3121 243 3168; x_wconf 88' lang='grc'><strong>1</strong></span> <span class='ocrx_word' id='word_1_262' title='bbox 269 3129 340 3168; x_wconf 89' lang='lat' dir='ltr'><strong>causa</strong></span> <span class='ocrx_word' id='word_1_263' title='bbox 368 3115 467 3166; x_wconf 88' lang='lat' dir='ltr'><strong>donare</strong></span> <span class='ocrx_word' id='word_1_264' title='bbox 493 3115 590 3180; x_wconf 88' lang='lat' dir='ltr'><strong>potest.</strong></span> <span class='ocrx_word' id='word_1_265' title='bbox 625 3109 711 3164; x_wconf 85' lang='lat' dir='ltr'><strong>Filius</strong></span> <span class='ocrx_word' id='word_1_266' title='bbox 737 3109 864 3174; x_wconf 85' lang='lat' dir='ltr'><strong>familias,</strong></span> <span class='ocrx_word' id='word_1_267' title='bbox 892 3109 938 3178; x_wconf 88' lang='lat' dir='ltr'><strong>qui</strong></span> <span class='ocrx_word' id='word_1_268' title='bbox 961 3127 1014 3162; x_wconf 87' lang='lat' dir='ltr'><strong>uon</strong></span> 
     </span>
     <span class='ocr_line' id='line_1_42' title="bbox 233 3177 1014 3252; baseline -0.01 -14"><span class='ocrx_word' id='word_1_269' title='bbox 233 3187 300 3252; x_wconf 89' lang='lat' dir='ltr'><strong>potest</strong></span> <span class='ocrx_word' id='word_1_270' title='bbox 328 3181 416 3236; x_wconf 85' lang='lat' dir='ltr'><strong>lacero</strong></span> <span class='ocrx_word' id='word_1_271' title='bbox 448 3183 636 3234; x_wconf 87' lang='lat' dir='ltr'><strong>testamentum</strong></span> <span class='ocrx_word' id='word_1_272' title='bbox 668 3193 719 3232; x_wconf 91' lang='lat' dir='ltr'><strong>nec</strong></span> <span class='ocrx_word' id='word_1_273' title='bbox 753 3179 890 3232; x_wconf 79' lang='lat' dir='ltr'><strong>voluntate</strong></span> <span class='ocrx_word' id='word_1_274' title='bbox 923 3177 1014 3246; x_wconf 90' lang='lat' dir='ltr'><strong>patris,</strong></span> 
     </span>
     <span class='ocr_line' id='line_1_43' title="bbox 233 3245 1013 3314; baseline -0.01 -9"><span class='ocrx_word' id='word_1_275' title='bbox 233 3259 300 3306; x_wconf 85' lang='lat' dir='ltr'><strong>tamen</strong></span> <span class='ocrx_word' id='word_1_276' title='bbox 313 3249 402 3304; x_wconf 85' lang='lat' dir='ltr'><strong>mortis</strong></span> <span class='ocrx_word' id='word_1_277' title='bbox 419 3263 503 3304; x_wconf 88' lang='lat' dir='ltr'><strong>causa</strong></span> <span class='ocrx_word' id='word_1_278' title='bbox 520 3245 619 3300; x_wconf 88' lang='lat' dir='ltr'><strong>donare</strong></span> <span class='ocrx_word' id='word_1_279' title='bbox 636 3253 714 3314; x_wconf 89' lang='lat' dir='ltr'><strong>patre</strong></span> <span class='ocrx_word' id='word_1_280' title='bbox 731 3245 900 3314; x_wconf 88' lang='lat' dir='ltr'><strong>permittente</strong></span> <span class='ocrx_word' id='word_1_281' title='bbox 917 3249 1013 3314; x_wconf 89' lang='lat' dir='ltr'><strong>potest.</strong></span> 
     </span>
    </p>

    <p class='ocr_par' dir='ltr' id='par_1_10' title="bbox 232 3313 1015 3644">
     <span class='ocr_line' id='line_1_44' title="bbox 257 3313 1015 3382; baseline -0.013 -8"><span class='ocrx_word' id='word_1_282' title='bbox 257 3315 287 3376; x_wconf 91' lang='grc'><strong>26</strong></span> <span class='ocrx_word' id='word_1_283' title='bbox 302 3319 377 3372; x_wconf 79' lang='lat' dir='ltr'><strong>lnam</strong></span> <span class='ocrx_word' id='word_1_284' title='bbox 391 3315 457 3370; x_wconf 89' lang='lat' dir='ltr'><strong>libre</strong></span> <span class='ocrx_word' id='word_1_285' title='bbox 476 3315 593 3370; x_wconf 83' lang='lat' dir='ltr'><strong>secundo</strong></span> <span class='ocrx_word' id='word_1_286' title='bbox 610 3313 768 3382; x_wconf 80' lang='lat' dir='ltr'><strong>repuleram</strong></span> <span class='ocrx_word' id='word_1_287' title='bbox 796 3313 824 3368; x_wconf 81' lang='lat' dir='ltr'><strong>si</strong></span> <span class='ocrx_word' id='word_1_288' title='bbox 859 3313 888 3366; x_wconf 92' lang='lat' dir='ltr'><strong>ui</strong></span> <span class='ocrx_word' id='word_1_289' title='bbox 904 3313 1015 3366; x_wconf 89' lang='lat' dir='ltr'><strong>invicem</strong></span> 
     </span>
     <span class='ocr_line' id='line_1_45' title="bbox 233 3331 1014 3448; baseline -0.01 -7"><span class='ocrx_word' id='word_1_290' title='bbox 233 3385 270 3442; x_wconf 89' lang='lat' dir='ltr'><strong>ubi</strong></span> <span class='ocrx_word' id='word_1_291' title='bbox 290 3385 378 3440; x_wconf 86' lang='lat' dir='ltr'><strong>mortis</strong></span> <span class='ocrx_word' id='word_1_292' title='bbox 406 3397 489 3448; x_wconf 77' lang='lat' dir='ltr'><strong>causa,</strong></span> <span class='ocrx_word' id='word_1_293' title='bbox 515 3381 681 3436; x_wconf 80' lang='lat' dir='ltr'><strong>donaverunt</strong></span> <span class='ocrx_word' id='word_1_294' title='bbox 709 3383 811 3448; x_wconf 85' lang='lat' dir='ltr'><strong>pariter</strong></span> <span class='ocrx_word' id='word_1_295' title='bbox 836 3331 1014 3444; x_wconf 64' lang='lat' dir='ltr'><strong>lacesserant,</strong></span> 
     </span>
     <span class='ocr_line' id='line_1_46' title="bbox 233 3449 1012 3520; baseline -0.008 -12"><span class='ocrx_word' id='word_1_296' title='bbox 233 3453 328 3508; x_wconf 78' lang='lat' dir='ltr'><strong>nautius</strong></span> <span class='ocrx_word' id='word_1_297' title='bbox 344 3453 420 3508; x_wconf 85' lang='lat' dir='ltr'><strong>heres</strong></span> <span class='ocrx_word' id='word_1_298' title='bbox 437 3455 554 3520; x_wconf 88' lang='lat' dir='ltr'><strong>repetet,</strong></span> <span class='ocrx_word' id='word_1_299' title='bbox 572 3449 635 3518; x_wconf 89' lang='lat' dir='ltr'><strong>quia</strong></span> <span class='ocrx_word' id='word_1_300' title='bbox 651 3457 748 3504; x_wconf 88' lang='lat' dir='ltr'><strong>uenter</strong></span> <span class='ocrx_word' id='word_1_301' title='bbox 765 3449 843 3504; x_wconf 89' lang='lat' dir='ltr'><strong>alteri</strong></span> <span class='ocrx_word' id='word_1_302' title='bbox 860 3449 1012 3516; x_wconf 80' lang='lat' dir='ltr'><strong>supervixit.</strong></span> 
     </span>
     <span class='ocr_line' id='line_1_47' title="bbox 232 3517 1014 3622; baseline -0.003 -48"><span class='ocrx_word' id='word_1_303' title='bbox 232 3523 282 3574; x_wconf 85' lang='lat' dir='ltr'><strong>ileu</strong></span> <span class='ocrx_word' id='word_1_304' title='bbox 296 3521 355 3622; x_wconf 53' lang='lat' dir='ltr'><strong>ipris</strong></span> <span class='ocrx_word' id='word_1_305' title='bbox 372 3524 426 3586; x_wconf 88' lang='lat' dir='ltr'><strong>est,</strong></span> <span class='ocrx_word' id='word_1_306' title='bbox 444 3519 468 3574; x_wconf 91' lang='lat' dir='ltr'><strong>si</strong></span> <span class='ocrx_word' id='word_1_307' title='bbox 485 3517 588 3586; x_wconf 85' lang='lat' dir='ltr'><strong>pariter¹</strong></span> <span class='ocrx_word' id='word_1_308' title='bbox 603 3517 715 3572; x_wconf 87' lang='lat' dir='ltr'><strong>maritus</strong></span> <span class='ocrx_word' id='word_1_309' title='bbox 734 3523 761 3572; x_wconf 90' lang='lat' dir='ltr'><strong>et</strong></span> <span class='ocrx_word' id='word_1_310' title='bbox 778 3535 847 3572; x_wconf 86' lang='lat' dir='ltr'><strong>uxor</strong></span> <span class='ocrx_word' id='word_1_311' title='bbox 863 3517 916 3572; x_wconf 86' lang='lat' dir='ltr'><strong>sibi</strong></span> <span class='ocrx_word' id='word_1_312' title='bbox 932 3517 1014 3572; x_wconf 91' lang='lat' dir='ltr'><strong>dona-</strong></span> 
     </span>
     <span class='ocr_line' id='line_1_48' title="bbox 232 3593 439 3644; baseline -0.01 -2"><span class='ocrx_word' id='word_1_313' title='bbox 232 3593 325 3644; x_wconf 76' lang='lat' dir='ltr'><strong>verunt.</strong></span> <span class='ocrx_word' id='word_1_314' title='bbox 438 3599 439 3604; x_wconf 74' lang='grc'>’</span> 
     </span>
    </p>
   </div>
   <div class='ocr_carea' id='block_1_4' title="bbox 1010 353 1068 422">
    <p class='ocr_par' dir='ltr' id='par_1_11' title="bbox 1010 353 1068 422">
     <span class='ocr_line' id='line_1_49' title="bbox 1010 353 1068 422; baseline 0 0"><span class='ocrx_word' id='word_1_315' title='bbox 1010 353 1068 422; x_wconf 83' lang='lat' dir='ltr'><strong>tii</strong></span> 
     </span>
    </p>
   </div>
   <div class='ocr_carea' id='block_1_5' title="bbox 1638 351 1863 416">
    <p class='ocr_par' dir='ltr' id='par_1_12' title="bbox 1638 351 1863 416">
     <span class='ocr_line' id='line_1_50' title="bbox 1638 351 1863 416; baseline 0.018 -4"><span class='ocrx_word' id='word_1_316' title='bbox 1638 351 1823 414; x_wconf 85' lang='lat' dir='ltr'>XXXVIIII</span> <span class='ocrx_word' id='word_1_317' title='bbox 1845 359 1863 416; x_wconf 85' lang='grc'><strong>6</strong></span> 
     </span>
    </p>
   </div>
   <div class='ocr_carea' id='block_1_6' title="bbox 1064 525 1891 3656">
    <p class='ocr_par' dir='ltr' id='par_1_13' title="bbox 1067 525 1866 858">
     <span class='ocr_line' id='line_1_51' title="bbox 1067 525 1866 614; baseline -0.009 -28"><span class='ocrx_word' id='word_1_318' title='bbox 1067 537 1095 586; x_wconf 88' lang='grc'><strong>22</strong></span> <span class='ocrx_word' id='word_1_319' title='bbox 1105 533 1134 610; x_wconf 34' lang='lat' dir='ltr'><strong>&#39;si</strong></span> <span class='ocrx_word' id='word_1_320' title='bbox 1150 539 1408 614; x_wconf 77' lang='lat' dir='ltr'><strong>moriapraerentus</strong></span> <span class='ocrx_word' id='word_1_321' title='bbox 1426 533 1499 614; x_wconf 73' lang='lat' dir='ltr'><strong>sitis</strong></span> <span class='ocrx_word' id='word_1_322' title='bbox 1517 531 1559 586; x_wconf 92' lang='lat' dir='ltr'><strong>cui</strong></span> <span class='ocrx_word' id='word_1_323' title='bbox 1576 529 1701 584; x_wconf 81' lang='lat' dir='ltr'><strong>nonatum</strong></span> <span class='ocrx_word' id='word_1_324' title='bbox 1713 531 1763 590; x_wconf 85' lang='lat' dir='ltr'><strong>est,</strong></span> <span class='ocrx_word' id='word_1_325' title='bbox 1780 525 1866 580; x_wconf 85' lang='lat' dir='ltr'><strong>adhuc</strong></span> 
     </span>
     <span class='ocr_line' id='line_1_52' title="bbox 1067 597 1866 742; baseline -0.013 -20"><span class='ocrx_word' id='word_1_326' title='bbox 1067 597 1332 724; x_wconf 51' lang='lat' dir='ltr'><strong>qllilislldlldllsrmlirdllll</strong></span> <span class='ocrx_word' id='word_1_327' title='bbox 1349 603 1491 724; x_wconf 55' lang='grc'>2122222212</span> <span class='ocrx_word' id='word_1_328' title='bbox 1509 667 1600 736; x_wconf 87' lang='lat' dir='ltr'><strong>primo</strong></span> <span class='ocrx_word' id='word_1_329' title='bbox 1618 661 1654 718; x_wconf 76' lang='lat' dir='ltr'><strong>etl</strong></span> <span class='ocrx_word' id='word_1_330' title='bbox 1670 661 1800 742; x_wconf 39' lang='lat' dir='ltr'><strong>edictum·</strong></span> <span class='ocrx_word' id='word_1_331' title='bbox 1817 659 1866 738; x_wconf 71' lang='grc'>1121</span> 
     </span>
     <span class='ocr_line' id='line_1_53' title="bbox 1067 725 1866 804; baseline -0.008 -16"><span class='ocrx_word' id='word_1_332' title='bbox 1067 733 1159 788; x_wconf 85' lang='lat' dir='ltr'><strong>mortis</strong></span> <span class='ocrx_word' id='word_1_333' title='bbox 1177 749 1260 790; x_wconf 86' lang='lat' dir='ltr'><strong>causa</strong></span> <span class='ocrx_word' id='word_1_334' title='bbox 1276 735 1395 802; x_wconf 84' lang='lat' dir='ltr'><strong>donarit,</strong></span> <span class='ocrx_word' id='word_1_335' title='bbox 1421 735 1479 804; x_wconf 92' lang='lat' dir='ltr'><strong>ipse</strong></span> <span class='ocrx_word' id='word_1_336' title='bbox 1496 749 1528 788; x_wconf 81' lang='lat' dir='ltr'><strong>ex</strong></span> <span class='ocrx_word' id='word_1_337' title='bbox 1544 731 1705 802; x_wconf 82' lang='lat' dir='ltr'><strong>paenitentia</strong></span> <span class='ocrx_word' id='word_1_338' title='bbox 1723 725 1866 784; x_wconf 82' lang='lat' dir='ltr'><strong>condictio-</strong></span> 
     </span>
     <span class='ocr_line' id='line_1_54' title="bbox 1067 801 1545 858; baseline 0 -2"><span class='ocrx_word' id='word_1_339' title='bbox 1067 817 1127 856; x_wconf 86' lang='lat' dir='ltr'><strong>nem</strong></span> <span class='ocrx_word' id='word_1_340' title='bbox 1144 801 1185 856; x_wconf 82' lang='lat' dir='ltr'><strong>rel</strong></span> <span class='ocrx_word' id='word_1_341' title='bbox 1202 803 1292 856; x_wconf 89' lang='lat' dir='ltr'><strong>utilem</strong></span> <span class='ocrx_word' id='word_1_342' title='bbox 1309 805 1440 858; x_wconf 89' lang='lat' dir='ltr'><strong>actionem</strong></span> <span class='ocrx_word' id='word_1_343' title='bbox 1457 803 1545 856; x_wconf 89' lang='lat' dir='ltr'><strong>habet.</strong></span> 
     </span>
    </p>

    <p class='ocr_par' dir='ltr' id='par_1_14' title="bbox 1066 865 1891 3310">
     <span class='ocr_line' id='line_1_55' title="bbox 1102 865 1867 940; baseline -0.01 -12"><span class='ocrx_word' id='word_1_344' title='bbox 1102 865 1170 928; x_wconf 85' lang='lat'>31¹⁰</span> <span class='ocrx_word' id='word_1_345' title='bbox 1196 869 1286 924; x_wconf 75' lang='lat' dir='ltr'><strong>Gerus</strong></span> <span class='ocrx_word' id='word_1_346' title='bbox 1307 871 1374 924; x_wconf 86' lang='lat' dir='ltr'><strong>libro</strong></span> <span class='ocrx_word' id='word_1_347' title='bbox 1396 877 1489 926; x_wconf 87' lang='lat' dir='ltr'><strong>ocieoo</strong></span> <span class='ocrx_word' id='word_1_348' title='bbox 1512 871 1548 924; x_wconf 83' lang='lat' dir='ltr'><strong>erl</strong></span> <span class='ocrx_word' id='word_1_349' title='bbox 1570 869 1683 924; x_wconf 84' lang='lat' dir='ltr'><strong>ediciam</strong></span> <span class='ocrx_word' id='word_1_350' title='bbox 1700 865 1867 940; x_wconf 79' lang='lat' dir='ltr'><strong>provinciale</strong></span> 
     </span>
     <span class='ocr_line' id='line_1_56' title="bbox 1067 933 1868 1022; baseline -0.005 -28"><span class='ocrx_word' id='word_1_351' title='bbox 1067 937 1162 994; x_wconf 89' lang='lat' dir='ltr'><strong>Mortis</strong></span> <span class='ocrx_word' id='word_1_352' title='bbox 1184 951 1267 994; x_wconf 89' lang='lat' dir='ltr'><strong>causa</strong></span> <span class='ocrx_word' id='word_1_353' title='bbox 1287 937 1403 1008; x_wconf 88' lang='lat' dir='ltr'><strong>capitur,</strong></span> <span class='ocrx_word' id='word_1_354' title='bbox 1426 955 1486 994; x_wconf 89' lang='lat' dir='ltr'><strong>cum</strong></span> <span class='ocrx_word' id='word_1_355' title='bbox 1502 943 1612 1022; x_wconf 83' lang='lat' dir='ltr'><strong>propter</strong></span> <span class='ocrx_word' id='word_1_356' title='bbox 1627 943 1739 992; x_wconf 87' lang='lat' dir='ltr'><strong>mortem</strong></span> <span class='ocrx_word' id='word_1_357' title='bbox 1757 933 1868 990; x_wconf 88' lang='lat' dir='ltr'><strong>alicuius</strong></span> 
     </span>
     <span class='ocr_line' id='line_1_57' title="bbox 1068 1003 1869 1078; baseline -0.002 -16"><span class='ocrx_word' id='word_1_358' title='bbox 1068 1003 1190 1078; x_wconf 89' lang='lat' dir='ltr'><strong>capiendi</strong></span> <span class='ocrx_word' id='word_1_359' title='bbox 1208 1007 1311 1060; x_wconf 88' lang='lat' dir='ltr'><strong>occasio</strong></span> <span class='ocrx_word' id='word_1_360' title='bbox 1331 1007 1443 1074; x_wconf 82' lang='lat' dir='ltr'><strong>obvenit,</strong></span> <span class='ocrx_word' id='word_1_361' title='bbox 1462 1015 1578 1076; x_wconf 82' lang='lat' dir='ltr'><strong>exceptis</strong></span> <span class='ocrx_word' id='word_1_362' title='bbox 1592 1009 1634 1062; x_wconf 90' lang='lat' dir='ltr'><strong>his</strong></span> <span class='ocrx_word' id='word_1_363' title='bbox 1648 1005 1770 1078; x_wconf 87' lang='lat' dir='ltr'><strong>capiendi</strong></span> <span class='ocrx_word' id='word_1_364' title='bbox 1780 1003 1869 1074; x_wconf 79' lang='lat' dir='ltr'><strong>iigsuis</strong></span> 
     </span>
     <span class='ocr_line' id='line_1_58' title="bbox 1067 1075 1871 1154; baseline 0 -22"><span class='ocrx_word' id='word_1_365' title='bbox 1067 1091 1136 1146; x_wconf 88' lang='lat' dir='ltr'><strong>quae</strong></span> <span class='ocrx_word' id='word_1_366' title='bbox 1153 1075 1261 1154; x_wconf 84' lang='lat' dir='ltr'><strong>proprio</strong></span> <span class='ocrx_word' id='word_1_367' title='bbox 1279 1075 1385 1130; x_wconf 88' lang='lat' dir='ltr'><strong>nomine</strong></span> <span class='ocrx_word' id='word_1_368' title='bbox 1402 1077 1575 1144; x_wconf 86' lang='lat' dir='ltr'><strong>appellantur.</strong></span> <span class='ocrx_word' id='word_1_369' title='bbox 1608 1081 1679 1132; x_wconf 90' lang='lat' dir='ltr'><strong>certe</strong></span> <span class='ocrx_word' id='word_1_370' title='bbox 1695 1077 1765 1132; x_wconf 91' lang='lat' dir='ltr'><strong>enim</strong></span> <span class='ocrx_word' id='word_1_371' title='bbox 1783 1075 1871 1144; x_wconf 85' lang='lat' dir='ltr'><strong>etqui</strong></span> 
     </span>
     <span class='ocr_line' id='line_1_59' title="bbox 1067 1143 1870 1216; baseline 0 -18"><span class='ocrx_word' id='word_1_372' title='bbox 1067 1143 1227 1200; x_wconf 79' lang='lat' dir='ltr'><strong>hereditario</strong></span> <span class='ocrx_word' id='word_1_373' title='bbox 1247 1147 1293 1198; x_wconf 89' lang='lat' dir='ltr'><strong>aut</strong></span> <span class='ocrx_word' id='word_1_374' title='bbox 1309 1143 1389 1212; x_wconf 82' lang='lat' dir='ltr'><strong>legati</strong></span> <span class='ocrx_word' id='word_1_375' title='bbox 1406 1151 1453 1198; x_wconf 90' lang='lat' dir='ltr'><strong>aut</strong></span> <span class='ocrx_word' id='word_1_376' title='bbox 1464 1145 1658 1202; x_wconf 91' lang='lat' dir='ltr'><strong>fideicommissi</strong></span> <span class='ocrx_word' id='word_1_377' title='bbox 1670 1147 1728 1202; x_wconf 89' lang='lat' dir='ltr'><strong>iure</strong></span> <span class='ocrx_word' id='word_1_378' title='bbox 1742 1147 1820 1216; x_wconf 90' lang='lat' dir='ltr'><strong>capit,</strong></span> <span class='ocrx_word' id='word_1_379' title='bbox 1838 1161 1870 1200; x_wconf 85' lang='lat' dir='ltr'><strong>ex</strong></span> 
     </span>
     <span class='ocr_line' id='line_1_60' title="bbox 1067 1213 1871 1284; baseline 0 -16"><span class='ocrx_word' id='word_1_380' title='bbox 1067 1219 1151 1270; x_wconf 91' lang='lat' dir='ltr'><strong>morte</strong></span> <span class='ocrx_word' id='word_1_381' title='bbox 1169 1213 1278 1268; x_wconf 90' lang='lat' dir='ltr'><strong>alterius</strong></span> <span class='ocrx_word' id='word_1_382' title='bbox 1294 1213 1458 1268; x_wconf 83' lang='lat' dir='ltr'><strong>nanciscitur</strong></span> <span class='ocrx_word' id='word_1_383' title='bbox 1481 1213 1602 1284; x_wconf 84' lang='lat' dir='ltr'><strong>capiendi</strong></span> <span class='ocrx_word' id='word_1_384' title='bbox 1620 1215 1797 1280; x_wconf 85' lang='lat' dir='ltr'><strong>occasionem,</strong></span> <span class='ocrx_word' id='word_1_385' title='bbox 1824 1213 1871 1270; x_wconf 88' lang='lat' dir='ltr'><strong>sed</strong></span> 
     </span>
     <span class='ocr_line' id='line_1_61' title="bbox 1067 1281 1870 1354; baseline 0.001 -17"><span class='ocrx_word' id='word_1_386' title='bbox 1067 1285 1129 1354; x_wconf 87' lang='lat' dir='ltr'><strong>quia</strong></span> <span class='ocrx_word' id='word_1_387' title='bbox 1150 1281 1258 1354; x_wconf 88' lang='lat' dir='ltr'><strong>proprio</strong></span> <span class='ocrx_word' id='word_1_388' title='bbox 1276 1281 1380 1336; x_wconf 90' lang='lat' dir='ltr'><strong>nomine</strong></span> <span class='ocrx_word' id='word_1_389' title='bbox 1401 1283 1452 1336; x_wconf 89' lang='lat' dir='ltr'><strong>hee</strong></span> <span class='ocrx_word' id='word_1_390' title='bbox 1469 1283 1569 1352; x_wconf 89' lang='lat' dir='ltr'><strong>species</strong></span> <span class='ocrx_word' id='word_1_391' title='bbox 1592 1285 1713 1354; x_wconf 88' lang='lat' dir='ltr'><strong>capiendi</strong></span> <span class='ocrx_word' id='word_1_392' title='bbox 1736 1285 1870 1354; x_wconf 89' lang='lat' dir='ltr'><strong>appellan-</strong></span> 
     </span>
     <span class='ocr_line' id='line_1_62' title="bbox 1070 1351 1871 1422; baseline 0.002 -16"><span class='ocrx_word' id='word_1_393' title='bbox 1070 1359 1080 1406; x_wconf 91' lang='lat' dir='ltr'><strong>l</strong></span> <span class='ocrx_word' id='word_1_394' title='bbox 1116 1357 1173 1418; x_wconf 91' lang='lat' dir='ltr'><strong>tur,</strong></span> <span class='ocrx_word' id='word_1_395' title='bbox 1197 1351 1257 1406; x_wconf 93' lang='lat' dir='ltr'><strong>ideo</strong></span> <span class='ocrx_word' id='word_1_396' title='bbox 1274 1351 1308 1406; x_wconf 89' lang='lat' dir='ltr'><strong>ab</strong></span> <span class='ocrx_word' id='word_1_397' title='bbox 1326 1351 1377 1406; x_wconf 91' lang='lat' dir='ltr'><strong>hac</strong></span> <span class='ocrx_word' id='word_1_398' title='bbox 1399 1351 1551 1406; x_wconf 90' lang='lat' dir='ltr'><strong>definitione</strong></span> <span class='ocrx_word' id='word_1_399' title='bbox 1568 1359 1733 1422; x_wconf 86' lang='lat' dir='ltr'><strong>separantur.</strong></span> <span class='ocrx_word' id='word_1_400' title='bbox 1768 1355 1871 1408; x_wconf 87' lang='lat' dir='ltr'><strong>iuliano</strong></span> 
     </span>
     <span class='ocr_line' id='line_1_63' title="bbox 1067 1419 1871 1494; baseline 0.002 -20"><span class='ocrx_word' id='word_1_401' title='bbox 1067 1421 1167 1492; x_wconf 88' lang='lat' dir='ltr'><strong>placet,</strong></span> <span class='ocrx_word' id='word_1_402' title='bbox 1185 1419 1249 1474; x_wconf 88' lang='lat' dir='ltr'><strong>licet</strong></span> <span class='ocrx_word' id='word_1_403' title='bbox 1265 1419 1390 1474; x_wconf 87' lang='lat' dir='ltr'><strong>solvendo</strong></span> <span class='ocrx_word' id='word_1_404' title='bbox 1408 1435 1463 1474; x_wconf 88' lang='lat' dir='ltr'><strong>non</strong></span> <span class='ocrx_word' id='word_1_405' title='bbox 1481 1421 1514 1474; x_wconf 93' lang='lat' dir='ltr'><strong>sit</strong></span> <span class='ocrx_word' id='word_1_406' title='bbox 1531 1419 1648 1490; x_wconf 90' lang='lat' dir='ltr'><strong>debitor,</strong></span> <span class='ocrx_word' id='word_1_407' title='bbox 1673 1423 1716 1476; x_wconf 90' lang='lat' dir='ltr'><strong>cui</strong></span> <span class='ocrx_word' id='word_1_408' title='bbox 1733 1429 1871 1494; x_wconf 90' lang='lat' dir='ltr'><strong>acceptum</strong></span> 
     </span>
     <span class='ocr_line' id='line_1_64' title="bbox 1067 1489 1871 1554; baseline 0 -8"><span class='ocrx_word' id='word_1_409' title='bbox 1067 1495 1083 1546; x_wconf 84' lang='lat'><strong>2</strong></span> <span class='ocrx_word' id='word_1_410' title='bbox 1117 1491 1200 1546; x_wconf 90' lang='lat' dir='ltr'><strong>latum</strong></span> <span class='ocrx_word' id='word_1_411' title='bbox 1217 1489 1263 1554; x_wconf 90' lang='lat' dir='ltr'><strong>sit,</strong></span> <span class='ocrx_word' id='word_1_412' title='bbox 1286 1489 1371 1544; x_wconf 83' lang='lat' dir='ltr'><strong>rideri</strong></span> <span class='ocrx_word' id='word_1_413' title='bbox 1388 1489 1412 1542; x_wconf 90' lang='lat' dir='ltr'><strong>ei</strong></span> <span class='ocrx_word' id='word_1_414' title='bbox 1427 1489 1519 1544; x_wconf 90' lang='lat' dir='ltr'><strong>mortis</strong></span> <span class='ocrx_word' id='word_1_415' title='bbox 1538 1505 1620 1546; x_wconf 86' lang='lat' dir='ltr'><strong>causa</strong></span> <span class='ocrx_word' id='word_1_416' title='bbox 1638 1491 1773 1546; x_wconf 88' lang='lat' dir='ltr'><strong>donatum.</strong></span> <span class='ocrx_word' id='word_1_417' title='bbox 1808 1493 1871 1546; x_wconf 86' lang='lat' dir='ltr'><strong>Sine</strong></span> 
     </span>
     <span class='ocr_line' id='line_1_65' title="bbox 1067 1557 1869 1642; baseline 0.002 -28"><span class='ocrx_word' id='word_1_418' title='bbox 1067 1559 1210 1614; x_wconf 89' lang='lat' dir='ltr'><strong>donatione</strong></span> <span class='ocrx_word' id='word_1_419' title='bbox 1226 1563 1315 1612; x_wconf 91' lang='lat' dir='ltr'><strong>autem</strong></span> <span class='ocrx_word' id='word_1_420' title='bbox 1324 1561 1343 1590; x_wconf 82' lang='lat'><strong>1¹</strong></span> <span class='ocrx_word' id='word_1_421' title='bbox 1362 1557 1467 1628; x_wconf 88' lang='lat' dir='ltr'><strong>capitur</strong></span> <span class='ocrx_word' id='word_1_422' title='bbox 1483 1558 1563 1612; x_wconf 82' lang='lat' dir='ltr'><strong>ueluti</strong></span> <span class='ocrx_word' id='word_1_423' title='bbox 1580 1561 1701 1628; x_wconf 89' lang='lat' dir='ltr'><strong>pecunia,</strong></span> <span class='ocrx_word' id='word_1_424' title='bbox 1720 1577 1800 1642; x_wconf 85' lang='lat' dir='ltr'><strong>quam</strong></span> <span class='ocrx_word' id='word_1_425' title='bbox 1817 1567 1869 1616; x_wconf 88' lang='lat' dir='ltr'><strong>sta·</strong></span> 
     </span>
     <span class='ocr_line' id='line_1_66' title="bbox 1066 1625 1870 1700; baseline 0.005 -18"><span class='ocrx_word' id='word_1_426' title='bbox 1066 1629 1165 1684; x_wconf 90' lang='lat' dir='ltr'><strong>tuliber</strong></span> <span class='ocrx_word' id='word_1_427' title='bbox 1186 1631 1233 1682; x_wconf 90' lang='lat' dir='ltr'><strong>aut</strong></span> <span class='ocrx_word' id='word_1_428' title='bbox 1258 1625 1400 1696; x_wconf 85' lang='lat' dir='ltr'><strong>legatarius</strong></span> <span class='ocrx_word' id='word_1_429' title='bbox 1429 1627 1510 1682; x_wconf 89' lang='grc'>211221</span> <span class='ocrx_word' id='word_1_430' title='bbox 1537 1627 1698 1684; x_wconf 89' lang='lat' dir='ltr'><strong>condicionis</strong></span> <span class='ocrx_word' id='word_1_431' title='bbox 1721 1631 1870 1700; x_wconf 84' lang='lat' dir='ltr'><strong>implendae</strong></span> 
     </span>
     <span class='ocr_line' id='line_1_67' title="bbox 1066 1695 1871 1776; baseline 0.001 -25"><span class='ocrx_word' id='word_1_432' title='bbox 1066 1697 1152 1764; x_wconf 77' lang='lat' dir='ltr'><strong>gratia</strong></span> <span class='ocrx_word' id='word_1_433' title='bbox 1169 1701 1302 1760; x_wconf 89' lang='lat' dir='ltr'><strong>numerat,</strong></span> <span class='ocrx_word' id='word_1_434' title='bbox 1321 1695 1375 1750; x_wconf 84' lang='lat' dir='ltr'><strong>sive</strong></span> <span class='ocrx_word' id='word_1_435' title='bbox 1393 1699 1534 1750; x_wconf 78' lang='grc'>22222222</span> <span class='ocrx_word' id='word_1_436' title='bbox 1553 1697 1586 1748; x_wconf 89' lang='lat' dir='ltr'><strong>sit</strong></span> <span class='ocrx_word' id='word_1_437' title='bbox 1604 1697 1648 1764; x_wconf 88' lang='lat' dir='ltr'><strong>qui</strong></span> <span class='ocrx_word' id='word_1_438' title='bbox 1666 1699 1801 1776; x_wconf 81' lang='lat' dir='ltr'><strong>accepit¹²</strong></span> <span class='ocrx_word' id='word_1_439' title='bbox 1817 1701 1871 1752; x_wconf 86' lang='lat' dir='ltr'><strong>sive</strong></span> 
     </span>
     <span class='ocr_line' id='line_1_68' title="bbox 1067 1763 1871 1834; baseline 0.005 -18"><span class='ocrx_word' id='word_1_440' title='bbox 1067 1765 1152 1818; x_wconf 89' lang='lat' dir='ltr'><strong>heres.</strong></span> <span class='ocrx_word' id='word_1_441' title='bbox 1180 1763 1271 1818; x_wconf 90' lang='lat' dir='ltr'><strong>eodem</strong></span> <span class='ocrx_word' id='word_1_442' title='bbox 1283 1777 1393 1818; x_wconf 89' lang='lat' dir='ltr'><strong>numero</strong></span> <span class='ocrx_word' id='word_1_443' title='bbox 1411 1767 1452 1816; x_wconf 87' lang='lat' dir='ltr'><strong>est</strong></span> <span class='ocrx_word' id='word_1_444' title='bbox 1469 1763 1589 1830; x_wconf 87' lang='lat' dir='ltr'><strong>pecunia,</strong></span> <span class='ocrx_word' id='word_1_445' title='bbox 1609 1779 1686 1830; x_wconf 91' lang='lat' dir='ltr'><strong>quam</strong></span> <span class='ocrx_word' id='word_1_446' title='bbox 1700 1781 1759 1834; x_wconf 75' lang='grc'><strong>222</strong></span> <span class='ocrx_word' id='word_1_447' title='bbox 1777 1765 1806 1820; x_wconf 91' lang='grc'><strong>12</strong></span> <span class='ocrx_word' id='word_1_448' title='bbox 1820 1767 1871 1822; x_wconf 89' lang='grc'><strong>222</strong></span> 
     </span>
     <span class='ocr_line' id='line_1_69' title="bbox 1067 1831 1870 1902; baseline 0.002 -16"><span class='ocrx_word' id='word_1_449' title='bbox 1067 1831 1172 1900; x_wconf 90' lang='lat' dir='ltr'><strong>accipit,</strong></span> <span class='ocrx_word' id='word_1_450' title='bbox 1190 1839 1222 1886; x_wconf 92' lang='lat' dir='ltr'><strong>ut</strong></span> <span class='ocrx_word' id='word_1_451' title='bbox 1238 1831 1279 1886; x_wconf 84' lang='lat' dir='ltr'><strong>vel</strong></span> <span class='ocrx_word' id='word_1_452' title='bbox 1296 1831 1375 1884; x_wconf 84' lang='lat' dir='ltr'><strong>adeat</strong></span> <span class='ocrx_word' id='word_1_453' title='bbox 1391 1831 1563 1884; x_wconf 84' lang='lat' dir='ltr'><strong>hereditatem</strong></span> <span class='ocrx_word' id='word_1_454' title='bbox 1580 1831 1622 1884; x_wconf 83' lang='lat' dir='ltr'><strong>vel</strong></span> <span class='ocrx_word' id='word_1_455' title='bbox 1638 1847 1692 1886; x_wconf 91' lang='lat' dir='ltr'><strong>non</strong></span> <span class='ocrx_word' id='word_1_456' title='bbox 1709 1833 1797 1900; x_wconf 87' lang='lat' dir='ltr'><strong>adeat,</strong></span> <span class='ocrx_word' id='word_1_457' title='bbox 1815 1837 1870 1902; x_wconf 89' lang='lat' dir='ltr'><strong>qui·</strong></span> 
     </span>
     <span class='ocr_line' id='line_1_70' title="bbox 1067 1899 1870 1968; baseline 0 -14"><span class='ocrx_word' id='word_1_458' title='bbox 1067 1901 1168 1968; x_wconf 90' lang='lat' dir='ltr'><strong>quein</strong></span> <span class='ocrx_word' id='word_1_459' title='bbox 1191 1903 1242 1954; x_wconf 94' lang='lat' dir='ltr'><strong>hoc</strong></span> <span class='ocrx_word' id='word_1_460' title='bbox 1265 1900 1363 1968; x_wconf 90' lang='lat' dir='ltr'><strong>accipit</strong></span> <span class='ocrx_word' id='word_1_461' title='bbox 1384 1899 1536 1966; x_wconf 87' lang='lat' dir='ltr'><strong>pecuniam,</strong></span> <span class='ocrx_word' id='word_1_462' title='bbox 1562 1903 1593 1952; x_wconf 91' lang='lat' dir='ltr'><strong>ut</strong></span> <span class='ocrx_word' id='word_1_463' title='bbox 1619 1899 1735 1968; x_wconf 80' lang='lat' dir='ltr'><strong>legatum</strong></span> <span class='ocrx_word' id='word_1_464' title='bbox 1758 1903 1870 1956; x_wconf 88' lang='lat' dir='ltr'><strong>omittat.</strong></span> 
     </span>
     <span class='ocr_line' id='line_1_71' title="bbox 1067 1967 1870 2036; baseline 0 -14"><span class='ocrx_word' id='word_1_465' title='bbox 1067 1969 1114 2022; x_wconf 89' lang='lat' dir='ltr'><strong>sed</strong></span> <span class='ocrx_word' id='word_1_466' title='bbox 1131 1975 1158 2022; x_wconf 89' lang='lat' dir='ltr'><strong>et</strong></span> <span class='ocrx_word' id='word_1_467' title='bbox 1175 1969 1237 2032; x_wconf 88' lang='lat' dir='ltr'><strong>dos,</strong></span> <span class='ocrx_word' id='word_1_468' title='bbox 1262 1985 1340 2036; x_wconf 91' lang='lat' dir='ltr'><strong>quam</strong></span> <span class='ocrx_word' id='word_1_469' title='bbox 1359 1967 1418 2036; x_wconf 90' lang='lat' dir='ltr'><strong>quis</strong></span> <span class='ocrx_word' id='word_1_470' title='bbox 1435 1967 1464 2020; x_wconf 92' lang='lat' dir='ltr'><strong>in</strong></span> <span class='ocrx_word' id='word_1_471' title='bbox 1480 1973 1590 2020; x_wconf 89' lang='lat' dir='ltr'><strong>mortem</strong></span> <span class='ocrx_word' id='word_1_472' title='bbox 1607 1969 1724 2020; x_wconf 90' lang='lat' dir='ltr'><strong>mulieris</strong></span> <span class='ocrx_word' id='word_1_473' title='bbox 1742 1983 1758 2020; x_wconf 90' lang='lat' dir='ltr'><strong>a</strong></span> <span class='ocrx_word' id='word_1_474' title='bbox 1775 1971 1870 2022; x_wconf 89' lang='lat' dir='ltr'><strong>marito</strong></span> 
     </span>
     <span class='ocr_line' id='line_1_72' title="bbox 1067 2035 1871 2114; baseline 0.002 -26"><span class='ocrx_word' id='word_1_475' title='bbox 1067 2035 1221 2104; x_wconf 88' lang='lat' dir='ltr'><strong>stipulatur,</strong></span> <span class='ocrx_word' id='word_1_476' title='bbox 1241 2035 1345 2114; x_wconf 83' lang='lat' dir='ltr'><strong>capitur</strong></span> <span class='ocrx_word' id='word_1_477' title='bbox 1363 2049 1427 2088; x_wconf 87' lang='lat' dir='ltr'><strong>sano</strong></span> <span class='ocrx_word' id='word_1_478' title='bbox 1444 2035 1535 2088; x_wconf 85' lang='lat' dir='ltr'><strong>mortis</strong></span> <span class='ocrx_word' id='word_1_479' title='bbox 1553 2049 1648 2088; x_wconf 88' lang='lat' dir='ltr'><strong>causa:</strong></span> <span class='ocrx_word' id='word_1_480' title='bbox 1676 2035 1751 2088; x_wconf 82' lang='grc'>22122</span> <span class='ocrx_word' id='word_1_481' title='bbox 1768 2037 1871 2104; x_wconf 81' lang='lat' dir='ltr'><strong>generis</strong></span> 
     </span>
     <span class='ocr_line' id='line_1_73' title="bbox 1067 2101 1872 2170; baseline 0 -14"><span class='ocrx_word' id='word_1_482' title='bbox 1067 2103 1143 2158; x_wconf 90' lang='lat' dir='ltr'><strong>dotes</strong></span> <span class='ocrx_word' id='word_1_483' title='bbox 1160 2103 1319 2170; x_wconf 83' lang='lat' dir='ltr'><strong>recepticrae</strong></span> <span class='ocrx_word' id='word_1_484' title='bbox 1336 2107 1473 2158; x_wconf 85' lang='lat' dir='ltr'><strong>vocantur.</strong></span> <span class='ocrx_word' id='word_1_485' title='bbox 1508 2117 1599 2156; x_wconf 90' lang='lat' dir='ltr'><strong>rursus</strong></span> <span class='ocrx_word' id='word_1_486' title='bbox 1622 2101 1662 2168; x_wconf 89' lang='lat' dir='ltr'><strong>id,</strong></span> <span class='ocrx_word' id='word_1_487' title='bbox 1685 2103 1757 2170; x_wconf 92' lang='lat' dir='ltr'><strong>quod</strong></span> <span class='ocrx_word' id='word_1_488' title='bbox 1779 2105 1872 2158; x_wconf 87' lang='lat' dir='ltr'><strong>mortis</strong></span> 
     </span>
     <span class='ocr_line' id='line_1_74' title="bbox 1068 2169 1872 2238; baseline -0.002 -16"><span class='ocrx_word' id='word_1_489' title='bbox 1068 2169 1149 2224; x_wconf 85' lang='lat' dir='ltr'><strong>causa</strong></span> <span class='ocrx_word' id='word_1_490' title='bbox 1172 2171 1299 2236; x_wconf 90' lang='lat' dir='ltr'><strong>donatur,</strong></span> <span class='ocrx_word' id='word_1_491' title='bbox 1326 2175 1373 2224; x_wconf 86' lang='lat' dir='ltr'><strong>aut</strong></span> <span class='ocrx_word' id='word_1_492' title='bbox 1394 2171 1422 2224; x_wconf 89' lang='lat' dir='ltr'><strong>in</strong></span> <span class='ocrx_word' id='word_1_493' title='bbox 1442 2169 1588 2238; x_wconf 90' lang='lat' dir='ltr'><strong>periculum</strong></span> <span class='ocrx_word' id='word_1_494' title='bbox 1609 2169 1701 2222; x_wconf 89' lang='lat' dir='ltr'><strong>mortis</strong></span> <span class='ocrx_word' id='word_1_495' title='bbox 1724 2169 1803 2222; x_wconf 91' lang='lat' dir='ltr'><strong>datur</strong></span> <span class='ocrx_word' id='word_1_496' title='bbox 1825 2175 1872 2222; x_wconf 90' lang='lat' dir='ltr'><strong>aut</strong></span> 
     </span>
     <span class='ocr_line' id='line_1_75' title="bbox 1068 2235 1872 2304; baseline 0 -14"><span class='ocrx_word' id='word_1_497' title='bbox 1068 2237 1254 2304; x_wconf 81' lang='lat' dir='ltr'><strong>cogitationem</strong></span> <span class='ocrx_word' id='word_1_498' title='bbox 1263 2239 1284 2270; x_wconf 82' lang='lat'><strong>1³</strong></span> <span class='ocrx_word' id='word_1_499' title='bbox 1301 2237 1478 2302; x_wconf 86' lang='lat' dir='ltr'><strong>mortahtatis,</strong></span> <span class='ocrx_word' id='word_1_500' title='bbox 1496 2237 1566 2304; x_wconf 88' lang='lat' dir='ltr'><strong>quod</strong></span> <span class='ocrx_word' id='word_1_501' title='bbox 1579 2251 1628 2290; x_wconf 88' lang='lat' dir='ltr'><strong>uos</strong></span> <span class='ocrx_word' id='word_1_502' title='bbox 1643 2235 1802 2302; x_wconf 89' lang='lat' dir='ltr'><strong>quandoque</strong></span> <span class='ocrx_word' id='word_1_503' title='bbox 1815 2251 1872 2290; x_wconf 89' lang='lat' dir='ltr'><strong>mo·</strong></span> 
     </span>
     <span class='ocr_line' id='line_1_76' title="bbox 1067 2301 1872 2372; baseline 0 -16"><span class='ocrx_word' id='word_1_504' title='bbox 1067 2307 1082 2356; x_wconf 88' lang='lat'><strong>3</strong></span> <span class='ocrx_word' id='word_1_505' title='bbox 1117 2305 1216 2358; x_wconf 87' lang='lat' dir='ltr'><strong>rituros</strong></span> <span class='ocrx_word' id='word_1_506' title='bbox 1242 2305 1425 2372; x_wconf 86' lang='lat' dir='ltr'><strong>intellegimus.</strong></span> <span class='ocrx_word' id='word_1_507' title='bbox 1460 2305 1488 2358; x_wconf 83' lang='lat' dir='ltr'><strong>Si</strong></span> <span class='ocrx_word' id='word_1_508' title='bbox 1513 2301 1621 2356; x_wconf 87' lang='lat' dir='ltr'><strong>iusseris</strong></span> <span class='ocrx_word' id='word_1_509' title='bbox 1643 2301 1735 2356; x_wconf 86' lang='lat' dir='ltr'><strong>mortis</strong></span> <span class='ocrx_word' id='word_1_510' title='bbox 1761 2317 1844 2356; x_wconf 88' lang='lat' dir='ltr'><strong>causa</strong></span> <span class='ocrx_word' id='word_1_511' title='bbox 1853 2303 1872 2334; x_wconf 70' lang='lat'><strong>1⁴</strong></span> 
     </span>
     <span class='ocr_line' id='line_1_77' title="bbox 1067 2368 1891 2436; baseline -0.001 -13"><span class='ocrx_word' id='word_1_512' title='bbox 1067 2368 1212 2426; x_wconf 89' lang='lat' dir='ltr'><strong>debitorem</strong></span> <span class='ocrx_word' id='word_1_513' title='bbox 1229 2377 1304 2424; x_wconf 90' lang='lat' dir='ltr'><strong>tuum</strong></span> <span class='ocrx_word' id='word_1_514' title='bbox 1322 2371 1386 2424; x_wconf 89' lang='lat' dir='ltr'><strong>mihi</strong></span> <span class='ocrx_word' id='word_1_515' title='bbox 1403 2377 1450 2424; x_wconf 90' lang='lat' dir='ltr'><strong>aut</strong></span> <span class='ocrx_word' id='word_1_516' title='bbox 1469 2371 1593 2424; x_wconf 89' lang='lat' dir='ltr'><strong>creditori</strong></span> <span class='ocrx_word' id='word_1_517' title='bbox 1608 2383 1667 2422; x_wconf 90' lang='lat' dir='ltr'><strong>mec</strong></span> <span class='ocrx_word' id='word_1_518' title='bbox 1685 2371 1872 2436; x_wconf 83' lang='lat' dir='ltr'><strong>expromittere</strong></span> <span class='ocrx_word' id='word_1_519' title='bbox 1890 2395 1891 2398; x_wconf 22' lang='grc' dir='ltr'>ι</span> 
     </span>
     <span class='ocr_line' id='line_1_78' title="bbox 1067 2435 1872 2506; baseline 0 -18"><span class='ocrx_word' id='word_1_520' title='bbox 1067 2437 1165 2502; x_wconf 92' lang='lat' dir='ltr'><strong>decem,</strong></span> <span class='ocrx_word' id='word_1_521' title='bbox 1184 2437 1248 2506; x_wconf 91' lang='lat' dir='ltr'><strong>quid</strong></span> <span class='ocrx_word' id='word_1_522' title='bbox 1259 2439 1324 2494; x_wconf 89' lang='lat' dir='ltr'><strong>iuris</strong></span> <span class='ocrx_word' id='word_1_523' title='bbox 1342 2443 1412 2492; x_wconf 87' lang='lat' dir='ltr'><strong>esset</strong></span> <span class='ocrx_word' id='word_1_524' title='bbox 1429 2439 1572 2506; x_wconf 88' lang='lat' dir='ltr'><strong>quaeritur,</strong></span> <span class='ocrx_word' id='word_1_525' title='bbox 1590 2437 1614 2492; x_wconf 90' lang='lat' dir='ltr'><strong>si</strong></span> <span class='ocrx_word' id='word_1_526' title='bbox 1631 2437 1683 2488; x_wconf 91' lang='lat' dir='ltr'><strong>iste</strong></span> <span class='ocrx_word' id='word_1_527' title='bbox 1700 2435 1804 2490; x_wconf 86' lang='lat' dir='ltr'><strong>debitor</strong></span> <span class='ocrx_word' id='word_1_528' title='bbox 1818 2437 1872 2488; x_wconf 88' lang='lat' dir='ltr'><strong>sol·</strong></span> 
     </span>
     <span class='ocr_line' id='line_1_79' title="bbox 1066 2503 1889 2572; baseline -0.004 -16"><span class='ocrx_word' id='word_1_529' title='bbox 1066 2503 1150 2556; x_wconf 84' lang='lat' dir='ltr'><strong>vendo</strong></span> <span class='ocrx_word' id='word_1_530' title='bbox 1174 2521 1229 2558; x_wconf 90' lang='lat' dir='ltr'><strong>uon</strong></span> <span class='ocrx_word' id='word_1_531' title='bbox 1258 2505 1299 2558; x_wconf 91' lang='lat' dir='ltr'><strong>sit.</strong></span> <span class='ocrx_word' id='word_1_532' title='bbox 1334 2509 1362 2558; x_wconf 92' lang='lat' dir='ltr'><strong>et</strong></span> <span class='ocrx_word' id='word_1_533' title='bbox 1389 2505 1583 2572; x_wconf 77' lang='lat' dir='ltr'><strong>sitiebamus,</strong></span> <span class='ocrx_word' id='word_1_534' title='bbox 1610 2503 1633 2558; x_wconf 91' lang='lat' dir='ltr'><strong>si</strong></span> <span class='ocrx_word' id='word_1_535' title='bbox 1661 2517 1707 2570; x_wconf 84' lang='lat' dir='ltr'><strong>ego</strong></span> <span class='ocrx_word' id='word_1_536' title='bbox 1730 2503 1889 2572; x_wconf 87' lang='lat' dir='ltr'><strong>stipulatus</strong></span> 
     </span>
     <span class='ocr_line' id='line_1_80' title="bbox 1066 2569 1872 2640; baseline -0.004 -18"><span class='ocrx_word' id='word_1_537' title='bbox 1066 2569 1169 2638; x_wconf 88' lang='lat' dir='ltr'><strong>fuerim,</strong></span> <span class='ocrx_word' id='word_1_538' title='bbox 1187 2575 1290 2624; x_wconf 88' lang='lat' dir='ltr'><strong>tantam</strong></span> <span class='ocrx_word' id='word_1_539' title='bbox 1306 2573 1448 2640; x_wconf 85' lang='lat' dir='ltr'><strong>pecuniam</strong></span> <span class='ocrx_word' id='word_1_540' title='bbox 1460 2571 1542 2626; x_wconf 86' lang='lat' dir='ltr'><strong>rideri</strong></span> <span class='ocrx_word' id='word_1_541' title='bbox 1559 2587 1601 2624; x_wconf 91' lang='lat' dir='ltr'><strong>me</strong></span> <span class='ocrx_word' id='word_1_542' title='bbox 1619 2569 1728 2638; x_wconf 90' lang='lat' dir='ltr'><strong>cepisse,</strong></span> <span class='ocrx_word' id='word_1_543' title='bbox 1746 2569 1774 2620; x_wconf 94' lang='lat' dir='ltr'><strong>in</strong></span> <span class='ocrx_word' id='word_1_544' title='bbox 1790 2585 1872 2636; x_wconf 86' lang='lat' dir='ltr'><strong>quan-</strong></span> 
     </span>
     <span class='ocr_line' id='line_1_81' title="bbox 1066 2635 1872 2700; baseline -0.004 -10"><span class='ocrx_word' id='word_1_545' title='bbox 1066 2641 1124 2690; x_wconf 91' lang='lat' dir='ltr'><strong>tum</strong></span> <span class='ocrx_word' id='word_1_546' title='bbox 1141 2637 1245 2692; x_wconf 89' lang='lat' dir='ltr'><strong>debitor</strong></span> <span class='ocrx_word' id='word_1_547' title='bbox 1262 2637 1386 2692; x_wconf 86' lang='lat' dir='ltr'><strong>solvendo</strong></span> <span class='ocrx_word' id='word_1_548' title='bbox 1403 2637 1509 2692; x_wconf 84' lang='lat' dir='ltr'><strong>fuisset:</strong></span> <span class='ocrx_word' id='word_1_549' title='bbox 1528 2653 1590 2692; x_wconf 90' lang='grc'><strong>222</strong></span> <span class='ocrx_word' id='word_1_550' title='bbox 1604 2641 1629 2692; x_wconf 86' lang='grc'><strong>22</strong></span> <span class='ocrx_word' id='word_1_551' title='bbox 1646 2637 1669 2690; x_wconf 87' lang='lat' dir='ltr'><strong>si</strong></span> <span class='ocrx_word' id='word_1_552' title='bbox 1687 2635 1872 2700; x_wconf 85' lang='lat' dir='ltr'><strong>convaluisset,</strong></span> 
     </span>
     <span class='ocr_line' id='line_1_82' title="bbox 1066 2703 1872 2774; baseline -0.005 -16"><span class='ocrx_word' id='word_1_553' title='bbox 1066 2705 1158 2772; x_wconf 89' lang='lat' dir='ltr'><strong>inquit,</strong></span> <span class='ocrx_word' id='word_1_554' title='bbox 1177 2705 1302 2770; x_wconf 86' lang='lat' dir='ltr'><strong>donator,</strong></span> <span class='ocrx_word' id='word_1_555' title='bbox 1328 2707 1514 2774; x_wconf 86' lang='lat' dir='ltr'><strong>obligationem</strong></span> <span class='ocrx_word' id='word_1_556' title='bbox 1531 2705 1670 2758; x_wconf 87' lang='lat' dir='ltr'><strong>dumtaxat</strong></span> <span class='ocrx_word' id='word_1_557' title='bbox 1687 2703 1813 2758; x_wconf 88' lang='lat' dir='ltr'><strong>debitoris</strong></span> <span class='ocrx_word' id='word_1_558' title='bbox 1830 2719 1872 2754; x_wconf 88' lang='lat' dir='ltr'><strong>re·</strong></span> 
     </span>
     <span class='ocr_line' id='line_1_83' title="bbox 1067 2769 1872 2838; baseline -0.005 -14"><span class='ocrx_word' id='word_1_559' title='bbox 1067 2771 1156 2838; x_wconf 86' lang='lat' dir='ltr'><strong>cipere</strong></span> <span class='ocrx_word' id='word_1_560' title='bbox 1185 2772 1300 2825; x_wconf 89' lang='lat' dir='ltr'><strong>deberet.</strong></span> <span class='ocrx_word' id='word_1_561' title='bbox 1337 2773 1361 2824; x_wconf 85' lang='lat' dir='ltr'><strong>si</strong></span> <span class='ocrx_word' id='word_1_562' title='bbox 1391 2787 1453 2826; x_wconf 85' lang='lat' dir='ltr'><strong>vero</strong></span> <span class='ocrx_word' id='word_1_563' title='bbox 1480 2771 1595 2826; x_wconf 87' lang='lat' dir='ltr'><strong>creditor</strong></span> <span class='ocrx_word' id='word_1_564' title='bbox 1623 2785 1698 2824; x_wconf 90' lang='lat' dir='ltr'><strong>meus</strong></span> <span class='ocrx_word' id='word_1_565' title='bbox 1730 2769 1872 2836; x_wconf 88' lang='lat' dir='ltr'><strong>stipulatus</strong></span> 
     </span>
     <span class='ocr_line' id='line_1_84' title="bbox 1066 2837 1874 2906; baseline -0.002 -16"><span class='ocrx_word' id='word_1_566' title='bbox 1066 2837 1159 2902; x_wconf 88' lang='lat' dir='ltr'><strong>fuerit,</strong></span> <span class='ocrx_word' id='word_1_567' title='bbox 1189 2843 1292 2892; x_wconf 88' lang='lat' dir='ltr'><strong>tantam</strong></span> <span class='ocrx_word' id='word_1_568' title='bbox 1320 2839 1403 2892; x_wconf 83' lang='lat' dir='ltr'><strong>rideri</strong></span> <span class='ocrx_word' id='word_1_569' title='bbox 1428 2853 1470 2892; x_wconf 90' lang='lat' dir='ltr'><strong>me</strong></span> <span class='ocrx_word' id='word_1_570' title='bbox 1500 2839 1640 2906; x_wconf 89' lang='lat' dir='ltr'><strong>pecuniam</strong></span> <span class='ocrx_word' id='word_1_571' title='bbox 1665 2837 1815 2906; x_wconf 89' lang='lat' dir='ltr'><strong>accepisse,</strong></span> <span class='ocrx_word' id='word_1_572' title='bbox 1846 2837 1874 2888; x_wconf 91' lang='lat' dir='ltr'><strong>in</strong></span> 
     </span>
     <span class='ocr_line' id='line_1_85' title="bbox 1066 2903 1874 2974; baseline -0.002 -16"><span class='ocrx_word' id='word_1_573' title='bbox 1066 2911 1083 2958; x_wconf 83' lang='lat'>4</span> <span class='ocrx_word' id='word_1_574' title='bbox 1118 2911 1247 2974; x_wconf 88' lang='lat' dir='ltr'><strong>quantum</strong></span> <span class='ocrx_word' id='word_1_575' title='bbox 1268 2921 1284 2958; x_wconf 90' lang='grc'><strong>2</strong></span> <span class='ocrx_word' id='word_1_576' title='bbox 1308 2905 1439 2960; x_wconf 87' lang='lat' dir='ltr'><strong>creditore</strong></span> <span class='ocrx_word' id='word_1_577' title='bbox 1459 2921 1518 2960; x_wconf 89' lang='lat' dir='ltr'><strong>meo</strong></span> <span class='ocrx_word' id='word_1_578' title='bbox 1541 2905 1668 2960; x_wconf 84' lang='lat' dir='ltr'><strong>liberatus</strong></span> <span class='ocrx_word' id='word_1_579' title='bbox 1694 2919 1787 2960; x_wconf 85' lang='lat' dir='ltr'><strong>essem.</strong></span> <span class='ocrx_word' id='word_1_580' title='bbox 1822 2903 1874 2956; x_wconf 89' lang='lat' dir='ltr'><strong>Per</strong></span> 
     </span>
     <span class='ocr_line' id='line_1_86' title="bbox 1067 2973 1874 3052; baseline -0.005 -26"><span class='ocrx_word' id='word_1_581' title='bbox 1067 2973 1170 3040; x_wconf 87' lang='lat' dir='ltr'><strong>accepti</strong></span> <span class='ocrx_word' id='word_1_582' title='bbox 1184 2989 1288 3052; x_wconf 83' lang='lat' dir='ltr'><strong>qnoque</strong></span> <span class='ocrx_word' id='word_1_583' title='bbox 1303 2973 1429 3052; x_wconf 79' lang='lat' dir='ltr'><strong>lationem</strong></span> <span class='ocrx_word' id='word_1_584' title='bbox 1443 2989 1521 3040; x_wconf 83' lang='lat' dir='ltr'><strong>egens</strong></span> <span class='ocrx_word' id='word_1_585' title='bbox 1536 2973 1776 3052; x_wconf 26' lang='lat' dir='ltr'><strong>debitorlliberatus</strong></span> <span class='ocrx_word' id='word_1_586' title='bbox 1791 2975 1874 3026; x_wconf 88' lang='lat' dir='ltr'><strong>totam</strong></span> 
     </span>
     <span class='ocr_line' id='line_1_87' title="bbox 1067 3037 1874 3176; baseline -0.002 -15"><span class='ocrx_word' id='word_1_587' title='bbox 1067 3041 1701 3176; x_wconf 52' lang='grc'>212212122122222122222</span> <span class='ocrx_word' id='word_1_588' title='bbox 1710 3037 1874 3160; x_wconf 62' lang='lat' dir='ltr'><strong>titiis...</strong></span> 
     </span>
     <span class='ocr_line' id='line_1_88' title="bbox 1066 3173 1874 3242; baseline -0.001 -16"><span class='ocrx_word' id='word_1_589' title='bbox 1066 3173 1128 3228; x_wconf 85' lang='lat' dir='ltr'><strong>Non</strong></span> <span class='ocrx_word' id='word_1_590' title='bbox 1154 3173 1258 3228; x_wconf 84' lang='lat' dir='ltr'><strong>videtur</strong></span> <span class='ocrx_word' id='word_1_591' title='bbox 1285 3173 1405 3242; x_wconf 89' lang='lat' dir='ltr'><strong>perfecta</strong></span> <span class='ocrx_word' id='word_1_592' title='bbox 1428 3173 1536 3228; x_wconf 90' lang='lat' dir='ltr'><strong>donatio</strong></span> <span class='ocrx_word' id='word_1_593' title='bbox 1565 3175 1659 3230; x_wconf 85' lang='lat' dir='ltr'><strong>mortis</strong></span> <span class='ocrx_word' id='word_1_594' title='bbox 1688 3189 1772 3228; x_wconf 90' lang='lat' dir='ltr'><strong>causa</strong></span> <span class='ocrx_word' id='word_1_595' title='bbox 1793 3175 1874 3238; x_wconf 88' lang='lat' dir='ltr'><strong>facta,</strong></span> 
     </span>
     <span class='ocr_line' id='line_1_89' title="bbox 1066 3241 1479 3310; baseline -0.005 -14"><span class='ocrx_word' id='word_1_596' title='bbox 1066 3249 1209 3310; x_wconf 87' lang='lat' dir='ltr'><strong>antequam</strong></span> <span class='ocrx_word' id='word_1_597' title='bbox 1225 3259 1296 3298; x_wconf 86' lang='lat' dir='ltr'><strong>mors</strong></span> <span class='ocrx_word' id='word_1_598' title='bbox 1314 3241 1479 3310; x_wconf 88' lang='lat' dir='ltr'><strong>insequatur.</strong></span> 
     </span>
    </p>

    <p class='ocr_par' dir='ltr' id='par_1_15' title="bbox 1064 3307 1875 3586">
     <span class='ocr_line' id='line_1_90' title="bbox 1100 3307 1875 3378; baseline -0.005 -10"><span class='ocrx_word' id='word_1_599' title='bbox 1100 3307 1139 3368; x_wconf 84' lang='lat'><strong>33</strong></span> <span class='ocrx_word' id='word_1_600' title='bbox 1158 3309 1277 3364; x_wconf 78' lang='lat' dir='ltr'><strong>Paucos</strong></span> <span class='ocrx_word' id='word_1_601' title='bbox 1289 3309 1356 3364; x_wconf 86' lang='lat' dir='ltr'><strong>libro</strong></span> <span class='ocrx_word' id='word_1_602' title='bbox 1372 3313 1470 3378; x_wconf 82' lang='lat' dir='ltr'><strong>quarto</strong></span> <span class='ocrx_word' id='word_1_603' title='bbox 1484 3307 1521 3362; x_wconf 86' lang='lat' dir='ltr'><strong>od</strong></span> <span class='ocrx_word' id='word_1_604' title='bbox 1533 3309 1671 3364; x_wconf 81' lang='lat' dir='ltr'><strong>Plautium</strong></span> <span class='ocrx_word' id='word_1_605' title='bbox 1697 3307 1748 3376; x_wconf 75' lang='lat' dir='ltr'><strong>Qui</strong></span> <span class='ocrx_word' id='word_1_606' title='bbox 1762 3309 1875 3364; x_wconf 87' lang='lat' dir='ltr'><strong>alienam</strong></span> 
     </span>
     <span class='ocr_line' id='line_1_91' title="bbox 1065 3377 1874 3446; baseline 0 -14"><span class='ocrx_word' id='word_1_607' title='bbox 1065 3395 1122 3432; x_wconf 90' lang='lat' dir='ltr'><strong>rem</strong></span> <span class='ocrx_word' id='word_1_608' title='bbox 1136 3379 1228 3432; x_wconf 90' lang='lat' dir='ltr'><strong>mortis</strong></span> <span class='ocrx_word' id='word_1_609' title='bbox 1247 3393 1328 3432; x_wconf 89' lang='lat' dir='ltr'><strong>cansa</strong></span> <span class='ocrx_word' id='word_1_610' title='bbox 1345 3377 1473 3430; x_wconf 88' lang='lat' dir='ltr'><strong>traditam</strong></span> <span class='ocrx_word' id='word_1_611' title='bbox 1484 3377 1614 3446; x_wconf 86' lang='lat' dir='ltr'><strong>usucapit,</strong></span> <span class='ocrx_word' id='word_1_612' title='bbox 1631 3393 1686 3432; x_wconf 89' lang='lat' dir='ltr'><strong>uon</strong></span> <span class='ocrx_word' id='word_1_613' title='bbox 1703 3379 1738 3432; x_wconf 89' lang='lat' dir='ltr'><strong>ab</strong></span> <span class='ocrx_word' id='word_1_614' title='bbox 1755 3377 1874 3432; x_wconf 82' lang='grc'>222212-</span> 
     </span>
     <span class='ocr_line' id='line_1_92' title="bbox 1064 3445 1874 3514; baseline 0 -14"><span class='ocrx_word' id='word_1_615' title='bbox 1064 3453 1140 3502; x_wconf 90' lang='lat' dir='ltr'><strong>retur</strong></span> <span class='ocrx_word' id='word_1_616' title='bbox 1157 3445 1267 3514; x_wconf 86' lang='lat' dir='ltr'><strong>cepisse,</strong></span> <span class='ocrx_word' id='word_1_617' title='bbox 1286 3445 1361 3500; x_wconf 89' lang='lat' dir='ltr'><strong>cuius</strong></span> <span class='ocrx_word' id='word_1_618' title='bbox 1379 3461 1422 3500; x_wconf 89' lang='lat' dir='ltr'><strong>res</strong></span> <span class='ocrx_word' id='word_1_619' title='bbox 1440 3445 1542 3508; x_wconf 88' lang='lat' dir='ltr'><strong>inisset,</strong></span> <span class='ocrx_word' id='word_1_620' title='bbox 1560 3445 1608 3502; x_wconf 90' lang='lat' dir='ltr'><strong>sed</strong></span> <span class='ocrx_word' id='word_1_621' title='bbox 1624 3447 1659 3502; x_wconf 93' lang='lat' dir='ltr'><strong>ab</strong></span> <span class='ocrx_word' id='word_1_622' title='bbox 1677 3463 1717 3514; x_wconf 92' lang='lat' dir='ltr'><strong>ec,</strong></span> <span class='ocrx_word' id='word_1_623' title='bbox 1736 3445 1874 3514; x_wconf 76' lang='grc'>2212222-</span> 
     </span>
     <span class='ocr_line' id='line_1_93' title="bbox 1065 3513 1554 3586; baseline -0.004 -16"><span class='ocrx_word' id='word_1_624' title='bbox 1065 3517 1166 3570; x_wconf 90' lang='lat' dir='ltr'><strong>sionem</strong></span> <span class='ocrx_word' id='word_1_625' title='bbox 1181 3513 1353 3586; x_wconf 90' lang='lat' dir='ltr'><strong>usucapionis</strong></span> <span class='ocrx_word' id='word_1_626' title='bbox 1371 3513 1554 3582; x_wconf 88' lang='lat' dir='ltr'><strong>praestitisset.</strong></span> 
     </span>
    </p>

    <p class='ocr_par' dir='ltr' id='par_1_16' title="bbox 1100 3581 1875 3656">
     <span class='ocr_line' id='line_1_94' title="bbox 1100 3581 1875 3656; baseline -0.005 -14"><span class='ocrx_word' id='word_1_627' title='bbox 1100 3581 1140 3642; x_wconf 90' lang='grc'><strong>34</strong></span> <span class='ocrx_word' id='word_1_628' title='bbox 1157 3581 1337 3638; x_wconf 78' lang='lat' dir='ltr'><strong>Marcentes</strong></span> <span class='ocrx_word' id='word_1_629' title='bbox 1355 3581 1424 3636; x_wconf 86' lang='lat' dir='ltr'><strong>libro</strong></span> <span class='ocrx_word' id='word_1_630' title='bbox 1441 3583 1581 3638; x_wconf 85' lang='lat' dir='ltr'><strong>vicensimo</strong></span> <span class='ocrx_word' id='word_1_631' title='bbox 1600 3587 1692 3638; x_wconf 83' lang='lat' dir='ltr'><strong>oetaeo</strong></span> <span class='ocrx_word' id='word_1_632' title='bbox 1709 3583 1875 3656; x_wconf 72' lang='lat' dir='ltr'><strong>clipeatorum</strong></span> 
     </span>
    </p>
   </div>
   <div class='ocr_carea' id='block_1_7' title="bbox 232 3649 1875 4204">
    <p class='ocr_par' dir='ltr' id='par_1_17' title="bbox 232 3649 1875 4204">
     <span class='ocr_line' id='line_1_95' title="bbox 256 3649 1875 3724; baseline -0.004 -12"><span class='ocrx_word' id='word_1_633' title='bbox 256 3653 745 3724; x_wconf 66' lang='grc'>271222222222122229212222</span> <span class='ocrx_word' id='word_1_634' title='bbox 776 3655 828 3708; x_wconf 89' lang='lat' dir='ltr'><strong>Ubi</strong></span> <span class='ocrx_word' id='word_1_635' title='bbox 845 3653 884 3706; x_wconf 87' lang='lat' dir='ltr'><strong>ita</strong></span> <span class='ocrx_word' id='word_1_636' title='bbox 902 3651 1015 3706; x_wconf 90' lang='lat' dir='ltr'><strong>donatur</strong></span> <span class='ocrx_word' id='word_1_637' title='bbox 1065 3653 1161 3708; x_wconf 88' lang='lat' dir='ltr'><strong>Mortis</strong></span> <span class='ocrx_word' id='word_1_638' title='bbox 1184 3667 1266 3706; x_wconf 86' lang='lat' dir='ltr'><strong>causa</strong></span> <span class='ocrx_word' id='word_1_639' title='bbox 1286 3649 1395 3706; x_wconf 81' lang='lat' dir='ltr'><strong>donello</strong></span> <span class='ocrx_word' id='word_1_640' title='bbox 1419 3651 1821 3722; x_wconf 75' lang='grc'>22122212222221221222222,</span> <span class='ocrx_word' id='word_1_641' title='bbox 1845 3657 1875 3706; x_wconf 91' lang='grc'><strong>22</strong></span> 
     </span>
     <span class='ocr_line' id='line_1_96' title="bbox 233 3721 1872 3790; baseline 0 -14"><span class='ocrx_word' id='word_1_642' title='bbox 233 3721 785 3790; x_wconf 76' lang='grc'>222122222222221122222222222,</span> <span class='ocrx_word' id='word_1_643' title='bbox 805 3721 1016 3776; x_wconf 86' lang='lat' dir='ltr'><strong>causadonandi</strong></span> <span class='ocrx_word' id='word_1_644' title='bbox 1067 3721 1161 3790; x_wconf 79' lang='lat' dir='ltr'><strong>quid¹⁵</strong></span> <span class='ocrx_word' id='word_1_645' title='bbox 1187 3721 1328 3790; x_wconf 89' lang='lat' dir='ltr'><strong>stipuletur</strong></span> <span class='ocrx_word' id='word_1_646' title='bbox 1353 3721 1383 3772; x_wconf 94' lang='lat' dir='ltr'><strong>in</strong></span> <span class='ocrx_word' id='word_1_647' title='bbox 1405 3733 1491 3776; x_wconf 88' lang='lat' dir='ltr'><strong>annos</strong></span> <span class='ocrx_word' id='word_1_648' title='bbox 1514 3721 1632 3788; x_wconf 82' lang='lat' dir='ltr'><strong>singulos</strong></span> <span class='ocrx_word' id='word_1_649' title='bbox 1655 3721 1745 3790; x_wconf 90' lang='lat' dir='ltr'><strong>quoad</strong></span> <span class='ocrx_word' id='word_1_650' title='bbox 1768 3721 1872 3790; x_wconf 82' lang='lat' dir='ltr'><strong>viveret,</strong></span> 
     </span>
     <span class='ocr_line' id='line_1_97' title="bbox 278 3789 1872 3860; baseline 0 -16"><span class='ocrx_word' id='word_1_651' title='bbox 278 3793 282 3802; x_wconf 93' lang='lat'>&#39;</span> <span class='ocrx_word' id='word_1_652' title='bbox 302 3793 311 3824; x_wconf 79' lang='lat'>⁷</span> <span class='ocrx_word' id='word_1_653' title='bbox 331 3795 370 3844; x_wconf 87' lang='lat' dir='ltr'><strong>est</strong></span> <span class='ocrx_word' id='word_1_654' title='bbox 392 3807 471 3858; x_wconf 89' lang='lat' dir='ltr'><strong>quam</strong></span> <span class='ocrx_word' id='word_1_655' title='bbox 489 3789 581 3844; x_wconf 80' lang='lat' dir='ltr'><strong>mortis</strong></span> <span class='ocrx_word' id='word_1_656' title='bbox 600 3805 683 3844; x_wconf 90' lang='lat' dir='ltr'><strong>causa</strong></span> <span class='ocrx_word' id='word_1_657' title='bbox 701 3789 823 3846; x_wconf 85' lang='lat' dir='ltr'><strong>donatio:</strong></span> <span class='ocrx_word' id='word_1_658' title='bbox 847 3795 873 3844; x_wconf 89' lang='lat' dir='ltr'><strong>et</strong></span> <span class='ocrx_word' id='word_1_659' title='bbox 890 3789 950 3844; x_wconf 90' lang='lat' dir='ltr'><strong>ideo</strong></span> <span class='ocrx_word' id='word_1_660' title='bbox 968 3805 1014 3860; x_wconf 90' lang='lat' dir='ltr'><strong>pe·</strong></span> <span class='ocrx_word' id='word_1_661' title='bbox 1066 3789 1167 3844; x_wconf 88' lang='lat' dir='ltr'><strong>scilicet</strong></span> <span class='ocrx_word' id='word_1_662' title='bbox 1190 3795 1222 3842; x_wconf 91' lang='lat' dir='ltr'><strong>ut</strong></span> <span class='ocrx_word' id='word_1_663' title='bbox 1238 3795 1299 3856; x_wconf 89' lang='lat' dir='ltr'><strong>post</strong></span> <span class='ocrx_word' id='word_1_664' title='bbox 1316 3793 1428 3844; x_wconf 91' lang='lat' dir='ltr'><strong>mortem</strong></span> <span class='ocrx_word' id='word_1_665' title='bbox 1444 3789 1614 3858; x_wconf 84' lang='lat' dir='ltr'><strong>promissoris</strong></span> <span class='ocrx_word' id='word_1_666' title='bbox 1632 3789 1743 3858; x_wconf 87' lang='lat' dir='ltr'><strong>incipiet</strong></span> <span class='ocrx_word' id='word_1_667' title='bbox 1759 3791 1872 3844; x_wconf 81' lang='lat' dir='ltr'><strong>exactio.</strong></span> 
     </span>
     <span class='ocr_line' id='line_1_98' title="bbox 233 3855 1874 3928; baseline 0.001 -18"><span class='ocrx_word' id='word_1_668' title='bbox 233 3857 288 3912; x_wconf 82' lang='grc'><strong>222</strong></span> <span class='ocrx_word' id='word_1_669' title='bbox 311 3859 400 3912; x_wconf 88' lang='lat' dir='ltr'><strong>haberi</strong></span> <span class='ocrx_word' id='word_1_670' title='bbox 422 3859 501 3912; x_wconf 90' lang='lat' dir='ltr'><strong>debet</strong></span> <span class='ocrx_word' id='word_1_671' title='bbox 527 3863 607 3926; x_wconf 89' lang='lat' dir='ltr'><strong>atque</strong></span> <span class='ocrx_word' id='word_1_672' title='bbox 632 3857 685 3910; x_wconf 88' lang='lat' dir='ltr'><strong>alia</strong></span> <span class='ocrx_word' id='word_1_673' title='bbox 715 3859 822 3926; x_wconf 86' lang='lat' dir='ltr'><strong>quaevis</strong></span> <span class='ocrx_word' id='word_1_674' title='bbox 851 3859 921 3912; x_wconf 86' lang='lat' dir='ltr'><strong>inter</strong></span> <span class='ocrx_word' id='word_1_675' title='bbox 942 3859 1014 3912; x_wconf 80' lang='lat' dir='ltr'><strong>vivos</strong></span> <span class='ocrx_word' id='word_1_676' title='bbox 1100 3855 1170 3916; x_wconf 76' lang='lat'><strong>35²⁶</strong></span> <span class='ocrx_word' id='word_1_677' title='bbox 1189 3857 1759 3928; x_wconf 72' lang='grc' dir='ltr'>Ρ22222222222222222222121122</span> <span class='ocrx_word' id='word_1_678' title='bbox 1778 3859 1874 3912; x_wconf 85' lang='lat' dir='ltr'><strong>ctPo-</strong></span> 
     </span>
     <span class='ocr_line' id='line_1_99' title="bbox 233 3925 1873 3998; baseline 0.004 -22"><span class='ocrx_word' id='word_1_679' title='bbox 233 3925 324 3980; x_wconf 86' lang='lat' dir='ltr'><strong>donatio.</strong></span> <span class='ocrx_word' id='word_1_680' title='bbox 358 3925 469 3994; x_wconf 89' lang='lat' dir='ltr'><strong>ideoque</strong></span> <span class='ocrx_word' id='word_1_681' title='bbox 491 3925 561 3980; x_wconf 90' lang='lat' dir='ltr'><strong>iuter</strong></span> <span class='ocrx_word' id='word_1_682' title='bbox 582 3925 654 3980; x_wconf 85' lang='lat' dir='ltr'><strong>viros</strong></span> <span class='ocrx_word' id='word_1_683' title='bbox 671 3931 699 3980; x_wconf 90' lang='lat' dir='ltr'><strong>et</strong></span> <span class='ocrx_word' id='word_1_684' title='bbox 716 3943 813 3982; x_wconf 82' lang='lat' dir='ltr'><strong>uxores</strong></span> <span class='ocrx_word' id='word_1_685' title='bbox 831 3943 885 3980; x_wconf 90' lang='lat' dir='ltr'><strong>nou</strong></span> <span class='ocrx_word' id='word_1_686' title='bbox 903 3927 972 3982; x_wconf 81' lang='lat' dir='ltr'><strong>ualet</strong></span> <span class='ocrx_word' id='word_1_687' title='bbox 988 3931 1016 3980; x_wconf 90' lang='grc'><strong>22</strong></span> <span class='ocrx_word' id='word_1_688' title='bbox 1060 3927 1139 3998; x_wconf 84' lang='lat' dir='ltr'><strong>piem</strong></span> <span class='ocrx_word' id='word_1_689' title='bbox 1174 3925 1287 3982; x_wconf 84' lang='lat' dir='ltr'><strong>Senatus</strong></span> <span class='ocrx_word' id='word_1_690' title='bbox 1311 3925 1415 3980; x_wconf 90' lang='lat' dir='ltr'><strong>censuit</strong></span> <span class='ocrx_word' id='word_1_691' title='bbox 1440 3927 1547 3994; x_wconf 89' lang='lat' dir='ltr'><strong>placere</strong></span> <span class='ocrx_word' id='word_1_692' title='bbox 1568 3925 1662 3982; x_wconf 91' lang='lat' dir='ltr'><strong>mortis</strong></span> <span class='ocrx_word' id='word_1_693' title='bbox 1685 3943 1769 3982; x_wconf 89' lang='lat' dir='ltr'><strong>causa</strong></span> <span class='ocrx_word' id='word_1_694' title='bbox 1792 3927 1873 3982; x_wconf 89' lang='lat' dir='ltr'><strong>dona·</strong></span> 
     </span>
     <span class='ocr_line' id='line_1_100' title="bbox 232 3989 1874 4066; baseline 0.005 -23"><span class='ocrx_word' id='word_1_695' title='bbox 232 3989 275 4046; x_wconf 86' lang='lat' dir='ltr'><strong>ideo</strong></span> <span class='ocrx_word' id='word_1_696' title='bbox 289 4009 333 4046; x_wconf 92' lang='lat' dir='ltr'><strong>nec</strong></span> <span class='ocrx_word' id='word_1_697' title='bbox 341 3991 460 4046; x_wconf 85' lang='lat' dir='ltr'><strong>Falcidia</strong></span> <span class='ocrx_word' id='word_1_698' title='bbox 477 3992 566 4047; x_wconf 89' lang='lat' dir='ltr'><strong>locum</strong></span> <span class='ocrx_word' id='word_1_699' title='bbox 583 3993 666 4048; x_wconf 88' lang='lat' dir='ltr'><strong>habet</strong></span> <span class='ocrx_word' id='word_1_700' title='bbox 683 3997 760 4062; x_wconf 89' lang='lat' dir='ltr'><strong>qnasi</strong></span> <span class='ocrx_word' id='word_1_701' title='bbox 777 3997 805 4048; x_wconf 89' lang='lat' dir='ltr'><strong>iu</strong></span> <span class='ocrx_word' id='word_1_702' title='bbox 822 3995 917 4050; x_wconf 89' lang='lat' dir='ltr'><strong>mortis</strong></span> <span class='ocrx_word' id='word_1_703' title='bbox 933 4009 1016 4050; x_wconf 83' lang='lat' dir='ltr'><strong>causa</strong></span> <span class='ocrx_word' id='word_1_704' title='bbox 1065 3997 1151 4050; x_wconf 89' lang='lat' dir='ltr'><strong>tiones</strong></span> <span class='ocrx_word' id='word_1_705' title='bbox 1172 3993 1259 4048; x_wconf 88' lang='lat' dir='ltr'><strong>iactas</strong></span> <span class='ocrx_word' id='word_1_706' title='bbox 1282 3995 1311 4048; x_wconf 91' lang='lat' dir='ltr'><strong>in</strong></span> <span class='ocrx_word' id='word_1_707' title='bbox 1333 4009 1392 4060; x_wconf 89' lang='lat' dir='ltr'><strong>eos,</strong></span> <span class='ocrx_word' id='word_1_708' title='bbox 1420 4011 1487 4064; x_wconf 88' lang='lat' dir='ltr'><strong>quos</strong></span> <span class='ocrx_word' id='word_1_709' title='bbox 1509 3995 1554 4048; x_wconf 81' lang='lat' dir='ltr'><strong>lex</strong></span> <span class='ocrx_word' id='word_1_710' title='bbox 1573 3995 1695 4064; x_wconf 90' lang='lat' dir='ltr'><strong>prohibet</strong></span> <span class='ocrx_word' id='word_1_711' title='bbox 1714 4011 1823 4066; x_wconf 86' lang='lat' dir='ltr'><strong>capere,</strong></span> <span class='ocrx_word' id='word_1_712' title='bbox 1847 3997 1874 4050; x_wconf 90' lang='lat' dir='ltr'><strong>iu</strong></span> 
     </span>
     <span class='ocr_line' id='line_1_101' title="bbox 233 4057 1874 4134; baseline 0.005 -23"><span class='ocrx_word' id='word_1_713' title='bbox 233 4057 356 4114; x_wconf 88' lang='lat' dir='ltr'><strong>donatione.</strong></span> <span class='ocrx_word' id='word_1_714' title='bbox 1066 4063 1158 4120; x_wconf 88' lang='lat' dir='ltr'><strong>eadem</strong></span> <span class='ocrx_word' id='word_1_715' title='bbox 1177 4079 1260 4118; x_wconf 89' lang='lat' dir='ltr'><strong>causa</strong></span> <span class='ocrx_word' id='word_1_716' title='bbox 1276 4063 1377 4128; x_wconf 84' lang='lat' dir='ltr'><strong>haberi,</strong></span> <span class='ocrx_word' id='word_1_717' title='bbox 1394 4063 1422 4120; x_wconf 90' lang='lat' dir='ltr'><strong>in</strong></span> <span class='ocrx_word' id='word_1_718' title='bbox 1440 4079 1494 4132; x_wconf 90' lang='lat' dir='ltr'><strong>qua</strong></span> <span class='ocrx_word' id='word_1_719' title='bbox 1511 4069 1611 4132; x_wconf 86' lang='lat' dir='ltr'><strong>essent,</strong></span> <span class='ocrx_word' id='word_1_720' title='bbox 1631 4081 1698 4134; x_wconf 90' lang='lat' dir='ltr'><strong>quae</strong></span> <span class='ocrx_word' id='word_1_721' title='bbox 1714 4069 1874 4120; x_wconf 87' lang='lat' dir='ltr'><strong>testamento</strong></span> 
     </span>
     <span class='ocr_line' id='line_1_102' title="bbox 256 4123 1872 4204; baseline 0.004 -22"><span class='ocrx_word' id='word_1_722' title='bbox 256 4123 286 4184; x_wconf 89' lang='grc'><strong>28</strong></span> <span class='ocrx_word' id='word_1_723' title='bbox 299 4129 471 4182; x_wconf 73' lang='lat' dir='ltr'><strong>Marcentes</strong></span> <span class='ocrx_word' id='word_1_724' title='bbox 482 4129 550 4182; x_wconf 87' lang='lat' dir='ltr'><strong>libro</strong></span> <span class='ocrx_word' id='word_1_725' title='bbox 561 4129 698 4202; x_wconf 80' lang='lat' dir='ltr'><strong>sicpalori</strong></span> <span class='ocrx_word' id='word_1_726' title='bbox 709 4147 900 4204; x_wconf 79' lang='lat' dir='ltr'><strong>responsorum</strong></span> <span class='ocrx_word' id='word_1_727' title='bbox 923 4131 1014 4186; x_wconf 81' lang='grc'>2222-</span> <span class='ocrx_word' id='word_1_728' title='bbox 1065 4133 1107 4188; x_wconf 83' lang='grc'><strong>212</strong></span> <span class='ocrx_word' id='word_1_729' title='bbox 1120 4133 1209 4204; x_wconf 83' lang='lat' dir='ltr'><strong>legata</strong></span> <span class='ocrx_word' id='word_1_730' title='bbox 1223 4137 1320 4198; x_wconf 90' lang='lat' dir='ltr'><strong>essent,</strong></span> <span class='ocrx_word' id='word_1_731' title='bbox 1337 4135 1434 4202; x_wconf 89' lang='lat' dir='ltr'><strong>quibus</strong></span> <span class='ocrx_word' id='word_1_732' title='bbox 1449 4149 1481 4188; x_wconf 92' lang='lat' dir='ltr'><strong>ca</strong></span> <span class='ocrx_word' id='word_1_733' title='bbox 1502 4147 1544 4188; x_wconf 87' lang='lat' dir='ltr'><strong>cre</strong></span> <span class='ocrx_word' id='word_1_734' title='bbox 1552 4149 1601 4204; x_wconf 88' lang='lat' dir='ltr'><strong>per</strong></span> <span class='ocrx_word' id='word_1_735' title='bbox 1614 4133 1696 4204; x_wconf 83' lang='lat' dir='ltr'><strong>legem</strong></span> <span class='ocrx_word' id='word_1_736' title='bbox 1706 4151 1759 4190; x_wconf 91' lang='lat' dir='ltr'><strong>non</strong></span> <span class='ocrx_word' id='word_1_737' title='bbox 1773 4135 1872 4190; x_wconf 89' lang='lat' dir='ltr'><strong>liceret.</strong></span> 
     </span>
    </p>
   </div>
   <div class='ocr_carea' id='block_1_8' title="bbox 227 4195 1015 5352">
    <p class='ocr_par' dir='ltr' id='par_1_18' title="bbox 230 4195 1015 4676">
     <span class='ocr_line' id='line_1_103' title="bbox 233 4195 1014 4270; baseline 0.01 -24"><span class='ocrx_word' id='word_1_738' title='bbox 233 4195 277 4248; x_wconf 85' lang='lat' dir='ltr'><strong>culo</strong></span> <span class='ocrx_word' id='word_1_739' title='bbox 297 4211 340 4250; x_wconf 90' lang='lat' dir='ltr'><strong>suo</strong></span> <span class='ocrx_word' id='word_1_740' title='bbox 358 4195 472 4250; x_wconf 87' lang='lat' dir='ltr'><strong>debitori</strong></span> <span class='ocrx_word' id='word_1_741' title='bbox 493 4197 587 4252; x_wconf 90' lang='lat' dir='ltr'><strong>mortis</strong></span> <span class='ocrx_word' id='word_1_742' title='bbox 611 4213 694 4254; x_wconf 89' lang='lat' dir='ltr'><strong>causa</strong></span> <span class='ocrx_word' id='word_1_743' title='bbox 712 4199 860 4256; x_wconf 87' lang='lat' dir='ltr'><strong>donaturus</strong></span> <span class='ocrx_word' id='word_1_744' title='bbox 883 4217 951 4270; x_wconf 88' lang='lat' dir='ltr'><strong>quae</strong></span> <span class='ocrx_word' id='word_1_745' title='bbox 969 4201 1014 4254; x_wconf 90' lang='lat' dir='ltr'><strong>de-</strong></span> 
     </span>
     <span class='ocr_line' id='line_1_104' title="bbox 232 4255 1014 4338; baseline 0.015 -27"><span class='ocrx_word' id='word_1_746' title='bbox 232 4255 293 4314; x_wconf 85' lang='lat' dir='ltr'><strong>lebat</strong></span> <span class='ocrx_word' id='word_1_747' title='bbox 307 4265 342 4316; x_wconf 88' lang='lat' dir='ltr'><strong>ita</strong></span> <span class='ocrx_word' id='word_1_748' title='bbox 359 4263 464 4330; x_wconf 87' lang='lat' dir='ltr'><strong>scripsit</strong></span> <span class='ocrx_word' id='word_1_749' title='bbox 481 4265 589 4320; x_wconf 83' lang='lat' dir='ltr'><strong>tabulae</strong></span> <span class='ocrx_word' id='word_1_750' title='bbox 611 4267 654 4322; x_wconf 84' lang='lat' dir='ltr'><strong>vel</strong></span> <span class='ocrx_word' id='word_1_751' title='bbox 675 4267 881 4338; x_wconf 83' lang='lat' dir='ltr'><strong>chirographum</strong></span> <span class='ocrx_word' id='word_1_752' title='bbox 898 4273 939 4324; x_wconf 91' lang='lat' dir='ltr'><strong>tot</strong></span> <span class='ocrx_word' id='word_1_753' title='bbox 956 4268 1014 4323; x_wconf 88' lang='lat' dir='ltr'><strong>ubi-</strong></span> 
     </span>
     <span class='ocr_line' id='line_1_105' title="bbox 232 4333 1013 4404; baseline 0.015 -26"><span class='ocrx_word' id='word_1_754' title='bbox 232 4339 321 4398; x_wconf 87' lang='lat' dir='ltr'><strong>cumque</strong></span> <span class='ocrx_word' id='word_1_755' title='bbox 332 4337 400 4396; x_wconf 90' lang='lat' dir='ltr'><strong>sunt,</strong></span> <span class='ocrx_word' id='word_1_756' title='bbox 414 4333 507 4386; x_wconf 86' lang='lat' dir='ltr'><strong>inanes</strong></span> <span class='ocrx_word' id='word_1_757' title='bbox 522 4335 599 4388; x_wconf 85' lang='lat' dir='ltr'><strong>esse⁸</strong></span> <span class='ocrx_word' id='word_1_758' title='bbox 612 4351 699 4404; x_wconf 88' lang='lat' dir='ltr'><strong>neque</strong></span> <span class='ocrx_word' id='word_1_759' title='bbox 714 4351 775 4390; x_wconf 90' lang='lat' dir='ltr'><strong>eum</strong></span> <span class='ocrx_word' id='word_1_760' title='bbox 790 4337 891 4392; x_wconf 85' lang='lat' dir='ltr'><strong>solvere</strong></span> <span class='ocrx_word' id='word_1_761' title='bbox 905 4337 1013 4392; x_wconf 88' lang='lat' dir='ltr'><strong>debore:</strong></span> 
     </span>
     <span class='ocr_line' id='line_1_106' title="bbox 232 4399 1015 4470; baseline 0.014 -20"><span class='ocrx_word' id='word_1_762' title='bbox 232 4407 315 4464; x_wconf 84' lang='lat' dir='ltr'><strong>quaero,</strong></span> <span class='ocrx_word' id='word_1_763' title='bbox 330 4413 363 4450; x_wconf 86' lang='lat' dir='ltr'><strong>an</strong></span> <span class='ocrx_word' id='word_1_764' title='bbox 376 4399 495 4464; x_wconf 88' lang='lat' dir='ltr'><strong>heredes,</strong></span> <span class='ocrx_word' id='word_1_765' title='bbox 510 4401 534 4456; x_wconf 90' lang='lat' dir='ltr'><strong>si</strong></span> <span class='ocrx_word' id='word_1_766' title='bbox 546 4403 687 4470; x_wconf 90' lang='lat' dir='ltr'><strong>pecuniam</strong></span> <span class='ocrx_word' id='word_1_767' title='bbox 700 4405 734 4458; x_wconf 90' lang='lat' dir='ltr'><strong>ab</strong></span> <span class='ocrx_word' id='word_1_768' title='bbox 750 4405 881 4460; x_wconf 83' lang='lat' dir='ltr'><strong>auunculo</strong></span> <span class='ocrx_word' id='word_1_769' title='bbox 898 4405 1015 4460; x_wconf 80' lang='grc'>22112221</span> 
     </span>
     <span class='ocr_line' id='line_1_107' title="bbox 230 4467 1014 4544; baseline 0.018 -29"><span class='ocrx_word' id='word_1_770' title='bbox 230 4467 308 4530; x_wconf 84' lang='lat' dir='ltr'><strong>petant,</strong></span> <span class='ocrx_word' id='word_1_771' title='bbox 324 4469 479 4536; x_wconf 85' lang='lat' dir='ltr'><strong>exceptione</strong></span> <span class='ocrx_word' id='word_1_772' title='bbox 496 4469 549 4522; x_wconf 90' lang='lat' dir='ltr'><strong>doli</strong></span> <span class='ocrx_word' id='word_1_773' title='bbox 566 4471 629 4524; x_wconf 89' lang='grc'>2211</span> <span class='ocrx_word' id='word_1_774' title='bbox 647 4473 716 4524; x_wconf 90' lang='lat' dir='ltr'><strong>tueri</strong></span> <span class='ocrx_word' id='word_1_775' title='bbox 734 4489 763 4528; x_wconf 90' lang='lat' dir='ltr'><strong>se</strong></span> <span class='ocrx_word' id='word_1_776' title='bbox 779 4475 884 4544; x_wconf 88' lang='lat' dir='ltr'><strong>possint</strong></span> <span class='ocrx_word' id='word_1_777' title='bbox 891 4475 910 4528; x_wconf 80' lang='lat'><strong>⁹.</strong></span> <span class='ocrx_word' id='word_1_778' title='bbox 939 4475 1014 4528; x_wconf 85' lang='lat' dir='ltr'><strong>Mar-</strong></span> 
     </span>
     <span class='ocr_line' id='line_1_108' title="bbox 230 4529 1013 4606; baseline 0.017 -23"><span class='ocrx_word' id='word_1_779' title='bbox 230 4529 294 4588; x_wconf 85' lang='lat' dir='ltr'><strong>cellus</strong></span> <span class='ocrx_word' id='word_1_780' title='bbox 308 4535 442 4602; x_wconf 88' lang='lat' dir='ltr'><strong>respondit</strong></span> <span class='ocrx_word' id='word_1_781' title='bbox 458 4551 551 4606; x_wconf 87' lang='lat' dir='ltr'><strong>posse:</strong></span> <span class='ocrx_word' id='word_1_782' title='bbox 574 4537 699 4594; x_wconf 90' lang='lat' dir='ltr'><strong>nimirum</strong></span> <span class='ocrx_word' id='word_1_783' title='bbox 722 4541 792 4596; x_wconf 90' lang='lat' dir='ltr'><strong>enim</strong></span> <span class='ocrx_word' id='word_1_784' title='bbox 809 4543 1013 4598; x_wconf 79' lang='grc'>2222222122-</span> 
     </span>
     <span class='ocr_line' id='line_1_109' title="bbox 230 4601 708 4676; baseline 0.021 -26"><span class='ocrx_word' id='word_1_785' title='bbox 230 4601 292 4652; x_wconf 83' lang='lat' dir='ltr'><strong>oum</strong></span> <span class='ocrx_word' id='word_1_786' title='bbox 307 4601 421 4658; x_wconf 85' lang='lat' dir='ltr'><strong>defuncti</strong></span> <span class='ocrx_word' id='word_1_787' title='bbox 437 4605 514 4660; x_wconf 86' lang='lat' dir='ltr'><strong>heres</strong></span> <span class='ocrx_word' id='word_1_788' title='bbox 531 4605 600 4676; x_wconf 90' lang='lat' dir='ltr'><strong>petit</strong></span> <span class='ocrx_word' id='word_1_789' title='bbox 615 4609 650 4660; x_wconf 89' lang='lat' dir='ltr'><strong>ab</strong></span> <span class='ocrx_word' id='word_1_790' title='bbox 669 4623 708 4662; x_wconf 91' lang='lat' dir='ltr'><strong>eo.</strong></span> 
     </span>
    </p>

    <p class='ocr_par' dir='ltr' id='par_1_19' title="bbox 227 4663 1014 5352">
     <span class='ocr_line' id='line_1_110' title="bbox 245 4663 1014 4744; baseline 0.013 -22"><span class='ocrx_word' id='word_1_791' title='bbox 245 4663 446 4744; x_wconf 77' lang='grc' dir='ltr'><strong>Ι19222222</strong></span> <span class='ocrx_word' id='word_1_792' title='bbox 472 4673 541 4726; x_wconf 86' lang='lat' dir='ltr'><strong>libro</strong></span> <span class='ocrx_word' id='word_1_793' title='bbox 566 4677 680 4744; x_wconf 80' lang='lat' dir='ltr'><strong>septimo</strong></span> <span class='ocrx_word' id='word_1_794' title='bbox 710 4675 812 4732; x_wconf 84' lang='lat' dir='ltr'><strong>decimo</strong></span> <span class='ocrx_word' id='word_1_795' title='bbox 840 4681 878 4732; x_wconf 84' lang='lat' dir='ltr'><strong>ecl</strong></span> <span class='ocrx_word' id='word_1_796' title='bbox 900 4679 1014 4734; x_wconf 84' lang='lat' dir='ltr'><strong>ediciam</strong></span> 
     </span>
     <span class='ocr_line' id='line_1_111' title="bbox 230 4731 1014 4816; baseline 0.022 -31"><span class='ocrx_word' id='word_1_797' title='bbox 230 4731 250 4786; x_wconf 83' lang='lat' dir='ltr'><strong>dr</strong></span> <span class='ocrx_word' id='word_1_798' title='bbox 261 4737 342 4816; x_wconf 79' lang='lat' dir='ltr'><strong>mortis</strong></span> <span class='ocrx_word' id='word_1_799' title='bbox 364 4755 444 4794; x_wconf 90' lang='lat' dir='ltr'><strong>causa</strong></span> <span class='ocrx_word' id='word_1_800' title='bbox 464 4755 509 4796; x_wconf 87' lang='lat' dir='ltr'><strong>res</strong></span> <span class='ocrx_word' id='word_1_801' title='bbox 527 4741 627 4796; x_wconf 88' lang='lat' dir='ltr'><strong>donata</strong></span> <span class='ocrx_word' id='word_1_802' title='bbox 644 4747 685 4798; x_wconf 92' lang='lat' dir='ltr'><strong>est</strong></span> <span class='ocrx_word' id='word_1_803' title='bbox 706 4749 733 4796; x_wconf 91' lang='lat' dir='ltr'><strong>et</strong></span> <span class='ocrx_word' id='word_1_804' title='bbox 750 4747 884 4800; x_wconf 85' lang='lat' dir='ltr'><strong>convaluit</strong></span> <span class='ocrx_word' id='word_1_805' title='bbox 903 4747 949 4816; x_wconf 87' lang='lat' dir='ltr'><strong>qui</strong></span> <span class='ocrx_word' id='word_1_806' title='bbox 966 4747 1014 4802; x_wconf 91' lang='lat' dir='ltr'><strong>do·</strong></span> 
     </span>
     <span class='ocr_line' id='line_1_112' title="bbox 229 4807 1014 4874; baseline 0.017 -18"><span class='ocrx_word' id='word_1_807' title='bbox 229 4809 294 4870; x_wconf 84' lang='grc'>2222,</span> <span class='ocrx_word' id='word_1_808' title='bbox 310 4807 459 4874; x_wconf 77' lang='lat' dir='ltr'><strong>utiendum,</strong></span> <span class='ocrx_word' id='word_1_809' title='bbox 483 4825 519 4862; x_wconf 87' lang='lat' dir='ltr'><strong>an</strong></span> <span class='ocrx_word' id='word_1_810' title='bbox 536 4809 635 4864; x_wconf 87' lang='lat' dir='ltr'><strong>habeat</strong></span> <span class='ocrx_word' id='word_1_811' title='bbox 651 4809 680 4862; x_wconf 88' lang='lat' dir='ltr'><strong>in</strong></span> <span class='ocrx_word' id='word_1_812' title='bbox 697 4825 754 4864; x_wconf 89' lang='lat' dir='ltr'><strong>rem</strong></span> <span class='ocrx_word' id='word_1_813' title='bbox 771 4813 912 4868; x_wconf 90' lang='lat' dir='ltr'><strong>actionem.</strong></span> <span class='ocrx_word' id='word_1_814' title='bbox 947 4821 975 4870; x_wconf 90' lang='lat' dir='ltr'><strong>et</strong></span> <span class='ocrx_word' id='word_1_815' title='bbox 991 4817 1014 4870; x_wconf 91' lang='lat' dir='ltr'><strong>si</strong></span> 
     </span>
     <span class='ocr_line' id='line_1_113' title="bbox 229 4871 1014 4948; baseline 0.015 -24"><span class='ocrx_word' id='word_1_816' title='bbox 229 4871 313 4936; x_wconf 87' lang='lat' dir='ltr'><strong>quidem</strong></span> <span class='ocrx_word' id='word_1_817' title='bbox 328 4875 384 4942; x_wconf 85' lang='lat' dir='ltr'><strong>quis</strong></span> <span class='ocrx_word' id='word_1_818' title='bbox 399 4877 438 4930; x_wconf 91' lang='lat' dir='ltr'><strong>sic</strong></span> <span class='ocrx_word' id='word_1_819' title='bbox 455 4875 571 4940; x_wconf 84' lang='lat' dir='ltr'><strong>donavit,</strong></span> <span class='ocrx_word' id='word_1_820' title='bbox 589 4881 627 4942; x_wconf 88' lang='lat' dir='ltr'><strong>ut,</strong></span> <span class='ocrx_word' id='word_1_821' title='bbox 646 4879 670 4930; x_wconf 88' lang='lat' dir='ltr'><strong>si</strong></span> <span class='ocrx_word' id='word_1_822' title='bbox 680 4891 754 4932; x_wconf 88' lang='lat' dir='ltr'><strong>mors</strong></span> <span class='ocrx_word' id='word_1_823' title='bbox 770 4881 930 4948; x_wconf 76' lang='lat' dir='ltr'><strong>coutigIsset,</strong></span> <span class='ocrx_word' id='word_1_824' title='bbox 949 4887 1014 4936; x_wconf 88' lang='lat' dir='ltr'><strong>tunc</strong></span> 
     </span>
     <span class='ocr_line' id='line_1_114' title="bbox 229 4935 1014 5014; baseline 0.014 -23"><span class='ocrx_word' id='word_1_825' title='bbox 229 4935 317 4994; x_wconf 86' lang='lat' dir='ltr'><strong>haberet</strong></span> <span class='ocrx_word' id='word_1_826' title='bbox 332 4943 374 4996; x_wconf 92' lang='grc'><strong>221</strong></span> <span class='ocrx_word' id='word_1_827' title='bbox 391 4943 518 4998; x_wconf 91' lang='lat' dir='ltr'><strong>donatum</strong></span> <span class='ocrx_word' id='word_1_828' title='bbox 536 4949 592 5008; x_wconf 88' lang='lat' dir='ltr'><strong>est,</strong></span> <span class='ocrx_word' id='word_1_829' title='bbox 610 4945 668 4998; x_wconf 90' lang='lat' dir='ltr'><strong>sine</strong></span> <span class='ocrx_word' id='word_1_830' title='bbox 686 4945 766 4998; x_wconf 80' lang='lat' dir='ltr'><strong>dublo</strong></span> <span class='ocrx_word' id='word_1_831' title='bbox 785 4945 900 5002; x_wconf 91' lang='lat' dir='ltr'><strong>donator</strong></span> <span class='ocrx_word' id='word_1_832' title='bbox 915 4951 1014 5014; x_wconf 90' lang='lat' dir='ltr'><strong>poterit</strong></span> 
     </span>
     <span class='ocr_line' id='line_1_115' title="bbox 228 5009 1011 5084; baseline 0.01 -23"><span class='ocrx_word' id='word_1_833' title='bbox 228 5019 269 5084; x_wconf 79' lang='lat' dir='ltr'><strong>ren</strong></span> <span class='ocrx_word' id='word_1_834' title='bbox 286 5009 424 5066; x_wconf 83' lang='lat' dir='ltr'><strong>vindicare:</strong></span> <span class='ocrx_word' id='word_1_835' title='bbox 444 5017 552 5068; x_wconf 90' lang='lat' dir='ltr'><strong>mortuo</strong></span> <span class='ocrx_word' id='word_1_836' title='bbox 574 5027 606 5064; x_wconf 92' lang='lat' dir='ltr'><strong>eo</strong></span> <span class='ocrx_word' id='word_1_837' title='bbox 627 5017 693 5064; x_wconf 89' lang='lat' dir='ltr'><strong>tunc</strong></span> <span class='ocrx_word' id='word_1_838' title='bbox 714 5011 738 5064; x_wconf 89' lang='lat' dir='ltr'><strong>is</strong></span> <span class='ocrx_word' id='word_1_839' title='bbox 757 5011 801 5066; x_wconf 91' lang='lat' dir='ltr'><strong>cui</strong></span> <span class='ocrx_word' id='word_1_840' title='bbox 818 5013 945 5068; x_wconf 87' lang='lat' dir='ltr'><strong>donatum</strong></span> <span class='ocrx_word' id='word_1_841' title='bbox 963 5021 1011 5068; x_wconf 84' lang='lat' dir='ltr'><strong>cst.</strong></span> 
     </span>
     <span class='ocr_line' id='line_1_116' title="bbox 228 5077 1012 5146; baseline 0.011 -21"><span class='ocrx_word' id='word_1_842' title='bbox 228 5077 373 5146; x_wconf 76' lang='grc'>22212212,</span> <span class='ocrx_word' id='word_1_843' title='bbox 396 5085 426 5134; x_wconf 92' lang='lat' dir='ltr'><strong>ut</strong></span> <span class='ocrx_word' id='word_1_844' title='bbox 443 5079 496 5134; x_wconf 89' lang='lat' dir='ltr'><strong>iam</strong></span> <span class='ocrx_word' id='word_1_845' title='bbox 512 5095 584 5134; x_wconf 89' lang='lat' dir='ltr'><strong>nuuc</strong></span> <span class='ocrx_word' id='word_1_846' title='bbox 601 5079 726 5142; x_wconf 86' lang='lat' dir='ltr'><strong>haberet,</strong></span> <span class='ocrx_word' id='word_1_847' title='bbox 749 5079 885 5146; x_wconf 84' lang='lat' dir='ltr'><strong>redderet,</strong></span> <span class='ocrx_word' id='word_1_848' title='bbox 908 5081 931 5134; x_wconf 89' lang='lat' dir='ltr'><strong>si</strong></span> <span class='ocrx_word' id='word_1_849' title='bbox 950 5095 1012 5134; x_wconf 90' lang='lat' dir='ltr'><strong>con·</strong></span> 
     </span>
     <span class='ocr_line' id='line_1_117' title="bbox 228 5143 1013 5218; baseline 0.008 -22"><span class='ocrx_word' id='word_1_850' title='bbox 228 5143 390 5202; x_wconf 81' lang='grc'>2121222221</span> <span class='ocrx_word' id='word_1_851' title='bbox 412 5149 444 5202; x_wconf 91' lang='lat' dir='ltr'><strong>de</strong></span> <span class='ocrx_word' id='word_1_852' title='bbox 465 5147 566 5218; x_wconf 87' lang='lat' dir='ltr'><strong>proelio</strong></span> <span class='ocrx_word' id='word_1_853' title='bbox 587 5147 630 5202; x_wconf 80' lang='lat' dir='ltr'><strong>vel</strong></span> <span class='ocrx_word' id='word_1_854' title='bbox 653 5161 763 5214; x_wconf 77' lang='lat' dir='ltr'><strong>peregre</strong></span> <span class='ocrx_word' id='word_1_855' title='bbox 779 5147 906 5212; x_wconf 88' lang='lat' dir='ltr'><strong>redisset,</strong></span> <span class='ocrx_word' id='word_1_856' title='bbox 922 5153 1013 5214; x_wconf 88' lang='lat' dir='ltr'><strong>potest</strong></span> 
     </span>
     <span class='ocr_line' id='line_1_118' title="bbox 227 5209 1012 5284; baseline 0.005 -20"><span class='ocrx_word' id='word_1_857' title='bbox 227 5209 312 5270; x_wconf 84' lang='lat' dir='ltr'><strong>delendi</strong></span> <span class='ocrx_word' id='word_1_858' title='bbox 329 5215 356 5270; x_wconf 87' lang='lat' dir='ltr'><strong>iu</strong></span> <span class='ocrx_word' id='word_1_859' title='bbox 378 5233 434 5270; x_wconf 91' lang='lat' dir='ltr'><strong>rem</strong></span> <span class='ocrx_word' id='word_1_860' title='bbox 455 5219 605 5284; x_wconf 89' lang='lat' dir='ltr'><strong>competere</strong></span> <span class='ocrx_word' id='word_1_861' title='bbox 627 5213 763 5280; x_wconf 89' lang='lat' dir='ltr'><strong>donatori,</strong></span> <span class='ocrx_word' id='word_1_862' title='bbox 786 5215 810 5268; x_wconf 90' lang='lat' dir='ltr'><strong>si</strong></span> <span class='ocrx_word' id='word_1_863' title='bbox 833 5215 896 5282; x_wconf 92' lang='lat' dir='ltr'><strong>quid</strong></span> <span class='ocrx_word' id='word_1_864' title='bbox 917 5215 1012 5268; x_wconf 88' lang='lat' dir='ltr'><strong>horum</strong></span> 
     </span>
     <span class='ocr_line' id='line_1_119' title="bbox 228 5281 1011 5352; baseline -0.001 -17"><span class='ocrx_word' id='word_1_865' title='bbox 228 5281 369 5352; x_wconf 82' lang='lat' dir='ltr'><strong>contigisset,</strong></span> <span class='ocrx_word' id='word_1_866' title='bbox 390 5283 495 5338; x_wconf 90' lang='lat' dir='ltr'><strong>interim</strong></span> <span class='ocrx_word' id='word_1_867' title='bbox 518 5281 649 5338; x_wconf 85' lang='lat' dir='ltr'><strong>autemei</strong></span> <span class='ocrx_word' id='word_1_868' title='bbox 674 5281 717 5336; x_wconf 93' lang='lat' dir='ltr'><strong>cui</strong></span> <span class='ocrx_word' id='word_1_869' title='bbox 735 5281 862 5336; x_wconf 89' lang='lat' dir='ltr'><strong>donatum</strong></span> <span class='ocrx_word' id='word_1_870' title='bbox 879 5287 928 5338; x_wconf 86' lang='lat' dir='ltr'><strong>est.</strong></span> <span class='ocrx_word' id='word_1_871' title='bbox 963 5283 1011 5336; x_wconf 85' lang='lat' dir='ltr'><strong>sed</strong></span> 
     </span>
    </p>
   </div>
   <div class='ocr_carea' id='block_1_9' title="bbox 224 5453 1012 5860">
    <p class='ocr_par' dir='ltr' id='par_1_20' title="bbox 224 5453 1012 5860">
     <span class='ocr_line' id='line_1_120' title="bbox 227 5453 1012 5524; baseline -0.01 -16"><span class='ocrx_word' id='word_1_872' title='bbox 227 5455 249 5520; x_wconf 86' lang='grc'><strong>111</strong></span> <span class='ocrx_word' id='word_1_873' title='bbox 264 5457 453 5524; x_wconf 67' lang='lat' dir='ltr'><strong>ostiti-§nhc</strong></span> <span class='ocrx_word' id='word_1_874' title='bbox 542 5457 574 5520; x_wconf 82' lang='grc'><strong>(2)</strong></span> <span class='ocrx_word' id='word_1_875' title='bbox 593 5453 759 5504; x_wconf 78' lang='lat' dir='ltr'><strong>donatarius.</strong></span> <span class='ocrx_word' id='word_1_876' title='bbox 847 5453 1012 5514; x_wconf 72' lang='grc'>1312212222.</span> 
     </span>
     <span class='ocr_line' id='line_1_121' title="bbox 227 5517 1011 5590; baseline -0.015 -12"><span class='ocrx_word' id='word_1_877' title='bbox 227 5525 345 5590; x_wconf 69' lang='grc'>11112222*</span> <span class='ocrx_word' id='word_1_878' title='bbox 425 5523 594 5590; x_wconf 77' lang='grc'>(21121228</span> <span class='ocrx_word' id='word_1_879' title='bbox 678 5523 714 5584; x_wconf 80' lang='lat' dir='ltr'><strong>(t)</strong></span> <span class='ocrx_word' id='word_1_880' title='bbox 731 5521 780 5570; x_wconf 86' lang='lat' dir='ltr'><strong>sibi</strong></span> <span class='ocrx_word' id='word_1_881' title='bbox 794 5521 951 5570; x_wconf 84' lang='lat' dir='ltr'><strong>donaverunt</strong></span> <span class='ocrx_word' id='word_1_882' title='bbox 965 5517 1011 5568; x_wconf 79' lang='lat' dir='ltr'><strong>dal.</strong></span> 
     </span>
     <span class='ocr_line' id='line_1_122' title="bbox 227 5583 1012 5656; baseline -0.019 -10"><span class='ocrx_word' id='word_1_883' title='bbox 227 5597 373 5656; x_wconf 76' lang='lat' dir='ltr'><strong>(timoratos.</strong></span> <span class='ocrx_word' id='word_1_884' title='bbox 443 5595 475 5656; x_wconf 83' lang='grc'><strong>12)</strong></span> <span class='ocrx_word' id='word_1_885' title='bbox 494 5589 602 5642; x_wconf 86' lang='lat' dir='ltr'><strong>‘tabulae</strong></span> <span class='ocrx_word' id='word_1_886' title='bbox 617 5587 656 5640; x_wconf 85' lang='lat' dir='ltr'><strong>rel</strong></span> <span class='ocrx_word' id='word_1_887' title='bbox 668 5589 864 5654; x_wconf 80' lang='lat' dir='ltr'><strong>chirographum</strong></span> <span class='ocrx_word' id='word_1_888' title='bbox 872 5587 948 5636; x_wconf 88' lang='lat' dir='ltr'><strong>sunto</strong></span> <span class='ocrx_word' id='word_1_889' title='bbox 957 5583 1012 5632; x_wconf 91' lang='lat' dir='ltr'><strong>ubi-</strong></span> 
     </span>
     <span class='ocr_line' id='line_1_123' title="bbox 225 5651 1011 5728; baseline -0.02 -12"><span class='ocrx_word' id='word_1_890' title='bbox 225 5659 537 5728; x_wconf 68' lang='lat' dir='ltr'><strong>imquesuntmanes&#39;scr.</strong></span> <span class='ocrx_word' id='word_1_891' title='bbox 596 5659 630 5722; x_wconf 84' lang='grc'><strong>121</strong></span> <span class='ocrx_word' id='word_1_892' title='bbox 647 5651 1011 5720; x_wconf 72' lang='lat' dir='ltr'><strong>amsiheredespeeuniam...</strong></span> 
     </span>
     <span class='ocr_line' id='line_1_124' title="bbox 224 5721 1011 5798; baseline -0.014 -17"><span class='ocrx_word' id='word_1_893' title='bbox 224 5735 337 5798; x_wconf 75' lang='lat' dir='ltr'><strong>paraq...</strong></span> <span class='ocrx_word' id='word_1_894' title='bbox 347 5727 585 5794; x_wconf 74' lang='lat' dir='ltr'><strong>tuomsepossitscr.</strong></span> <span class='ocrx_word' id='word_1_895' title='bbox 659 5727 704 5788; x_wconf 75' lang='lat' dir='ltr'><strong>(rot</strong></span> <span class='ocrx_word' id='word_1_896' title='bbox 722 5725 758 5776; x_wconf 83' lang='lat' dir='ltr'><strong>od</strong></span> <span class='ocrx_word' id='word_1_897' title='bbox 768 5731 780 5784; x_wconf 75' lang='lat' dir='ltr'><strong>s</strong></span> <span class='ocrx_word' id='word_1_898' title='bbox 791 5725 843 5790; x_wconf 70' lang='lat' dir='ltr'><strong>seſs</strong></span> <span class='ocrx_word' id='word_1_899' title='bbox 856 5723 872 5774; x_wconf 80' lang='lat' dir='ltr'><strong>l.</strong></span> <span class='ocrx_word' id='word_1_900' title='bbox 882 5733 906 5774; x_wconf 86' lang='lat' dir='ltr'><strong>m</strong></span> <span class='ocrx_word' id='word_1_901' title='bbox 919 5727 930 5778; x_wconf 75' lang='lat' dir='ltr'><strong>o</strong></span> <span class='ocrx_word' id='word_1_902' title='bbox 943 5731 952 5772; x_wconf 85' lang='lat' dir='ltr'><strong>r</strong></span> <span class='ocrx_word' id='word_1_903' title='bbox 963 5721 1011 5798; x_wconf 65' lang='lat' dir='ltr'><strong>bt.</strong></span> 
     </span>
     <span class='ocr_line' id='line_1_125' title="bbox 227 5791 1012 5860; baseline -0.02 -8"><span class='ocrx_word' id='word_1_904' title='bbox 227 5803 257 5856; x_wconf 85' lang='grc'><strong>121</strong></span> <span class='ocrx_word' id='word_1_905' title='bbox 270 5801 351 5850; x_wconf 80' lang='lat' dir='ltr'><strong>mortis</strong></span> <span class='ocrx_word' id='word_1_906' title='bbox 364 5813 435 5850; x_wconf 84' lang='lat' dir='ltr'><strong>causa</strong></span> <span class='ocrx_word' id='word_1_907' title='bbox 450 5799 495 5850; x_wconf 82' lang='lat' dir='ltr'><strong>ios.</strong></span> <span class='ocrx_word' id='word_1_908' title='bbox 569 5797 612 5860; x_wconf 80' lang='grc'><strong>12]</strong></span> <span class='ocrx_word' id='word_1_909' title='bbox 631 5791 738 5858; x_wconf 88' lang='lat' dir='ltr'><strong>accipiet</strong></span> <span class='ocrx_word' id='word_1_910' title='bbox 751 5791 792 5842; x_wconf 78' lang='lat' dir='ltr'><strong>F²</strong></span> <span class='ocrx_word' id='word_1_911' title='bbox 864 5791 1012 5854; x_wconf 79' lang='grc'>(12122212</span> 
     </span>
    </p>
   </div>
   <div class='ocr_carea' id='block_1_10' title="bbox 1063 4203 1874 5350">
    <p class='ocr_par' dir='ltr' id='par_1_21' title="bbox 1063 4203 1874 5350">
     <span class='ocr_line' id='line_1_126' title="bbox 1067 4203 1874 4272; baseline 0 -14"><span class='ocrx_word' id='word_1_912' title='bbox 1067 4219 1099 4258; x_wconf 87' lang='lat' dir='ltr'><strong>ex</strong></span> <span class='ocrx_word' id='word_1_913' title='bbox 1112 4203 1165 4256; x_wconf 93' lang='lat' dir='ltr'><strong>hoc</strong></span> <span class='ocrx_word' id='word_1_914' title='bbox 1179 4207 1287 4256; x_wconf 88' lang='lat' dir='ltr'><strong>senatus</strong></span> <span class='ocrx_word' id='word_1_915' title='bbox 1302 4203 1424 4258; x_wconf 89' lang='lat' dir='ltr'><strong>consulto</strong></span> <span class='ocrx_word' id='word_1_916' title='bbox 1439 4219 1465 4256; x_wconf 93' lang='lat' dir='ltr'><strong>m</strong></span> <span class='ocrx_word' id='word_1_917' title='bbox 1494 4207 1538 4256; x_wconf 90' lang='lat' dir='ltr'><strong>tae</strong></span> <span class='ocrx_word' id='word_1_918' title='bbox 1552 4203 1693 4270; x_wconf 85' lang='lat' dir='ltr'><strong>variaeque</strong></span> <span class='ocrx_word' id='word_1_919' title='bbox 1706 4203 1874 4272; x_wconf 85' lang='lat' dir='ltr'><strong>quaestiones</strong></span> 
     </span>
     <span class='ocr_line' id='line_1_127' title="bbox 1068 4269 1874 4338; baseline 0.002 -14"><span class='ocrx_word' id='word_1_920' title='bbox 1068 4275 1080 4324; x_wconf 92' lang='lat'>1</span> <span class='ocrx_word' id='word_1_921' title='bbox 1116 4271 1259 4338; x_wconf 83' lang='lat' dir='ltr'><strong>agitantur,</strong></span> <span class='ocrx_word' id='word_1_922' title='bbox 1277 4271 1423 4338; x_wconf 88' lang='lat' dir='ltr'><strong>dequibus</strong></span> <span class='ocrx_word' id='word_1_923' title='bbox 1441 4285 1528 4338; x_wconf 86' lang='lat' dir='ltr'><strong>pauca</strong></span> <span class='ocrx_word' id='word_1_924' title='bbox 1545 4269 1699 4326; x_wconf 79' lang='lat' dir='ltr'><strong>referamus.</strong></span> <span class='ocrx_word' id='word_1_925' title='bbox 1734 4271 1874 4326; x_wconf 78' lang='lat' dir='ltr'><strong>1⁷Donatio</strong></span> 
     </span>
     <span class='ocr_line' id='line_1_128' title="bbox 1066 4339 1873 4408; baseline 0.004 -16"><span class='ocrx_word' id='word_1_926' title='bbox 1066 4339 1138 4392; x_wconf 86' lang='lat' dir='ltr'><strong>dicta</strong></span> <span class='ocrx_word' id='word_1_927' title='bbox 1151 4345 1193 4392; x_wconf 89' lang='lat' dir='ltr'><strong>est</strong></span> <span class='ocrx_word' id='word_1_928' title='bbox 1205 4355 1222 4392; x_wconf 90' lang='lat' dir='ltr'><strong>a</strong></span> <span class='ocrx_word' id='word_1_929' title='bbox 1236 4339 1305 4392; x_wconf 90' lang='lat' dir='ltr'><strong>dono</strong></span> <span class='ocrx_word' id='word_1_930' title='bbox 1321 4339 1398 4408; x_wconf 86' lang='lat' dir='ltr'><strong>quasi</strong></span> <span class='ocrx_word' id='word_1_931' title='bbox 1410 4339 1588 4406; x_wconf 87' lang='lat' dir='ltr'><strong>denudatum,</strong></span> <span class='ocrx_word' id='word_1_932' title='bbox 1607 4353 1638 4392; x_wconf 92' lang='lat' dir='ltr'><strong>ra</strong></span> <span class='ocrx_word' id='word_1_933' title='bbox 1657 4345 1686 4390; x_wconf 90' lang='lat' dir='ltr'><strong>ta</strong></span> <span class='ocrx_word' id='word_1_934' title='bbox 1694 4339 1716 4372; x_wconf 79' lang='lat'><strong>¹⁸</strong></span> <span class='ocrx_word' id='word_1_935' title='bbox 1729 4339 1873 4396; x_wconf 74' lang='lat' dir='ltr'><strong>adraeco:</strong></span> 
     </span>
     <span class='ocr_line' id='line_1_129' title="bbox 1067 4357 1872 4478; baseline 0.005 -20"><span class='ocrx_word' id='word_1_936' title='bbox 1067 4411 1081 4458; x_wconf 91' lang='grc'><strong>2</strong></span> <span class='ocrx_word' id='word_1_937' title='bbox 1115 4423 1178 4460; x_wconf 82' lang='lat' dir='ltr'><strong>nam</strong></span> <span class='ocrx_word' id='word_1_938' title='bbox 1195 4407 1223 4462; x_wconf 86' lang='lat' dir='ltr'><strong>hi</strong></span> <span class='ocrx_word' id='word_1_939' title='bbox 1241 4407 1332 4462; x_wconf 80' lang='lat' dir='ltr'><strong>dicuni</strong></span> <span class='ocrx_word' id='word_1_940' title='bbox 1355 4405 1445 4476; x_wconf 73' lang='grc' dir='ltr'><em>δῶρον</em></span> <span class='ocrx_word' id='word_1_941' title='bbox 1466 4411 1511 4458; x_wconf 84' lang='grc' dir='ltr'><strong>καὶ</strong></span> <span class='ocrx_word' id='word_1_942' title='bbox 1534 4357 1692 4478; x_wconf 58' lang='grc' dir='ltr'>222ρεῖ2222</span> <span class='ocrx_word' id='word_1_943' title='bbox 1729 4405 1782 4462; x_wconf 80' lang='lat' dir='ltr'><strong>Sed</strong></span> <span class='ocrx_word' id='word_1_944' title='bbox 1804 4423 1872 4462; x_wconf 83' lang='lat' dir='ltr'><strong>mor·</strong></span> 
     </span>
     <span class='ocr_line' id='line_1_130' title="bbox 1064 4475 1872 4544; baseline 0.002 -16"><span class='ocrx_word' id='word_1_945' title='bbox 1064 4475 1098 4528; x_wconf 86' lang='lat' dir='ltr'><strong>tis</strong></span> <span class='ocrx_word' id='word_1_946' title='bbox 1117 4491 1200 4530; x_wconf 88' lang='lat' dir='ltr'><strong>causa</strong></span> <span class='ocrx_word' id='word_1_947' title='bbox 1223 4475 1332 4530; x_wconf 89' lang='lat' dir='ltr'><strong>donatio</strong></span> <span class='ocrx_word' id='word_1_948' title='bbox 1355 4477 1431 4544; x_wconf 83' lang='lat' dir='ltr'><strong>longe</strong></span> <span class='ocrx_word' id='word_1_949' title='bbox 1449 4475 1538 4528; x_wconf 84' lang='lat' dir='ltr'><strong>differt</strong></span> <span class='ocrx_word' id='word_1_950' title='bbox 1555 4475 1589 4528; x_wconf 90' lang='lat' dir='ltr'><strong>ab</strong></span> <span class='ocrx_word' id='word_1_951' title='bbox 1607 4475 1872 4530; x_wconf 73' lang='grc'>2122222222-</span> 
     </span>
     <span class='ocr_line' id='line_1_131' title="bbox 1064 4543 1873 4664; baseline 0 -68"><span class='ocrx_word' id='word_1_952' title='bbox 1064 4543 1122 4596; x_wconf 88' lang='grc'>1222</span> <span class='ocrx_word' id='word_1_953' title='bbox 1139 4543 1293 4608; x_wconf 88' lang='lat' dir='ltr'><strong>donatione,</strong></span> <span class='ocrx_word' id='word_1_954' title='bbox 1311 4561 1380 4624; x_wconf 85' lang='lat' dir='ltr'><strong>quae</strong></span> <span class='ocrx_word' id='word_1_955' title='bbox 1396 4543 1435 4596; x_wconf 89' lang='lat' dir='ltr'><strong>ita</strong></span> <span class='ocrx_word' id='word_1_956' title='bbox 1444 4543 1644 4664; x_wconf 76' lang='lat' dir='ltr'><strong>dproficiscitur,</strong></span> <span class='ocrx_word' id='word_1_957' title='bbox 1670 4549 1701 4596; x_wconf 90' lang='lat' dir='ltr'><strong>ut</strong></span> <span class='ocrx_word' id='word_1_958' title='bbox 1717 4543 1790 4596; x_wconf 90' lang='lat' dir='ltr'><strong>nullo</strong></span> <span class='ocrx_word' id='word_1_959' title='bbox 1808 4559 1873 4598; x_wconf 91' lang='lat' dir='ltr'><strong>casu</strong></span> 
     </span>
     <span class='ocr_line' id='line_1_132' title="bbox 1064 4609 1873 4680; baseline 0.001 -15"><span class='ocrx_word' id='word_1_960' title='bbox 1064 4613 1211 4666; x_wconf 81' lang='lat' dir='ltr'><strong>revocetur.</strong></span> <span class='ocrx_word' id='word_1_961' title='bbox 1247 4613 1302 4666; x_wconf 70' lang='lat' dir='ltr'><strong>et¹⁹</strong></span> <span class='ocrx_word' id='word_1_962' title='bbox 1324 4611 1363 4666; x_wconf 83' lang='lat' dir='ltr'><strong>ubi</strong></span> <span class='ocrx_word' id='word_1_963' title='bbox 1379 4611 1426 4680; x_wconf 89' lang='lat' dir='ltr'><strong>qui</strong></span> <span class='ocrx_word' id='word_1_964' title='bbox 1462 4615 1526 4666; x_wconf 82' lang='lat' dir='ltr'><strong>onst</strong></span> <span class='ocrx_word' id='word_1_965' title='bbox 1547 4609 1623 4664; x_wconf 91' lang='lat' dir='ltr'><strong>illum</strong></span> <span class='ocrx_word' id='word_1_966' title='bbox 1640 4611 1730 4678; x_wconf 87' lang='lat' dir='ltr'><strong>potins</strong></span> <span class='ocrx_word' id='word_1_967' title='bbox 1748 4627 1827 4678; x_wconf 89' lang='lat' dir='ltr'><strong>quam</strong></span> <span class='ocrx_word' id='word_1_968' title='bbox 1844 4627 1873 4666; x_wconf 90' lang='lat' dir='ltr'><strong>se</strong></span> 
     </span>
     <span class='ocr_line' id='line_1_133' title="bbox 1064 4675 1872 4746; baseline 0 -14"><span class='ocrx_word' id='word_1_969' title='bbox 1064 4677 1164 4732; x_wconf 87' lang='lat' dir='ltr'><strong>habere</strong></span> <span class='ocrx_word' id='word_1_970' title='bbox 1186 4681 1296 4732; x_wconf 84' lang='lat' dir='ltr'><strong>mavult:</strong></span> <span class='ocrx_word' id='word_1_971' title='bbox 1325 4683 1353 4732; x_wconf 90' lang='grc'><strong>22</strong></span> <span class='ocrx_word' id='word_1_972' title='bbox 1373 4681 1411 4744; x_wconf 88' lang='lat' dir='ltr'><strong>is,</strong></span> <span class='ocrx_word' id='word_1_973' title='bbox 1437 4677 1484 4746; x_wconf 89' lang='lat' dir='ltr'><strong>qui</strong></span> <span class='ocrx_word' id='word_1_974' title='bbox 1505 4677 1599 4732; x_wconf 90' lang='lat' dir='ltr'><strong>mortis</strong></span> <span class='ocrx_word' id='word_1_975' title='bbox 1622 4693 1704 4732; x_wconf 86' lang='lat' dir='ltr'><strong>causa</strong></span> <span class='ocrx_word' id='word_1_976' title='bbox 1727 4675 1821 4744; x_wconf 88' lang='lat' dir='ltr'><strong>donat,</strong></span> <span class='ocrx_word' id='word_1_977' title='bbox 1844 4695 1872 4734; x_wconf 90' lang='lat' dir='ltr'><strong>se</strong></span> 
     </span>
     <span class='ocr_line' id='line_1_134' title="bbox 1066 4745 1871 4816; baseline 0 -16"><span class='ocrx_word' id='word_1_978' title='bbox 1066 4747 1165 4814; x_wconf 77' lang='lat' dir='ltr'><strong>cogitat</strong></span> <span class='ocrx_word' id='word_1_979' title='bbox 1182 4753 1263 4816; x_wconf 89' lang='lat' dir='ltr'><strong>atque</strong></span> <span class='ocrx_word' id='word_1_980' title='bbox 1280 4763 1370 4802; x_wconf 87' lang='lat' dir='ltr'><strong>amore</strong></span> <span class='ocrx_word' id='word_1_981' title='bbox 1386 4747 1455 4800; x_wconf 87' lang='lat' dir='ltr'><strong>vitae</strong></span> <span class='ocrx_word' id='word_1_982' title='bbox 1472 4745 1607 4814; x_wconf 87' lang='lat' dir='ltr'><strong>recepisse</strong></span> <span class='ocrx_word' id='word_1_983' title='bbox 1643 4745 1713 4800; x_wconf 89' lang='lat' dir='ltr'><strong>otius</strong></span> <span class='ocrx_word' id='word_1_984' title='bbox 1730 4759 1809 4814; x_wconf 87' lang='lat' dir='ltr'><strong>quam</strong></span> <span class='ocrx_word' id='word_1_985' title='bbox 1826 4747 1871 4800; x_wconf 90' lang='lat' dir='ltr'><strong>de-</strong></span> 
     </span>
     <span class='ocr_line' id='line_1_135' title="bbox 1065 4761 1872 4892; baseline 0 -24"><span class='ocrx_word' id='word_1_986' title='bbox 1065 4813 1135 4868; x_wconf 88' lang='lat' dir='ltr'><strong>disse</strong></span> <span class='ocrx_word' id='word_1_987' title='bbox 1157 4813 1271 4866; x_wconf 89' lang='lat' dir='ltr'><strong>mavult:</strong></span> <span class='ocrx_word' id='word_1_988' title='bbox 1295 4819 1322 4868; x_wconf 89' lang='lat' dir='ltr'><strong>et</strong></span> <span class='ocrx_word' id='word_1_989' title='bbox 1343 4813 1395 4868; x_wconf 90' lang='lat' dir='ltr'><strong>hoc</strong></span> <span class='ocrx_word' id='word_1_990' title='bbox 1417 4819 1472 4876; x_wconf 88' lang='lat' dir='ltr'><strong>est,</strong></span> <span class='ocrx_word' id='word_1_991' title='bbox 1496 4827 1579 4880; x_wconf 90' lang='lat' dir='ltr'><strong>quare</strong></span> <span class='ocrx_word' id='word_1_992' title='bbox 1596 4761 1674 4892; x_wconf 73' lang='lat' dir='ltr'><strong>ergo</strong></span> <span class='ocrx_word' id='word_1_993' title='bbox 1691 4813 1808 4866; x_wconf 87' lang='lat' dir='ltr'><strong>dicatur:</strong></span> <span class='ocrx_word' id='word_1_994' title='bbox 1836 4817 1872 4868; x_wconf 90' lang='lat' dir='ltr'><strong>‘se</strong></span> 
     </span>
     <span class='ocr_line' id='line_1_136' title="bbox 1066 4879 1872 4948; baseline 0 -14"><span class='ocrx_word' id='word_1_995' title='bbox 1066 4881 1161 4948; x_wconf 89' lang='lat' dir='ltr'><strong>‘potius</strong></span> <span class='ocrx_word' id='word_1_996' title='bbox 1188 4881 1286 4936; x_wconf 88' lang='lat' dir='ltr'><strong>habere</strong></span> <span class='ocrx_word' id='word_1_997' title='bbox 1314 4881 1383 4944; x_wconf 73' lang='lat' dir='ltr'><strong>stult,</strong></span> <span class='ocrx_word' id='word_1_998' title='bbox 1412 4895 1493 4948; x_wconf 87' lang='lat' dir='ltr'><strong>quam</strong></span> <span class='ocrx_word' id='word_1_999' title='bbox 1520 4895 1580 4932; x_wconf 91' lang='lat' dir='ltr'><strong>eum</strong></span> <span class='ocrx_word' id='word_1_1000' title='bbox 1609 4895 1653 4932; x_wconf 86' lang='lat' dir='ltr'><strong>cur</strong></span> <span class='ocrx_word' id='word_1_1001' title='bbox 1679 4879 1774 4944; x_wconf 89' lang='lat' dir='ltr'><strong>donat,</strong></span> <span class='ocrx_word' id='word_1_1002' title='bbox 1799 4881 1872 4934; x_wconf 90' lang='lat' dir='ltr'><strong>illum</strong></span> 
     </span>
     <span class='ocr_line' id='line_1_137' title="bbox 1066 4945 1873 5016; baseline 0.002 -16"><span class='ocrx_word' id='word_1_1003' title='bbox 1066 4957 1080 5000; x_wconf 80' lang='grc'>3</span> <span class='ocrx_word' id='word_1_1004' title='bbox 1115 4945 1219 5002; x_wconf 87' lang='lat' dir='ltr'><strong>‘deinde</strong></span> <span class='ocrx_word' id='word_1_1005' title='bbox 1241 4947 1330 5014; x_wconf 89' lang='lat' dir='ltr'><strong>potius</strong></span> <span class='ocrx_word' id='word_1_1006' title='bbox 1355 4963 1434 5014; x_wconf 89' lang='lat' dir='ltr'><strong>quam</strong></span> <span class='ocrx_word' id='word_1_1007' title='bbox 1454 4945 1579 5000; x_wconf 88' lang='lat' dir='ltr'><strong>heredem</strong></span> <span class='ocrx_word' id='word_1_1008' title='bbox 1603 4947 1696 5000; x_wconf 85' lang='lat' dir='ltr'><strong>suum&#39;.</strong></span> <span class='ocrx_word' id='word_1_1009' title='bbox 1732 4947 1803 5014; x_wconf 83' lang='lat' dir='ltr'><strong>Ergo</strong></span> <span class='ocrx_word' id='word_1_1010' title='bbox 1827 4951 1873 5016; x_wconf 89' lang='lat' dir='ltr'><strong>qui</strong></span> 
     </span>
     <span class='ocr_line' id='line_1_138' title="bbox 1064 5011 1872 5080; baseline 0 -12"><span class='ocrx_word' id='word_1_1011' title='bbox 1064 5015 1156 5068; x_wconf 91' lang='lat' dir='ltr'><strong>mortis</strong></span> <span class='ocrx_word' id='word_1_1012' title='bbox 1175 5029 1258 5068; x_wconf 88' lang='lat' dir='ltr'><strong>causa</strong></span> <span class='ocrx_word' id='word_1_1013' title='bbox 1275 5013 1372 5076; x_wconf 87' lang='lat' dir='ltr'><strong>donat,</strong></span> <span class='ocrx_word' id='word_1_1014' title='bbox 1397 5029 1449 5080; x_wconf 89' lang='lat' dir='ltr'><strong>qua</strong></span> <span class='ocrx_word' id='word_1_1015' title='bbox 1466 5017 1543 5080; x_wconf 86' lang='lat' dir='ltr'><strong>parte</strong></span> <span class='ocrx_word' id='word_1_1016' title='bbox 1560 5027 1590 5066; x_wconf 89' lang='lat' dir='ltr'><strong>se</strong></span> <span class='ocrx_word' id='word_1_1017' title='bbox 1607 5011 1719 5080; x_wconf 83' lang='lat' dir='ltr'><strong>cogitat,</strong></span> <span class='ocrx_word' id='word_1_1018' title='bbox 1738 5015 1872 5080; x_wconf 81' lang='lat' dir='ltr'><strong>negodum</strong></span> 
     </span>
     <span class='ocr_line' id='line_1_139' title="bbox 1081 5077 1872 5146; baseline 0 -12"><span class='ocrx_word' id='word_1_1019' title='bbox 1081 5083 1139 5146; x_wconf 91' lang='lat' dir='ltr'><strong>erit,</strong></span> <span class='ocrx_word' id='word_1_1020' title='bbox 1156 5081 1259 5134; x_wconf 92' lang='lat' dir='ltr'><strong>scilicet</strong></span> <span class='ocrx_word' id='word_1_1021' title='bbox 1274 5085 1313 5144; x_wconf 90' lang='lat' dir='ltr'><strong>ut,</strong></span> <span class='ocrx_word' id='word_1_1022' title='bbox 1332 5095 1392 5132; x_wconf 89' lang='lat' dir='ltr'><strong>cum</strong></span> <span class='ocrx_word' id='word_1_1023' title='bbox 1409 5077 1580 5144; x_wconf 84' lang='lat' dir='ltr'><strong>convaluerit,</strong></span> <span class='ocrx_word' id='word_1_1024' title='bbox 1598 5079 1726 5134; x_wconf 89' lang='lat' dir='ltr'><strong>reddatur</strong></span> <span class='ocrx_word' id='word_1_1025' title='bbox 1742 5083 1804 5134; x_wconf 88' lang='lat' dir='ltr'><strong>sibi:</strong></span> <span class='ocrx_word' id='word_1_1026' title='bbox 1822 5097 1872 5134; x_wconf 87' lang='lat' dir='ltr'><strong>nec</strong></span> 
     </span>
     <span class='ocr_line' id='line_1_140' title="bbox 1063 5099 1872 5214; baseline -0.002 -12"><span class='ocrx_word' id='word_1_1027' title='bbox 1063 5099 1251 5204; x_wconf 55' lang='lat' dir='ltr'><strong>dubitaverunt</strong></span> <span class='ocrx_word' id='word_1_1028' title='bbox 1267 5147 1425 5210; x_wconf 78' lang='lat' dir='ltr'><strong>Cassiani²⁰‚</strong></span> <span class='ocrx_word' id='word_1_1029' title='bbox 1443 5147 1506 5214; x_wconf 86' lang='lat' dir='ltr'><strong>quin</strong></span> <span class='ocrx_word' id='word_1_1030' title='bbox 1524 5143 1690 5200; x_wconf 87' lang='lat' dir='ltr'><strong>condictione</strong></span> <span class='ocrx_word' id='word_1_1031' title='bbox 1708 5149 1793 5214; x_wconf 89' lang='lat' dir='ltr'><strong>repeti</strong></span> <span class='ocrx_word' id='word_1_1032' title='bbox 1808 5163 1872 5214; x_wconf 91' lang='lat' dir='ltr'><strong>pos·</strong></span> 
     </span>
     <span class='ocr_line' id='line_1_141' title="bbox 1064 5215 1416 5284; baseline -0.017 -14"><span class='ocrx_word' id='word_1_1033' title='bbox 1064 5215 1098 5270; x_wconf 85' lang='lat' dir='ltr'><strong>sit</strong></span> <span class='ocrx_word' id='word_1_1034' title='bbox 1115 5215 1192 5284; x_wconf 85' lang='lat' dir='ltr'><strong>quasi</strong></span> <span class='ocrx_word' id='word_1_1035' title='bbox 1208 5227 1238 5266; x_wconf 91' lang='lat' dir='ltr'><strong>re</strong></span> <span class='ocrx_word' id='word_1_1036' title='bbox 1254 5229 1308 5266; x_wconf 93' lang='lat' dir='ltr'><strong>uon</strong></span> <span class='ocrx_word' id='word_1_1037' title='bbox 1322 5217 1416 5266; x_wconf 88' lang='lat' dir='ltr'><strong>secuta</strong></span> 
     </span>
     <span class='ocr_line' id='line_1_142' title="bbox 1063 5279 1414 5350; baseline -0.011 -15"><span class='ocrx_word' id='word_1_1038' title='bbox 1063 5297 1095 5336; x_wconf 86' lang='lat' dir='ltr'><strong>ea</strong></span> <span class='ocrx_word' id='word_1_1039' title='bbox 1113 5295 1181 5350; x_wconf 88' lang='lat' dir='ltr'><strong>quae</strong></span> <span class='ocrx_word' id='word_1_1040' title='bbox 1199 5281 1296 5334; x_wconf 84' lang='lat' dir='ltr'><strong>danim</strong></span> <span class='ocrx_word' id='word_1_1041' title='bbox 1312 5285 1360 5332; x_wconf 87' lang='lat' dir='ltr'><strong>aut</strong></span> <span class='ocrx_word' id='word_1_1042' title='bbox 1376 5279 1414 5332; x_wconf 90' lang='lat' dir='ltr'><strong>ita</strong></span> 
     </span>
    </p>
   </div>
   <div class='ocr_carea' id='block_1_11' title="bbox 1428 5213 1873 5350">
    <p class='ocr_par' dir='ltr' id='par_1_22' title="bbox 1428 5213 1873 5350">
     <span class='ocr_line' id='line_1_143' title="bbox 1428 5213 1872 5332; baseline 0 -66"><span class='ocrx_word' id='word_1_1043' title='bbox 1428 5215 1543 5332; x_wconf 64' lang='lat' dir='ltr'><strong>tpropter</strong></span> <span class='ocrx_word' id='word_1_1044' title='bbox 1559 5213 1784 5294; x_wconf 74' lang='lat' dir='ltr'><strong>honorationem,</strong></span> <span class='ocrx_word' id='word_1_1045' title='bbox 1802 5215 1872 5280; x_wconf 89' lang='lat' dir='ltr'><strong>quod</strong></span> 
     </span>
     <span class='ocr_line' id='line_1_144' title="bbox 1446 5281 1873 5350; baseline 0 -18"><span class='ocrx_word' id='word_1_1046' title='bbox 1446 5287 1534 5344; x_wconf 90' lang='lat' dir='ltr'><strong>autur,</strong></span> <span class='ocrx_word' id='word_1_1047' title='bbox 1553 5285 1583 5334; x_wconf 89' lang='lat' dir='ltr'><strong>ut</strong></span> <span class='ocrx_word' id='word_1_1048' title='bbox 1600 5281 1806 5350; x_wconf 73' lang='lat' dir='ltr'><strong>inquiramos,</strong></span> <span class='ocrx_word' id='word_1_1049' title='bbox 1826 5283 1873 5332; x_wconf 88' lang='lat' dir='ltr'><strong>aut</strong></span> 
     </span>
    </p>
   </div>
   <div class='ocr_carea' id='block_1_12' title="bbox 1034 5445 1872 5828">
    <p class='ocr_par' dir='ltr' id='par_1_23' title="bbox 1034 5445 1872 5828">
     <span class='ocr_line' id='line_1_145' title="bbox 1064 5445 1871 5512; baseline -0.004 -15"><span class='ocrx_word' id='word_1_1050' title='bbox 1064 5445 1177 5512; x_wconf 86' lang='lat' dir='ltr'><strong>periculo</strong></span> <span class='ocrx_word' id='word_1_1051' title='bbox 1189 5447 1276 5496; x_wconf 84' lang='lat' dir='ltr'><strong>mortis</strong></span> <span class='ocrx_word' id='word_1_1052' title='bbox 1292 5447 1424 5498; x_wconf 82' lang='lat' dir='ltr'><strong>deturant</strong></span> <span class='ocrx_word' id='word_1_1053' title='bbox 1436 5449 1587 5512; x_wconf 86' lang='lat' dir='ltr'><strong>cogitatione</strong></span> <span class='ocrx_word' id='word_1_1054' title='bbox 1600 5451 1661 5500; x_wconf 85' lang='lat' dir='ltr'><strong>Hel.</strong></span> <span class='ocrx_word' id='word_1_1055' title='bbox 1748 5449 1790 5510; x_wconf 78' lang='lat'><strong>(14)</strong></span> <span class='ocrx_word' id='word_1_1056' title='bbox 1808 5445 1871 5494; x_wconf 89' lang='lat' dir='ltr'><strong>mihi</strong></span> 
     </span>
     <span class='ocr_line' id='line_1_146' title="bbox 1064 5513 1871 5580; baseline 0.007 -16"><span class='ocrx_word' id='word_1_1057' title='bbox 1064 5513 1202 5564; x_wconf 80' lang='lat' dir='ltr'><strong>donaturus</strong></span> <span class='ocrx_word' id='word_1_1058' title='bbox 1213 5515 1328 5564; x_wconf 79' lang='lat' dir='ltr'><strong>secBS</strong></span> <span class='ocrx_word' id='word_1_1059' title='bbox 1335 5515 1380 5566; x_wconf 80' lang='lat' dir='ltr'><strong>ins.</strong></span> <span class='ocrx_word' id='word_1_1060' title='bbox 1466 5519 1507 5578; x_wconf 77' lang='grc'>1121</span> <span class='ocrx_word' id='word_1_1061' title='bbox 1527 5515 1583 5580; x_wconf 84' lang='lat' dir='ltr'><strong>quis</strong></span> <span class='ocrx_word' id='word_1_1062' title='bbox 1592 5519 1644 5568; x_wconf 83' lang='lat' dir='ltr'><strong>edd.</strong></span> <span class='ocrx_word' id='word_1_1063' title='bbox 1727 5515 1772 5578; x_wconf 80' lang='lat' dir='ltr'><strong>(it)</strong></span> <span class='ocrx_word' id='word_1_1064' title='bbox 1790 5515 1871 5570; x_wconf 79' lang='lat' dir='ltr'><strong>ad§4</strong></span> 
     </span>
     <span class='ocr_line' id='line_1_147' title="bbox 1065 5581 1872 5648; baseline -0.005 -18"><span class='ocrx_word' id='word_1_1065' title='bbox 1065 5583 1097 5648; x_wconf 87' lang='lat' dir='ltr'><strong>cs.</strong></span> <span class='ocrx_word' id='word_1_1066' title='bbox 1107 5581 1122 5632; x_wconf 83' lang='lat' dir='ltr'><strong>i.</strong></span> <span class='ocrx_word' id='word_1_1067' title='bbox 1133 5591 1157 5632; x_wconf 78' lang='lat' dir='ltr'><strong>it</strong></span> <span class='ocrx_word' id='word_1_1068' title='bbox 1168 5587 1181 5638; x_wconf 66' lang='lat' dir='ltr'><strong>d</strong></span> <span class='ocrx_word' id='word_1_1069' title='bbox 1192 5581 1234 5632; x_wconf 80' lang='grc'><strong>12.</strong></span> <span class='ocrx_word' id='word_1_1070' title='bbox 1245 5591 1260 5630; x_wconf 80' lang='grc'><strong>1-</strong></span> <span class='ocrx_word' id='word_1_1071' title='bbox 1330 5583 1373 5644; x_wconf 82' lang='grc'>1111</span> <span class='ocrx_word' id='word_1_1072' title='bbox 1392 5581 1488 5632; x_wconf 80' lang='lat' dir='ltr'><strong>Iuliani</strong></span> <span class='ocrx_word' id='word_1_1073' title='bbox 1497 5587 1691 5634; x_wconf 84' lang='lat' dir='ltr'><strong>ednoieiorumoe</strong></span> <span class='ocrx_word' id='word_1_1074' title='bbox 1700 5583 1752 5632; x_wconf 82' lang='lat' dir='ltr'><strong>cios</strong></span> <span class='ocrx_word' id='word_1_1075' title='bbox 1760 5581 1872 5630; x_wconf 81' lang='lat' dir='ltr'><strong>videntur</strong></span> 
     </span>
     <span class='ocr_line' id='line_1_148' title="bbox 1064 5641 1870 5716; baseline -0.007 -18"><span class='ocrx_word' id='word_1_1076' title='bbox 1064 5659 1279 5716; x_wconf 51' lang='lat' dir='ltr'><strong>qscreeseqeeuuiur¹</strong></span> <span class='ocrx_word' id='word_1_1077' title='bbox 1318 5649 1364 5710; x_wconf 84' lang='lat'><em>(18)</em></span> <span class='ocrx_word' id='word_1_1078' title='bbox 1381 5647 1723 5712; x_wconf 76' lang='lat' dir='ltr'><strong>quasidonodntictractuS</strong></span> <span class='ocrx_word' id='word_1_1079' title='bbox 1774 5653 1817 5702; x_wconf 76' lang='lat' dir='ltr'><strong>lto)</strong></span> <span class='ocrx_word' id='word_1_1080' title='bbox 1837 5641 1870 5706; x_wconf 85' lang='lat' dir='ltr'><strong>ei]</strong></span> 
     </span>
     <span class='ocr_line' id='line_1_149' title="bbox 1034 5711 1480 5828; baseline 0 -62"><span class='ocrx_word' id='word_1_1081' title='bbox 1034 5711 1212 5828; x_wconf 70' lang='grc'>(2111222222.</span> <span class='ocrx_word' id='word_1_1082' title='bbox 1281 5717 1335 5780; x_wconf 75' lang='lat' dir='ltr'><strong>(no)</strong></span> <span class='ocrx_word' id='word_1_1083' title='bbox 1348 5717 1480 5766; x_wconf 83' lang='lat' dir='ltr'><strong>cassaniF</strong></span> 
     </span>
    </p>
   </div>
   <div class='ocr_carea' id='block_1_13' title="bbox 1619 5865 1668 5918">
    <p class='ocr_par' dir='ltr' id='par_1_24' title="bbox 1619 5865 1668 5918">
     <span class='ocr_line' id='line_1_150' title="bbox 1619 5865 1668 5918; baseline 0 0"><span class='ocrx_word' id='word_1_1084' title='bbox 1619 5865 1668 5918; x_wconf 78' lang='lat' dir='ltr'><strong>ti*</strong></span> 
     </span>
    </p>
   </div>
   <div class='ocr_carea' id='block_1_14' title="bbox 0 0 2188 6258">
    <p class='ocr_par' dir='ltr' id='par_1_25' title="bbox 0 0 2188 6258">
     <span class='ocr_line' id='line_1_151' title="bbox 0 0 2188 6258; baseline 0 2"><span class='ocrx_word' id='word_1_1085' title='bbox 0 0 2188 6258; x_wconf 95' lang='lat' dir='ltr'><strong> </strong></span> 
     </span>
    </p>
   </div>
  </div>
 </body>
</html>
