4366 6258
271 373 311 418 nr
329 371 593 418 nmmcomnssrs
849 327 850 330 Ἴ
1000 417 1001 420 ,
1058 349 1118 420 441
1801 349 1908 412 XXXI

272 541 351 598 minus
368 539 489 592 testatrix
506 537 596 592 volens
613 535 768 606 primoloco
785 539 900 592 scribere
917 541 1065 610 cambera-
1113 535 1169 588 filia
1189 535 1317 590 naturalis
1338 543 1395 592 erat
1415 537 1556 608 Pamphili:
1586 535 1656 608 idern
1675 531 1829 612 Pamphilus
1849 539 1911 612 post

272 609 326 664 dem
341 611 524 660 testamentum
541 611 662 670 mutaret,
680 619 729 658 nec
748 607 873 672 optinuit:
893 623 1005 676 quaero,
1028 619 1066 658 an
1115 601 1182 658 diem
1199 603 1279 670 legati
1296 605 1338 670 sui
1355 607 1488 660 cedentem
1496 609 1654 664 testamento
1667 599 1789 672 heredem
1796 605 1910 654 msutmt

272 673 345 744 legati
355 673 563 742 persecutionem
577 673 677 726 salvam
688 673 804 726 haberet.
833 675 958 742 respondi
969 689 1065 728 secun·
1113 671 1245 724 Maesium
1253 669 1361 736 eiusque
1369 671 1430 724 fidei
1449 673 1584 742 commisit,
1602 677 1633 726 ut
1646 667 1818 724 hereditatem
1827 683 1908 732 suam,

272 751 285 798 5
317 743 378 796 dimi
394 743 426 794 e'a
443 757 510 808 quae
521 745 732 812 proponerentur
749 741 847 794 saluam
859 741 966 796 habere.
998 741 1065 794 Tes·
1113 737 1142 790 id
1162 745 1202 792 est
1223 737 1299 790 fundi
1319 753 1400 804 supra
1421 741 1513 812 scripti
1534 745 1641 808 'partem
1661 737 1806 802 dimidiam,
1832 751 1909 802 quam

271 817 337 866 tator
352 811 438 874 legata
454 813 515 862 ante
533 807 737 874 quinquennium
754 809 836 862 vetuit
853 809 907 874 peti
920 807 1065 878 praestari·
1114 805 1197 860 solam
1213 805 1241 858 in
1258 805 1333 858 bonis
1351 821 1384 858 ex
1400 811 1555 862 testamento
1572 815 1701 876 patronae
1713 805 1909 868 suaehabeoat,

272 895 324 948 qne,
335 877 381 930 sed
392 877 468 928 heres
480 877 609 942 quaedam
620 889 669 928 sue
680 881 774 944 sponte
785 881 846 928 ante
859 875 1065 946 quinquennium
1114 871 1266 940 Pamphilae
1290 871 1371 942 filiae
1387 887 1464 938 suae,
1490 889 1550 946 cum
1570 877 1683 946 primum
1703 877 1788 946 libera
1808 871 1909 938 fuisset,

271 945 355 1002 solvit:
374 943 519 1010 quaesitum
537 947 585 1008 est,
603 957 639 996 an
656 943 723 1010 eius,
749 943 820 1010 quod
845 947 906 996 ante
927 943 996 994 diem
1017 959 1063 996 ex·
1114 941 1270 994 restitueret.
1306 955 1403 1006 quaero
1420 939 1558 1010 Pamphila
1574 943 1746 1010 manumissa,
1769 947 1858 996 utrum
1879 955 1910 994 ex

270 1015 398 1070 sistentem
415 1009 530 1064 solutum
551 1015 603 1076 eet,
629 1009 897 1078 repraesentationem
916 1009 945 1068 in
962 1009 1064 1082 reliqua
1113 1011 1269 1062 testamento
1287 1009 1422 1078 superiore
1438 1007 1521 1078 patris
1540 1009 1581 1060 sui
1597 1015 1725 1076 patronae
1743 1015 1911 1078 eampartem

271 1081 393 1136 solutione
410 1077 489 1144 legati
503 1081 641 1144 reputare¹
659 1077 752 1144 possit.
786 1075 912 1144 respondi
920 1093 974 1130 non
981 1093 1063 1148 prop·
1113 1083 1203 1144 petere
1219 1075 1304 1144 possit
1321 1091 1355 1128 on
1372 1091 1434 1130 vero
1451 1089 1484 1130 ex
1500 1081 1656 1132 testamento
1680 1079 1764 1146 patris
1781 1077 1910 1134 naturalis

270 1157 336 1202 terea
352 1147 438 1198 minus
454 1145 575 1200 relictum
592 1143 705 1210 deberis,
724 1143 795 1210 quod
811 1143 911 1210 aliquid
924 1143 1064 1198 antediem
1113 1161 1146 1198 ex
1163 1159 1245 1198 causa
1261 1141 1455 1212 fiddcommbsi
1472 1143 1563 1214 habita
1576 1143 1678 1198 ratione
1695 1147 1759 1214 legis
1769 1147 1909 1200 Falcidiae.

271 1225 284 1270 t
314 1215 348 1270 sit
365 1213 487 1266 solutum.
521 1211 622 1278 Lucius
641 1213 726 1264 Titius
743 1217 902 1278 testamento
924 1213 963 1264 ita
981 1213 1062 1264 cavit:
1113 1211 1237 1278 respondi
1258 1227 1291 1264 ex
1316 1211 1446 1278 hisquae
1472 1215 1681 1280 proponerentur
1700 1215 1813 1294 ,probari
1834 1213 1910 1266 Pam-

272 1279 434 1352 ‘praediolum
450 1297 537 1334 meum
547 1279 604 1334 dari
614 1279 672 1334 uolo
680 1279 783 1332 libertis
791 1279 990 1346 libertabusque
998 1279 1064 1332 meis
1112 1279 1212 1348 philam
1234 1279 1371 1332 dummxat
1391 1293 1424 1344 en
1444 1281 1601 1332 testamento
1623 1293 1758 1350 superlore
1778 1281 1911 1336 fiddcom·

271 1357 302 1404 ‘et
317 1363 381 1416 quos
397 1349 448 1402 hoc
464 1351 622 1402 testamento
638 1345 780 1400 manumisi
804 1351 833 1400 et
848 1345 924 1400 Seiae
943 1345 1065 1404 alumna
1112 1347 1221 1402 missum
1237 1351 1327 1414 petere
1344 1361 1431 1414 posse.
1468 1345 1616 1420 Chronius.
1652 1345 1714 1412 quia
1730 1349 1848 1404 creditur
1865 1365 1911 1428 ap-

271 1423 353 1480 meae,
369 1417 407 1468 ita
424 1429 457 1468 ne
475 1413 507 1468 de
524 1415 628 1468 nomine
645 1411 760 1468 amirae
777 1429 852 1468 meae
871 1417 955 1480 exeat,
980 1411 1064 1468 donec
1112 1415 1254 1482 pellatione
1274 1413 1389 1468 filiorum
1415 1417 1441 1468 et
1462 1413 1597 1468 naturales
1622 1411 1733 1480 liberos,
1758 1415 1787 1468 id
1807 1423 1859 1482 est,
1885 1433 1912 1470 m

271 1483 309 1538 ‘ad
324 1499 404 1536 unum
419 1483 569 1550 proprietas
586 1481 738 1552 perseniat’.
773 1497 884 1548 quaero,
908 1495 944 1534 an
962 1479 1023 1534 Seia
1036 1483 1065 1536 in
1115 1487 1145 1535 13
1179 1483 1305 1538 servitute
1322 1485 1459 1548 susceptos
1478 1479 1613 1536 contineri.
1648 1479 1808 1534 sermons.
1834 1483 1911 1542 Oedi·

270 1549 444 1606 communione
461 1565 522 1602 cum
540 1549 642 1616 libertis
663 1549 762 1602 hebeat
782 1549 929 1616 portionem
950 1563 986 1602 an
1001 1565 1064 1602 vero
1113 1549 1180 1604 ciliis
1199 1549 1265 1604 Gaio
1274 1549 1334 1604 Seio
1352 1555 1457 1602 centum
1473 1547 1568 1616 legavit
1584 1549 1694 1614 eiusque
1704 1545 1768 1600 fidei
1777 1551 1911 1616 commisit,

270 1617 315 1672 sibi
330 1621 432 1684 partem
449 1617 582 1670 dimidiam
598 1617 654 1672 eius
672 1615 802 1684 praedioli
818 1615 953 1670 vindicare
969 1615 1062 1684 possit.
1112 1623 1143 1670 ut
1159 1617 1270 1672 ancillae
1282 1615 1418 1672 testatoris
1435 1615 1562 1680 eadarett
1580 1631 1688 1684 quaero,
1706 1629 1741 1668 an
1757 1615 1823 1670 utile
1838 1615 1911 1672 fidei-

269 1683 385 1754 respondi
401 1685 569 1754 perspicuam
587 1701 644 1738 esse
661 1685 783 1738 testantis
800 1685 1063 1738 voluntatemomnes
1114 1687 1281 1740 commissum
1306 1685 1352 1752 sit,
1379 1685 1450 1752 quod
1473 1683 1616 1750 legatarius
1640 1683 1754 1738 ancillae
1778 1687 1912 1738 testatoris

270 1761 280 1806 t
314 1751 346 1804 ad
363 1753 450 1806 viriles
466 1759 556 1822 portes
573 1751 702 1826 vocantis.
736 1753 903 1874 impuberem
914 1751 999 1806 filium
1015 1753 1062 1806 he·
1113 1753 1176 1808 dare
1193 1753 1281 1810 iussus
1304 1759 1352 1808 est.
1386 1751 1512 1826 respondi
1532 1767 1673 1806 nonense.
1707 1753 1782 1818 item,
1805 1751 1829 1806 si
1850 1753 1913 1806 utile

269 1819 350 1874 redem
365 1819 490 1874 instituit:
509 1821 587 1874 uxori
604 1821 692 1874 dotem
707 1837 773 1888 prae
784 1821 893 1890 egerite,
910 1819 974 1874 item
984 1835 1062 1874 orna·
1113 1837 1166 1874 non
1183 1827 1231 1888 est,
1250 1837 1284 1876 an
1300 1819 1443 1890 legatarius
1460 1819 1557 1886 heredi,
1581 1819 1656 1876 cuius
1673 1819 1770 1874 suedia
1787 1825 1844 1886 est,
1857 1835 1913 1874 res-

268 1893 348 1942 meuta
365 1893 391 1942 et
409 1903 498 1942 servos
515 1895 542 1942 et
559 1903 654 1942 aureos
672 1887 774 1942 decem:
798 1895 825 1942 et
846 1889 869 1942 si
885 1889 998 1954 inpubes
1017 1887 1062 1940 de·
1112 1887 1208 1942 tituere
1226 1891 1407 1958 compehatur.
1442 1889 1567 1956 respondi
1584 1903 1638 1942 non
1655 1887 1790 1958 compelli:
1808 1885 1913 1942 sednec

268 1953 390 2020 cesdsset,
404 1955 550 2020 substituit,
568 1955 690 2022 aquibus
698 1957 737 2008 ita
746 1957 853 2024 legavit:
873 1957 1063 2022 ‘quaecumque
1117 1959 1145 2008 14
1180 1957 1268 2022 ipsum
1283 1957 1440 2024 legatarium
1448 1957 1473 2010 le
1490 1961 1563 2008 atum
1578 1961 1668 2024 petere
1680 1969 1769 2024 posse.
1795 1955 1913 2008 Insulam

269 2021 360 2090 ‘primis
377 2023 474 2076 tabulis
492 2023 560 2088 dedi,
578 2023 671 2076 eadem
687 2023 775 2076 omnia
793 2023 827 2076 ab
836 2023 978 2076 heredibus
998 2037 1073 2088 quo·v
1112 2023 1213 2076 libertis
1230 2023 1369 2090 utriusque
1386 1973 1578 2090 sexnsdegarit
1592 2023 1637 2088 ita,
1655 2029 1736 2100 uter
1752 2021 1840 2076 reditu
1857 2023 1914 2076 eius

269 2093 321 2156 ‘que
341 2089 444 2144 heredis
464 2089 516 2144 mei
536 2089 564 2142 in
586 2089 695 2158 duplum
721 2089 780 2142 dari
800 2089 877 2144 volo’.
917 2089 1062 2156 quaeritur,
1112 2089 1223 2144 masculi
1241 2089 1357 2158 duplum,
1375 2091 1700 2160 feminaesimplumpercr
1719 2089 1785 2156 iant,
1802 2105 1913 2158 eamque

268 2173 298 2208 an
317 2171 348 2208 ex
369 2157 567 2224 substitutione,
590 2159 864 2226 impubere'mortuo,
887 2157 935 2212 dos
957 2173 1062 2224 quoque
1112 2157 1222 2212 ademari
1231 2159 1325 2212 uetuit:
1344 2173 1520 2212 exconsensu
1531 2157 1646 2212 omnium
1655 2157 1689 2212 ab
1699 2107 1797 2212 deusde
1806 2173 1913 2212 sentun-

267 2225 355 2278 iterum
372 2225 507 2278 debeatur.
542 2225 668 2294 respondi
676 2241 730 2280 non
746 2225 829 2278 videri
846 2225 878 2280 de
897 2225 966 2280 dotis
974 2225 1062 2294 legato
1113 2225 1176 2278 data
1192 2229 1245 2280 est:
1264 2241 1371 2294 quaero,
1389 2241 1424 2278 an
1436 2231 1463 2280 et
1472 2241 1505 2280 ex
1516 2227 1602 2294 pretio
1618 2225 1721 2280 insulae
1736 2225 1846 2292 duplum
1858 2239 1914 2278 ma-

268 2291 418 2358 duplicando
440 2297 593 2348 testatorem
619 2293 741 2348 sensisse.
775 2293 839 2346 item
864 2309 975 2360 quaero,
1002 2311 1063 2348 cum
1112 2309 1162 2360 res,
1181 2292 1305 2362 simplum
1316 2293 1429 2348 feminae
1440 2299 1572 2362 caperent.
1607 2293 1732 2362 respondi
1749 2293 1784 2348 ob
1800 2293 1914 2362 pretium

268 2375 372 2426 corpora
389 2359 476 2428 legata
492 2361 571 2414 edam
588 2377 659 2416 nunc
677 2377 710 2416 ex
729 2361 860 2416 lucrativa
878 2377 960 2416 cansa
976 2361 1063 2428 possi·
1113 2361 1212 2414 nudam
1219 2361 1414 2416 fideicommissi
1422 2363 1632 2428 persecutionem
1645 2377 1710 2426 esse,
1727 2357 1914 2414 nisieamente

266 2425 378 2492 deantur,
396 2443 432 2480 an
449 2443 465 2480 a
482 2427 631 2482 substitutis
647 2429 704 2494 peti
719 2429 831 2496 possint.
865 2427 991 2494 respondi
1008 2445 1063 2482 nou
1113 2429 1256 2482 venditioni
1273 2434 1470 2494 consenserunt,
1492 2433 1522 2482 ut
1540 2427 1659 2482 similiter
1673 2443 1709 2496 ex
1725 2427 1812 2494 pretio
1829 2443 1914 2480 mares

267 2497 279 2546 o
311 2509 394 2560 posse.
432 2493 546 2548 ‘Civibus
567 2495 632 2548 meis
649 2495 683 2550 do
700 2495 759 2562 lego
782 2497 984 2576 chirographum
1003 2497 1064 2548 Gaii
1112 2497 1217 2564 quidem
1225 2495 1342 2564 duplum,
1351 2495 1464 2550 feminae
1477 2503 1566 2550 autem
1575 2495 1698 2564 simplum
1709 2501 1915 2562 consequantur.

267 2561 341 2614 ‘Seii’z
364 2567 457 2628 postea
481 2561 609 2616 codicillis
626 2563 711 2616 vetuit
725 2577 744 2630 a
761 2563 822 2616 Seio
839 2565 908 2632 exigi
924 2569 951 2618 et
967 2563 1002 2618 ab
1016 2565 1062 2618 he·
1115 2569 1143 2616 15
1178 2563 1303 2618 Instituto
1324 2563 1380 2618 filio
1397 2563 1494 2618 herede
1515 2569 1542 2616 et
1559 2581 1591 2618 ex
1608 2579 1639 2618 eo
1663 2563 1805 2632 nepotibus
1826 2577 1916 2616 eman-

266 2629 321 2682 rede
336 2629 409 2698 petit,
428 2635 458 2682 ut
476 2645 509 2684 ex
524 2629 633 2684 alterius
651 2629 779 2686 debitoris
802 2629 899 2698 debito,
921 2647 999 2698 quem
1017 2647 1062 2686 co·
1113 2631 1206 2698 ripaeis
1223 2637 1336 2686 testator
1356 2631 1395 2686 ita
1417 2631 1498 2686 cauit:
1517 2627 1659 2698 ’βούλομαι
1676 2629 1706 2682 de
1726 2629 1773 2684 τὰς
1790 2629 1852 2698 ἐμὰς
1873 2633 1913 2682 ot-

266 2695 352 2750 deols
369 2697 519 2764 nominaui,
539 2697 649 2750 eandem
667 2713 795 2752 summam
816 2699 996 2764 reipublicae
1014 2701 1062 2752 da·
1111 2695 1178 2752 ‘utus
1199 2697 1236 2764 μὴ
1257 2697 1410 2752 πωλεῖσθαι
1430 2695 1482 2752 ὑπὸ
1506 2701 1563 2752 τῶν
1583 2695 1757 2770 κληρονόμων
1776 2717 1828 2764 μου
1848 2695 1914 2764 μηδὲ

265 2767 308 2818 ret.
341 2763 490 2830 quaesitum
506 2769 558 2830 est,
581 2765 606 2818 si
621 2765 754 2832 posterior
773 2763 885 2818 idoneus
907 2781 961 2818 non
983 2773 1062 2834 esset,
1111 2761 1298 2826 ςδανείζεσθαι
1315 2759 1375 2818 κατ’
1395 2759 1490 2828 αὐτῶν,
1510 2761 1575 2820 ἀλλὰ
1591 2771 1681 2834 μένειν
1697 2761 1778 2818 αὐτὰς
1791 2759 1915 2836 iussurus

265 2847 295 2884 au
309 2831 437 2898 integram
455 2831 628 2898 quantitatem
644 2833 756 2888 heredes
781 2839 918 2902 praestare
940 2833 1062 2888 debeant.
1112 2827 1211 2886 ἀὐτοῖο
1229 2839 1273 2884 καὶ
1289 2831 1356 2886 υἱοῖς
1373 2839 1419 2884 καὶ
1435 2833 1553 2904 ἐκγόνοις
1571 2835 1606 2886 sic
1622 2831 1671 2886 τὸν
1688 2827 1915 2902 danavexeriam.

265 2899 381 2967 respondi
397 2899 507 2954 heredes
524 2899 564 2954 rei
581 2899 705 2968 publicae
714 2899 840 2956 adversus
855 2917 915 2956 eum
924 2899 1063 2954 dumtaxat
1110 2895 1167 2954 ‘edo
1185 2899 1216 2952 δι’
1229 2919 1270 2954 τις
1285 2897 1409 2970 βουληθῇ
1432 2893 1520 2954 αὐτῶν
1540 2899 1665 2966 πωλῆσαι
1685 2899 1717 2954 τὸ
1738 2905 1816 2972 penos
1838 2893 1917 2952 αὐτοῦ

265 2965 408 3034 debitorem,
428 2967 474 3034 qui
482 2965 630 3022 novissimis
643 2967 780 3034 codicillis,
794 2973 824 3020 ut
850 2967 997 3036 reponitur,
1016 2969 1062 3022 de·
1112 2965 1138 3032 ’ἢ
1157 2967 1337 3020 δανείσασθαι
1354 2963 1416 3020 κατ’
1435 2963 1525 3032 αὐτοῦ,
1549 2967 1672 3028 ἐξουσίαν
1692 2973 1771 3032 ἐχέτω
1793 2965 1915 3032 πωλῆσαι

266 3037 278 3088 9
308 3033 424 3112 signatos
442 3039 495 3112 est,
517 3035 648 3102 actionem
670 3041 807 3102 praestare
826 2985 930 3088 debere.
965 3035 1063 3088 Filiam
1111 3031 1161 3100 ἰῷ
1184 3031 1389 3154 σνγνληὲονόμῳ
1412 3029 1494 3088 αὐτοῦ
1513 3039 1558 3086 καὶ
1580 3033 1755 3096 δανείζεσθαι
1776 3031 1845 3118 παρ’
1868 3027 1916 3086 αὖ·

264 3115 293 3154 ex
312 3115 369 3154 esee
389 3103 505 3154 lnstttuit
524 3103 648 3156 heredem
674 3103 750 3170 eique
776 3103 914 3156 substituit
938 3107 1063 3170 nepotem
1111 3097 1175 3154 ‘coia
1210 3099 1258 3154 ἐὰν
1295 3119 1368 3154 sors
1385 3101 1459 3170 παρὰ
1480 3103 1565 3154 ταῦτα
1581 3101 1691 3172 ποιήσῃ,
1709 3105 1787 3154 ἔσται
1802 3123 1836 3154 το
1850 3121 1916 3172 χρη-

264 3183 333 3222 suum
354 3173 381 3222 et
400 3169 439 3222 ita
461 3169 541 3224 cavit:
566 3169 609 3236 ιεἰ,
632 3169 703 3236 quod
720 3169 870 3236 abominor,
895 3185 981 3236 neque
1006 3169 1063 3222 filia
1111 3165 1302 3236 ‘puratopevov
1320 3167 1513 3238 ἅχρηστονναῑ
1527 3163 1658 3240 imnodi
1711 3169 1839 3236 uaedtnr,
1857 3187 1917 3224 cum

264 3241 324 3292 ‘mea
339 3253 424 3304 neque
443 3253 525 3304 nepos
542 3253 618 3290 meus
627 3237 740 3290 heredes
756 3237 808 3292 mei
822 3241 907 3302 eruut,
926 3241 1062 3304 tuncpor-
1113 3237 1183 3292 filius
1205 3235 1324 3292 defuncti
1344 3241 1464 3290 mutuam
1484 3237 1623 3304 pecuniam
1646 3253 1662 3292 a
1730 3237 1773 3290 vie
1789 3237 1917 3306 Dionysia

264 3307 361 3358 ‘tionem
377 3319 463 3360 meam
479 3305 563 3374 partis
582 3305 705 3358 dimidiae
717 3303 794 3358 fundi
809 3305 882 3358 ilh'irs
899 3305 934 3358 ad
951 3305 1062 3358 libertos
1113 3305 1247 3372 acceperit
1263 3309 1290 3358 et
1307 3303 1401 3358 locatis
1420 3305 1530 3358 aedibus
1546 3321 1595 3372 pro
1612 3311 1689 3374 parte
1710 3305 1917 3372 suspensiones

264 3375 336 3428 meos
353 3373 485 3442 pertinere
502 3373 579 3426 volo'.
617 3373 765 3440 quaeritur,
790 3387 850 3424 cum
871 3379 933 3424 ante
950 3377 1062 3426 testato·
1113 3373 1164 3426 sibi
1181 3373 1284 3426 debitas
1303 3371 1436 3424 creditrici
1452 3371 1619 3440 delegaverit,
1643 3387 1678 3426 an
1695 3371 1817 3426 condicio
1835 3377 1917 3426 testa-

265 3457 312 3496 rem
327 3447 354 3494 et
369 3441 424 3494 filia
441 3447 468 3494 et
488 3457 571 3508 nepos
593 3439 766 3494 decesserunt
785 3445 813 3492 et
832 3439 968 3492 intestati⁴
989 3439 1062 3492 bona
1112 3439 1194 3492 menti
1211 3439 1344 3492 exstitisse
1365 3439 1497 3506 rideatur,
1520 3445 1551 3490 ut
1571 3439 1632 3494 filiis
1650 3439 1706 3494 suis
1722 3439 1917 3494 fideicommissi

263 3509 438 3576 pertinuerunt
455 3505 489 3560 ad
506 3511 680 3574 pronepotem
698 3505 762 3574 eius,
782 3505 1062 3560 anfideicommissum
1113 3505 1218 3560 nomine
1234 3511 1363 3560 teneatur.
1400 3505 1525 3574 respondi
1547 3505 1691 3560 secuudum
1712 3521 1744 3560 aa
1766 3521 1834 3574 quae
1855 3523 1917 3574 pro·

263 3577 293 3628 ad
308 3577 414 3628 libertos
432 3573 586 3642 pertineret.
625 3573 751 3640 respondi
772 3573 918 3628 secundum
939 3589 971 3628 ea
993 3589 1062 3640 quae
1117 3579 1144 3626 lo
1178 3579 1342 3640 ponerentur
1358 3589 1412 3628 non
1429 3573 1569 3628 exstitisse.
1604 3573 1692 3628 Matre
1705 3579 1732 3628 et
1748 3575 1917 3628 uxorehere·

263 3643 521 3766 irritentur
536 3643 718 3764 liduilifili
731 3643 815 3762 ..itti
837 3641 1061 3762 itiitere·
1112 3641 1533 3762 delirruerint
1550 3643 1917 3766 terrestrisque

265 3785 290 3832 lo
314 3727 692 3842 rumqfideicomrdissumesse,
706 3723 1062 3846 utpdasitmermdgdtsuis-
1112 3725 1202 3830 ‘habds
1219 3727 1289 3830 finds
1307 3793 1429 3830 sororum
1445 3781 1560 3844 tuorum,
1578 3777 1674 3844 quibus
1691 3727 1855 3844 relinquas.q
1866 3751 1917 3832 scis

263 3847 321 3914 ‘quis
338 3847 401 3898 mihi
418 3847 495 3898 heres
512 3845 573 3910 erit,
597 3845 665 3898 sciat
682 3843 779 3898 debere
800 3859 842 3898 me
858 3843 995 3898 Demetrio
1013 3859 1061 3912 pa·
1112 3847 1203 3898 ‘unum
1217 3843 1328 3898 fratrem
1340 3849 1416 3898 tuum
1430 3843 1514 3898 filium
1526 3849 1648 3898 nostrum
1664 3845 1800 3910 occidisse,
1819 3845 1919 3898 domei

263 3919 323 3966 ‘troo
340 3929 398 3966 meo
416 3913 525 3964 denaria
542 3913 595 3964 tria
610 3917 637 3966 et
649 3911 853 3980 depositaapud
865 3927 907 3964 me
919 3927 936 3964 a
949 3913 1061 3964 Seleuco
1112 3913 1241 3978 ‘rapinam
1267 3911 1344 3964 facit:
1371 3911 1419 3966 sed
1443 3917 1470 3964 et
1496 3911 1564 3964 alius
1588 3911 1654 3964 mihi
1679 3913 1811 3964 deteriora
1837 3913 1917 3966 fecit'.

263 3985 357 4048 panno
374 3997 432 4032 meo
451 3979 560 4034 denaria
575 3979 636 4048 tria,
659 3995 728 4048 quae
745 3979 825 4032 etiam
845 3979 968 4048 protinus
986 3979 1062 4032 reddi
1112 3995 1218 4046 quaero,
1243 3993 1303 4032 curn
1319 3995 1388 4032 uxor
1404 3979 1530 4032 intestata
1548 3977 1662 4032 decessit
1682 3985 1710 4032 et
1726 3979 1844 4048 legitima
1861 3979 1918 4034 eius

263 4051 293 4102 ‘et
308 4049 372 4102 solvi
389 4049 426 4102 eis
444 4049 544 4102 iubeo':
569 4047 717 4114 quaesitum
734 4051 783 4114 est,
802 4063 844 4112 an,
869 4045 892 4100 si
909 4063 963 4100 non
981 4045 1060 4100 debe·
1111 4047 1245 4100 hereditas
1263 4045 1298 4098 ad
1316 4045 1425 4100 fratrem
1440 4045 1583 4114 pertineat,
1605 4061 1641 4098 an
1658 4045 1758 4102 sororis
1779 4045 1829 4100 filii
1844 4045 1919 4102 fidei-

261 4123 351 4182 rentur,
370 4117 526 4170 acdoesset.
561 4115 695 4184 respondi,
713 4115 736 4168 si
752 4131 807 4168 non
815 4115 982 4180 deberentur,
1001 4113 1061 4168 nul·
1112 4115 1281 4168 commissum
1302 4115 1336 4168 ab
1362 4129 1394 4168 eo
1415 4119 1507 4182 petere
1530 4117 1651 4182 possrmt.
1689 4115 1816 4182 respondi
1860 4129 1920 4170 osse

260 4183 307 4236 lam
323 4183 398 4252 qnasi
416 4201 449 4236 ex
467 4183 556 4236 debito
574 4183 706 4238 actionem
725 4197 791 4250 esse,
810 4183 857 4238 sed
875 4197 908 4234 ex
923 4181 1060 4236 fideicom-
1114 4187 1143 4234 lt·
1179 4183 1285 4236 defendi
1306 4181 1539 4236 fideicommissum
1559 4179 1659 4234 deberi.
1699 4183 1809 4236 ‘Lucius
1832 4131 1919 4236 ‘ditius

263 4257 286 4304 11
319 4253 406 4306 misso.
443 4249 543 4306 Lucius
562 4251 650 4306 Titius
668 4251 781 4306 Damam
798 4257 825 4306 et
841 4249 1011 4318 Pamphilum
1027 4249 1060 4302 li·
1112 4251 1171 4304 ‘hoc
1189 4267 1277 4304 meum
1293 4255 1482 4304 testamentum
1505 4249 1617 4318 scripsil
1634 4249 1690 4302 sine
1711 4249 1767 4304 ullo
1784 4249 1851 4304 iuris
1872 4265 1919 4318 pe·

261 4319 340 4374 bertas
358 4335 421 4372 suos
440 4325 501 4372 ante
518 4319 654 4372 biennium
674 4321 767 4374 mortis
785 4333 850 4372 suae
872 4317 905 4372 de
922 4317 1003 4372 domu
1021 4317 1060 4372 di·
1112 4317 1179 4384 ‘rito,
1197 4317 1328 4372 rationem
1345 4317 1426 4372 animi
1433 4317 1485 4372 mei
1498 4319 1705 4386 potinssecutus
1723 4333 1803 4384 qnam
1811 4315 1920 4370 nimiam

260 4387 322 4440 nisit
342 4393 369 4442 et
390 4387 492 4440 cibaria
518 4403 585 4454 quae
611 4387 693 4440 dabat
718 4393 856 4456 praestare
882 4387 971 4440 desiit:
998 4403 1061 4440 mox
1112 4391 1147 4440 ‘et
1163 4387 1287 4440 miseram
1305 4387 1477 4454 diligentiam:
1499 4385 1566 4440 etsi
1583 4385 1670 4438 minus
1687 4385 1788 4452 aliquid
1805 4383 1920 4450 legitime

260 4453 324 4510 facto
340 4459 498 4508 testamento
515 4455 554 4508 ita
564 4455 675 4522 legavit:
695 4455 822 4522 ‘quisquis
832 4453 897 4508 mihi
914 4455 991 4508 heres
1001 4455 1059 4520 erit,
1112 4453 1332 4522 ‘minusveperite
1345 4453 1443 4522 fecero,
1457 4449 1920 4530 proiurelegitimohaberi¹⁰debet

260 4523 380 4576 ‘omnibus
392 4523 493 4576 libertis
503 4523 576 4588 meis,
592 4537 660 4588 quos
668 4523 721 4578 hoc
733 4527 893 4576 testamento
902 4523 1061 4576 manumisi⁶
1111 4521 1233 4576 ‘hominis
1264 4521 1323 4576 sani
1350 4525 1495 4576 uoluntas':
1531 4519 1627 4576 deinde
1655 4519 1767 4574 heredes
1796 4521 1919 4596 quantun.

229 4607 230 4610 ¹
260 4589 290 4640 ‘et
306 4605 369 4656 qnos
386 4595 448 4642 ante
464 4589 547 4644 habui
565 4605 684 4656 quosque
701 4593 732 4642 ut
749 4591 970 4646 manumittantur
986 4591 1059 4658 petii,
1111 4589 1261 4656 quaesitum
1278 4595 1320 4644 est
1335 4589 1455 4644 intestati
1472 4591 1528 4644 eius
1547 4589 1856 4654 bonorumpossessrone
1872 4599 1920 4652 pe-

260 4655 443 4710 ‘alimentorum
460 4657 565 4710 nomine
582 4657 611 4708 in
627 4671 732 4710 menses
754 4657 873 4726 singulos
896 4663 995 4712 certam
1013 4675 1059 4726 pe·
1109 4657 1167 4722 tito,
1185 4671 1221 4710 an
1236 4657 1374 4726 portiones
1391 4657 1542 4728 adscriptae
1564 4673 1598 4712 ex
1621 4661 1704 4708 causa
1722 4649 1920 4728 fideicommissi

260 4723 364 4802 ‘onmem
384 4725 465 4804 dato’.
488 4725 655 4804 ,quaesitum
677 4729 729 4790 est,
752 4741 788 4778 an
808 4725 912 4804 Damae
933 4731 960 4780 et
980 4727 1060 4780 Pam·
1110 4723 1166 4792 peti
1182 4731 1305 4792 possunt.
1338 4727 1465 4796 respondi
1482 4725 1629 4780 secundum
1645 4735 1680 4778 ea
1701 4733 1770 4792 quae
1787 4735 1919 4792 propone-

257 4791 891 4936 ddssqouafidleplrcrddldddddeuddurdeiddaduerberdesdimddl
902 4793 1061 4928 qsrdcudddddd
1109 4805 1312 4918 redtdrfflddddr
1327 4861 1395 4916 libro
1414 4865 1511 4930 qrrarto
1523 4875 1714 4930 responsorum
1748 4857 1920 4914 'testamento

257 4925 387 4982 mamieste
404 4927 531 4982 docerent
548 4945 579 4984 eo
593 4927 683 4982 animo
701 4927 774 4982 circa
791 4933 979 4996 sopatronum,
999 4945 1060 4982 oum
1110 4927 1194 4984 filium
1210 4935 1238 4984 et
1254 4945 1365 4984 uxorem
1382 4943 1458 4982 suam
1474 4927 1585 4980 heredes
1597 4925 1838 5050 institnitrdpostea
1850 4927 1920 4996 epis·

257 4993 435 5050 testamentum
456 4995 568 5062 faceret,
596 5011 656 5050 esse
679 4995 812 5066 coepisse,
835 4999 866 5048 ut
887 4995 930 5050 his
953 5011 1059 5064 quoque
1109 4999 1194 5052 tulam
1211 4999 1352 5066 scripsisse
1373 4995 1482 5062 dicitur,
1504 5011 1558 5062 qua
1574 4999 1602 5048 et
1619 4993 1730 5062 qmdqui
1768 4995 1797 5050 in
1813 4999 1919 5064 peculio

256 5055 363 5126 legatum
380 5063 453 5116 dari⁷
470 5065 560 5118 vellet:
583 5065 702 5132 alioquin
723 5065 789 5116 nihil
809 5063 876 5132 ipsis
897 5069 1059 5130 praestetur.
1109 5067 1205 5120 habuit
1220 5065 1300 5132 lilius
1319 5065 1344 5118 ei
1361 5063 1505 5116 donauitet
1521 5061 1619 5116 adiecit
1646 5063 1919 5132 raecipnahaeceum

257 5129 284 5178 11
311 5127 411 5184 Damae
421 5137 447 5184 et
455 5131 603 5200 Pamphilo,
614 5149 681 5200 quos
689 5137 849 5188 testamento
859 5131 1059 5202 manumiserat,
1110 5131 1636 5202 suiqueiurisetpostmortemsuamha
1656 5133 1784 5188 ererelle.
1811 5149 1919 5200 quaero,

255 5191 360 5274 hedum
380 5197 453 5252 dedit
473 5199 523 5266 ita,
550 5205 581 5254 ut
602 5207 798 5268 postmortem
819 5215 896 5254 suam
917 5197 981 5254 filiis
1003 5201 1059 5254 suis
1111 5217 1172 5254 cum
1188 5203 1347 5256 testamento
1366 5197 1561 5266 significaverit,
1579 5197 1603 5254 si
1620 5199 1685 5270 quid
1701 5203 1870 5270 obsignatum
1878 5217 1920 5254 re-

255 5267 428 5340 restituerent:
455 5269 548 5322 eodem
572 5273 732 5324 testamento
755 5269 832 5338 petiit
853 5269 887 5322 ab
914 5267 1059 5322 heredibus
1111 5269 1266 5338 cepissetffl,
1290 5267 1320 5320 id
1342 5265 1400 5320 rice
1427 5263 1609 5320 codicillorum
1634 5269 1775 5338 valeretffl,
1806 5269 1920 5338 epistula

254 5341 317 5396 turs,
338 5339 368 5386 ut
387 5333 555 5404 Pamphilam
575 5339 805 5404 manumiserunt,
828 5351 897 5404 quae
917 5335 1060 5404 Pamphila
1110 5341 1201 5390 autern
1217 5351 1273 5390 non
1289 5333 1326 5388 sit
1339 5333 1488 5400 obsignata,
1507 5337 1920 5406 anquaeepistulacontinentor

254 5503 279 5564 tr)
297 5505 473 5570 repudiareF²
537 5507 815 5572 111111Ρζιίι1οι111ι
885 5509 917 5572 (a)
935 5505 1059 5570 relegarit
1109 5507 1137 5556 in
1147 5503 1332 5570 sempiternum.
1358 5505 1455 5570 quodsi
1466 5509 1523 5572 quis
1532 5525 1616 5564 eorum
1625 5513 1724 5574 partem
1733 5525 1803 5560 suam
1813 5507 1920 5558 rendere

254 5589 296 5622 aar.
350 5575 381 5636 (1)
399 5575 570 5632 intestataeF
623 5575 656 5640 (a)
673 5575 897 5640 praestarenturF
953 5577 987 5638 (o)
1005 5591 1057 5624 ma·
1109 5573 1466 5638 voletvelhypothecaedure‚
1482 5577 1707 5628 liceateivendsre
1722 5593 1773 5626 eam
1790 5573 1920 5642 relhypo-

253 5639 386 5692 numisitF
450 5645 482 5702 11)
501 5641 610 5692 dareF²
679 5645 714 5706 (e)
733 5645 818 5696 idest:
834 5641 897 5692 Volo
914 5647 996 5692 antem
1013 5641 1056 5692 do·
1108 5643 1195 5694 thecae
1203 5641 1263 5692 dare
1271 5641 1446 5694 coheredisno.
1466 5647 1488 5696 si
1497 5645 1749 5710 quiscontrafecerit‚
1760 5645 1827 5708 quod
1836 5649 1920 5694 actum

251 5719 431 5758 musmeasnsc
444 5709 591 5760 venumdari
606 5709 637 5758 ab
651 5711 786 5760 heredibus
800 5713 863 5762 meis
878 5725 960 5776 neque
975 5711 1056 5776 hypo·
1108 5713 1146 5758 eat
1154 5706 1246 5758 inutile
1256 5713 1310 5758 esto
1319 5715 1344 5758 et
1352 5713 1461 5764 irritum.
1502 5715 1534 5776 (a)
1548 5713 1699 5778 scripsitF²
1744 5711 1923 5770 [lothahereF

252 5773 333 5824 occas
342 5777 393 5824 dari
413 5777 456 5826 ssd
466 5779 576 5842 integrus
586 5793 686 5828 manere
694 5779 759 5844 ipsis
768 5783 792 5828 et
801 5777 861 5828 liliis
870 5779 1056 5848 nepotibusque
1108 5779 1149 5842 (tl)
1162 5777 1424 5848 5o=D.36,t,8opr.
1449 5781 1493 5844 (tr)
1503 5779 1647 5844 reliquisset
1656 5799 1702 5830 scr.
1739 5775 1920 5842 (talvalerel7²

1681 5863 1714 5918 tt
