4366 6258
279 365 420 432 XXXXI
443 371 471 432 7.
489 367 517 432 8.
536 369 564 432 9.
585 371 623 432 10

280 553 337 610 einr
354 567 413 610 esse
431 553 537 620 desinit,
560 559 591 608 nt
608 553 660 608 hoc
678 553 712 608 sit
729 553 756 608 in
772 559 861 622 parte,
881 553 952 622 quod
968 553 996 610 in
1013 559 1083 610 toto:

280 623 371 688 atquin
392 623 474 676 totius
497 621 537 676 rei
564 621 686 676 dominus
716 621 822 678 cilicem
845 637 909 676 non¹
924 627 1025 692 potest,
1041 629 1086 678 nt

280 697 383 758 partem
399 691 520 754 retineat,
538 695 640 760 partem
658 707 706 758 pro
725 691 851 746 derelicto
869 691 975 744 habeat.

314 755 335 814 4
358 757 476 812 Psecas
495 757 562 812 libra
605 761 679 814 uinta
703 759 804 814 decimo
821 757 859 814 act
881 757 1011 814 Sabinum
1044 759 1085 824 Id,

281 823 351 892 quod
374 841 423 892 pro
446 823 572 880 derelicto
615 825 716 880 abitum
739 833 780 880 est
797 831 824 878 et
840 825 935 880 baberi
951 831 1083 894 putamus,

280 905 426 1012 uslucppere
442 907 595 958 possumus,
615 895 693 946 etiam
710 895 734 948 si
747 895 913 960 ignoramus,
935 907 952 946 a
969 909 1023 962 quo
1040 893 1084 946 de-

279 959 342 1012 reic
356 975 400 1010 um
418 959 460 1012 sit.
561 971 563 976 ’

314 1025 332 1084 5
351 1025 521 1080 POMPONIUS
534 1027 601 1080 libro
614 1029 767 1098 tripcnsimo
778 1027 895 1082 secunda
907 1027 944 1080 ad
956 1025 1085 1082 Sabinum

280 1093 310 1148 Si
325 1093 366 1160 id,
390 1093 462 1162 quod
485 1109 534 1162 pro
557 1093 683 1150 derelicto
706 1093 827 1148 habitum
843 1093 1012 1162 possidebas,
1037 1111 1084 1164 ego

281 1161 366 1216 sciens
388 1161 416 1212 in
438 1175 470 1214 ea
491 1177 573 1216 cansa
602 1177 660 1216 csse
687 1163 735 1216 abs
759 1167 786 1216 te
809 1161 929 1224 emerim,
956 1177 999 1214 me
1020 1177 1083 1216 usu-

280 1233 421 1296 capturum
443 1231 549 1282 constat
568 1243 618 1282 nec
642 1231 761 1292 obstare,
788 1227 860 1294 quod
881 1227 1008 1282 inbonis
1031 1231 1085 1282 tuis

280 1309 334 1348 non
355 1295 448 1348 fuerit:
474 1309 537 1348 nam
558 1303 584 1350 ct
606 1297 630 1352 si
646 1297 695 1348 tibi
712 1309 767 1348 rem
790 1297 825 1348 ab
848 1309 931 1348 uxore
959 1295 1086 1350 donatam

279 1363 365 1416 sciens
383 1377 483 1426 emero,
512 1363 573 1434 quia
591 1363 666 1432 quasi
683 1363 786 1418 volente
809 1367 837 1416 et
857 1363 1020 1418 concedente
1037 1363 1084 1418 do·

281 1435 293 1484 1
329 1429 400 1484 mino
417 1429 445 1482 id
461 1429 579 1498 faceres,
602 1429 671 1484 idem
687 1429 752 1482 iuris
771 1435 819 1482 est.
854 1429 912 1498 111¹,
932 1431 1008 1552 guod
1026 1433 1085 1498 quis

278 1513 328 1566 pro
355 1497 480 1552 derelicto
506 1497 642 1562 habuerit,
670 1495 793 1550 continno
818 1511 905 1550 meum
952 1501 976 1552 t:
1005 1497 1086 1552 sicuti

279 1581 337 1618 cum
357 1567 415 1634 quis
433 1579 477 1620 aes
497 1565 625 1634 sparserit
641 1569 689 1618 aut
713 1579 774 1618 aves
797 1563 940 1630 amiserit2,
965 1565 1084 1632 quantus

278 1633 395 1688 incertae
408 1647 540 1702 personae
553 1633 666 1686 voluerit
677 1647 797 1696 essessa
811 1639 901 1688 tamen
915 1633 972 1686 eius
980 1633 1083 1696 fierent,

279 1701 323 1754 eui
341 1717 420 1766 casus
437 1699 546 1754 tutemet
563 1715 607 1764 ea,
632 1715 712 1768 quae,
737 1715 797 1752 cum
815 1699 873 1766 quis
891 1717 940 1768 pro
959 1699 1084 1754 derelicto

278 1768 385 1834 habeat,
404 1769 482 1822 simul
497 1767 658 1834 intellegitur
674 1765 790 1820 voluisse
807 1765 920 1822 alicuius
938 1765 1005 1820 fieri.

313 1831 331 1892 6
360 1833 503 1888 lueremus
533 1833 601 1888 titre
632 1835 710 1888 tertio
741 1833 778 1888 ad
809 1831 928 1888 Urseium
959 1835 1085 1888 Ferocem

278 1903 362 1956 Nemo
374 1905 464 1972 potest
475 1917 525 1970 pro
541 1899 667 1956 derelicto
681 1915 837 1972 usucapere,
851 1901 898 1970 qui
911 1901 979 1958 falso
993 1901 1085 1956 existi·

276 1969 387 2022 macerit
403 1985 459 2024 rem
476 1983 525 2038 pro
543 1969 668 2022 derelicto
686 1969 806 2022 habitam
822 1985 890 2024 esse.

313 2033 330 2092 7
349 2035 429 2090 lanu
442 2035 510 2092 libro
527 2037 643 2090 secundo
662 2053 698 2090 eor
715 2035 826 2092 Minicio
861 2035 890 2092 si
907 2037 966 2106 quis
983 2051 1084 2106 merces

278 2119 318 2158 err
332 2119 398 2158 nave
419 2105 551 2158 iactatas⁴
572 2101 727 2170 invenisset,
757 2121 820 2158 num
847 2103 908 2158 ideo
938 2119 1085 2174 usucapere

277 2189 332 2228 non
354 2171 453 2242 possit,
478 2171 540 2240 qnia
565 2187 621 2226 non
643 2173 795 2226 ederentur
819 2173 975 2238 derelictae,
1004 2187 1085 2240 quae·

277 2243 353 2294 ritur.
388 2239 435 2296 sed
457 2239 544 2294 rarius
567 2245 609 2296 est
634 2257 694 2296 eum
716 2257 765 2310 pro
788 2239 914 2296 derelicto
938 2255 1085 2310 usucapere

277 2325 331 2364 non
368 2323 434 2364 osse.

314 2373 331 2434 8
348 2325 468 2430 baccus
482 2377 549 2430 libro
568 2381 661 2428 octauo
680 2377 780 2432 decimo
794 2393 839 2432 res
859 2391 984 2430 onsmnm
1012 2375 1097 2428 Sern-¹

277 2443 388 2512 pronius
398 2443 505 2496 Thetidi
522 2449 609 2498 status
627 2443 808 2512 quaestionem
825 2395 915 2498 sgcere
927 2443 1084 2512 temptabat,

279 2511 354 2578 quasi
373 2511 405 2564 de
424 2525 499 2564 serva
516 2525 566 2564 sua
583 2515 648 2562 nata
665 2511 708 2562 sit.
748 2511 795 2578 qni
811 2513 865 2564 iam
882 2513 999 2564 testato⁵
1022 2525 1085 2562 con·
1104 2547 1106 2566 2

278 2583 371 2632 ventus
395 2593 411 2630 a
433 2577 549 2632 Procula
572 2577 673 2630 nutrice
691 2577 811 2632 Thetidis
835 2577 864 2630 in
887 2575 1019 2632 solvendis
1037 2577 1106 2630 ali·

278 2645 373 2700 mentis
390 2643 527 2714 respondit
543 2661 597 2698 non
612 2659 640 2698 se
658 2645 765 2712 habere,
783 2645 854 2698 unde
872 2645 999 2698 alimenta
1016 2643 1084 2698 eius·
1105 2677 1106 2680 =

278 2713 337 2766 dem
355 2713 486 2776 exsolvat,
512 2713 558 2766 sed
583 2713 678 2768 debere
696 2729 753 2766 eam
770 2713 844 2782 patri
860 2727 910 2768 suo
927 2713 1086 2768 restitueret

278 2781 455 2836 LucioTitio:
473 2779 553 2848 idque
566 2783 615 2836 eu7
632 2781 679 2834 illa
700 2781 728 2834 in
747 2781 918 2836 testationem
932 2779 1084 2848 redegisset,

279 2853 309 2902 ut
331 2855 425 2918 postea
446 2849 547 2904 nullam
569 2849 749 2916 quaestionem
774 2855 912 2918 pateretur
935 2849 1086 2904 ‘abeodem

279 2917 449 2986 Sempronio,
481 2917 581 2970 Lucius
608 2917 693 2972 Titius
728 2917 804 2972 Seiae
829 2917 960 2974 Proculae
990 2917 1085 2972 solutis

278 2983 408 3038 alimentis
436 2985 552 3052 puellam
578 2983 694 3040 vindicta
716 2985 882 3040 manrrmisit:
911 3001 1022 3054 quaero,
1049 3001 1084 3040 an

278 3053 363 3122 possit
383 3053 498 3108 rescindi
522 3055 630 3108 libertas
653 3053 780 3108 Thetidis.
816 3053 918 3106 Paulus
941 3053 1084 3124 respondit,

279 3121 402 3188 quoniam
428 3121 549 3178 domnus
574 3121 699 3188 ancillae,
724 3137 756 3176 ex
775 3139 828 3190 qua
845 3121 941 3178 Thetis
955 3129 1020 3176 nata
1035 3127 1084 3188 est,

279 3189 417 3244 Thetidem
446 3205 494 3260 pro
519 3191 645 3246 derelicto
672 3191 798 3246 babuisse
820 3189 938 3256 videtur,
966 3191 1086 3262 potuisse

278 3271 336 3310 eam
354 3273 370 3310 a
389 3259 473 3312 Lucio
491 3259 561 3314 Titio
580 3259 614 3314 ad
632 3259 780 3314 libertatem
797 3259 917 3330 perduci.
992 3305 993 3308 ,

630 3469 702 3526 (ΠΙ
712 3465 731 3526 ⁸.

568 3565 632 3616 neo
650 3565 793 3616 anenno.

315 3663 327 3722 1
354 3663 574 3720 dissenentium
593 3671 670 3718 sento
688 3663 900 3736 disputationum
924 3663 1086 3732 Legatorum

278 3733 383 3788 nomine
406 3733 428 3788 is
450 3733 554 3788 uidetur
581 3733 717 3802 possidere
743 3733 786 3786 cni
815 3733 932 3800 legatum
956 3737 1010 3788 est:
1037 3751 1085 3802 pro

278 3803 365 3870 legato
392 3801 462 3856 enim
484 3805 616 3870 possessio
640 3807 667 3866 qt
692 3799 821 3868 usucapio
846 3801 1085 3868 nulbalii,qnan1

280 3871 323 3924 cui
339 3871 455 3938 legatum
473 3877 521 3934 est,
539 3871 672 3940 competit.
979 3901 980 3906 κ

314 3935 332 3994 2
351 3939 470 3992 Pectus
490 3937 557 3992 libro
582 3939 824 4010 qm'nqnapensimo
848 3941 946 4006 quarto
963 3937 1001 3990 acl
1017 3937 1086 3994 celie-

280 4015 334 4060 tum
374 4007 401 4060 Si
427 4007 577 4074 possideam
607 4009 723 4076 aliquam
748 4023 818 4070 rem,
847 4021 928 4076 quam
949 4007 1086 4074 ,putabam

279 4075 342 4156 mihi
359 4075 485 4144 legatam,
511 4093 571 4128 curn
589 4093 642 4130 non
659 4079 742 4138 esset,
766 4091 816 4144 pro
841 4075 928 4144 legato
950 4089 1005 4130 non
1022 4091 1085 4130 usn-

281 4159 312 4198 ce
331 4159 399 4198 ram:

311 4159 332 4268 b
351 4211 534 4264 Pammenes
554 4211 621 4266 libra
639 4211 780 4264 uicensimo
805 4211 883 4264 tertia
901 4211 1086 4280 quaestionum

279 4295 333 4332 non
358 4277 440 4346 magis
470 4293 549 4346 quarn
579 4279 601 4332 si
623 4279 681 4348 quis
705 4285 822 4348 emptum
844 4279 989 4346 existimet,
1016 4279 1086 4348 quod

279 4363 332 4400 non
350 4347 450 4400 emerit.

314 4413 462 4472 4Pauacs
476 4413 543 4468 libro
556 4415 796 4484 quirrqnapeusimc
814 4423 912 4484 quarto
925 4413 962 4468 ad
972 4413 1086 4468 edietum

281 4483 332 4536 Pro
356 4483 442 4550 legato
466 4485 555 4560 potest
578 4483 704 4564 usucapi,
731 4483 755 4538 si
776 4499 819 4538 res
842 4483 930 4538 aliena
947 4483 1034 4552 legata
1052 4483 1087 4538 sit

281 4557 326 4604 aut
356 4555 491 4604 testatoris
520 4549 624 4616 quidem
653 4557 701 4616 srt,
731 4549 778 4604 sed
806 4549 931 4620 adempta
959 4549 1086 4606 codicillis

280 4621 428 4684 ignoratur:
444 4619 472 4672 in
485 4617 580 4670 horum
593 4619 662 4670 enim
676 4633 789 4686 persona
803 4619 981 4672 subest'iusta
996 4633 1086 4682 causa,

281 4701 348 4754 quae
371 4685 472 4740 sufficit
497 4685 533 4738 ad
555 4687 753 4754 usucapionem.
788 4687 858 4738 idern
881 4691 969 4756 potest
992 4687 1044 4738 dici
1061 4691 1089 4740 ct

280 4755 347 4810 siin
364 4755 468 4810 nomine
492 4753 542 4806 erit
564 4753 708 4818 dubitatio,
729 4754 810 4808 veluti
833 4753 856 4808 si
880 4753 949 4808 'litio
971 4753 1087 4822 legatum

281 4823 323 4886 sit,
341 4837 402 4876 cum
419 4823 474 4876 sint
491 4821 543 4876 duo
558 4821 628 4888 Titii,
647 4827 678 4874 ut
695 4823 764 4876 aiter
781 4837 873 4876 eorum
891 4823 923 4876 de
941 4837 969 4876 se
987 4825 1087 4890 cogita-

279 4895 335 4942 tum
354 4891 548 4942 existimaverit.

314 4953 609 5012 trecassensium
638 4959 748 5026 septimo
778 4973 816 5012 eac
841 4955 933 5010 Cassio
972 4957 1014 5008 Ea
1036 4971 1086 5020 res,

280 5039 348 5092 quae
361 5025 441 5092 legati
459 5025 564 5080 nomine
582 5023 681 5076 tradita.
695 5031 743 5088 est,
763 5025 881 5094 quamvis
896 5023 1018 5078 dominus
1029 5023 1087 5078 eins

280 5093 356 5158 vivat,
374 5095 523 5160 legatorum
539 5093 749 5146 tamennomine
766 5091 948 5162 usucapiatur,

314 5155 332 5216 6
353 5159 603 5214 Pannoniusque
619 5161 773 5228 trtpanstmo
782 5161 900 5214 recusatio
914 5161 951 5214 ad
959 5157 1088 5214 Sabinum

281 5227 303 5278 si
321 5227 351 5294 is,
371 5227 415 5282 cui
431 5227 532 5282 tradita
548 5233 597 5292 est,
614 5227 712 5280 mortni
729 5243 787 5282 esse
806 5227 1005 5282 existimaverit.

315 5291 332 5348 7
352 5293 521 5350 innotamus
540 5297 607 5350 libro
624 5297 736 5362 sepu'mc
756 5311 792 5350 ecc
804 5295 903 5350 ‘Cassio
938 5295 1022 5350 Nemo
1039 5311 1086 5364 po-

280 5365 333 5416 test
350 5361 496 5430 legatorum
514 5361 619 5416 nomine
643 5377 789 5430 usucapere
815 5363 870 5418 nisi
888 5363 925 5430 is,
950 5379 1011 5418 cum
1037 5379 1088 5430 qno

279 5535 308 5596 (1)
326 5529 361 5596 id]
372 5531 498 5584 interdum
508 5555 553 5586 scr.
606 5537 638 5598 (2)
658 5533 797 5584 emiseritS
848 5535 879 5598 (3)
898 5535 997 5602 sicserc
1007 5533 1089 5594 Taum,

281 5599 424 5666 qui‘cassius
433 5601 573 5666 tuleritF¹‚
583 5602 627 5668 qui
636 5617 675 5652 aas
684 5601 862 5652 sustuleritF²
898 5605 930 5668 (t)
944 5603 1020 5652 metas
1027 5601 1089 5652 Hal.

281 5677 311 5730 (5)
330 5671 374 5732 qui
387 5673 445 5720 ante
458 5673 546 5722 testato
563 5671 828 5736 (similiterRuckerasl
842 5687 895 5722 scm
966 5671 1001 5734 (6)
1019 5671 1091 5720 ruti-

281 5737 510 5802 tuerel'relinqncrc
520 5759 567 5790 scr.
638 5741 668 5802 tt)
686 5737 763 5800 idque
771 5755 800 5788 ea
809 5737 855 5804 F²,
869 5737 945 5804 idque
953 5737 1041 5788 cumS

315 5807 349 5868 (ε)
368 5807 428 5856 Sat.
439 5819 459 5858 a.
471 5817 496 5864 o;
516 5807 564 5856 Ed.
575 5819 595 5858 e.
606 5819 626 5858 s.
638 5821 656 5858 c.
668 5819 693 5866 m
713 5807 775 5870 Pap.
787 5817 807 5856 a.
818 5819 838 5860 s.
849 5817 871 5858 c.
887 5833 921 5844 -
935 5807 1049 5870 Bassi,
1064 5817 1090 5858 es

1075 361 1139 434 664

1333 379 1398 428 PRO
1415 335 1558 430 anenno.
1580 379 1647 428 PRO
1665 379 1764 428 DOTE.
1781 373 1853 436 ¹PRO
1871 371 1931 422 SUO

1135 551 1287 614 testamenti
1299 549 1381 606 factm
1395 557 1445 616 est,
1466 551 1529 622 qnia
1544 565 1576 604 ea
1589 549 1722 622 possessio
1736 567 1770 606 ex
1785 553 1843 606 iure
1856 553 1933 604 testa-

1136 619 1219 676 menti
1234 619 1421 690 proficiscitur.

1171 683 1189 746 8
1208 687 1390 742 Peenameus
1410 689 1478 744 lidro
1496 689 1636 742 uicensimo
1659 689 1737 742 tertio
1754 689 1935 758 quaestionum

1136 757 1234 810 Sinon
1256 757 1383 810 traditam
1405 757 1600 826 possessionem
1616 753 1779 824 ingrediatur
1802 755 1859 812 sine
1875 755 1934 810 vitio

1135 823 1291 890 legatarius,
1308 823 1411 892 legatae
1428 823 1467 878 rei
1484 823 1613 892 usucapio
1631 823 1764 892 competit.
1825 847 1826 850 ¹

1170 887 1189 946 9
1208 889 1462 944 Hannoernmnas
1482 891 1550 946 libro
1568 891 1662 960 quinto
1679 891 1746 944 iuris
1763 891 1935 958 spitametam

1135 955 1188 1012 Pro
1206 959 1293 1026 legato
1311 959 1446 1026 usucapit‚
1466 955 1509 1012 cui
1525 963 1599 1012 recte
1614 957 1731 1026 legatum
1747 957 1869 1012 relictum
1886 963 1935 1012 est:

1136 1025 1182 1078 sed
1205 1031 1230 1078 et
1255 1025 1277 1078 si
1298 1043 1353 1078 non
1370 1027 1428 1078 inre
1449 1026 1565 1092 legatum
1585 1025 1750 1094 relinquatur
1766 1026 1808 1080 rel
1823 1025 1936 1092 legatum

1136 1093 1289 1162 ademptum
1306 1097 1359 1158 est,
1382 1109 1431 1162 pro
1448 1093 1536 1160 legato
1557 1093 1670 1162 usucapi
1691 1099 1753 1162 post
1769 1107 1878 1160 magnas
1895 1109 1937 1148 va-

1135 1159 1244 1216 rietates
1265 1159 1386 1228 optinuit.
1904 1199 1905 1204 η

1483 1365 1598 1426 vlint.

1450 1465 1515 1514 rso
1533 1463 1632 1514 norm

1172 1559 1186 1618 1
1212 1559 1358 1616 Uarianos
1378 1561 1445 1616 libro
1469 1561 1624 1630 tripemse'mo
1641 1561 1735 1630 primo
1757 1561 1794 1614 acl
1814 1559 1938 1618 Sabinum

1135 1627 1243 1696 Titulus
1265 1633 1306 1682 est
1328 1627 1499 1696 usucapionis
1523 1633 1551 1684 et
1572 1627 1677 1696 quidem
1697 1627 1872 1694 iustissimus,
1898 1632 1940 1698 qui

1136 1697 1286 1766 appellatur
1302 1711 1352 1764 pro
1370 1693 1443 1760 dote,
1469 1701 1511 1762 ut,
1530 1697 1624 1764 quiin
1641 1695 1731 1750 dotem
1746 1711 1803 1750 rem
1820 1695 1938 1764 accipiat,

1135 1779 1284 1832 usucapere
1301 1761 1386 1832 possit
1403 1763 1491 1830 spatio
1509 1763 1636 1828 sollemni,
1657 1779 1708 1830 quo
1724 1765 1818 1828 solent,
1837 1765 1881 1830 qui
1895 1781 1938 1820 'uo

1140 1835 1151 1882 1
1189 1835 1308 1900 emptore
1325 1831 1495 1910 usucapiunt.
1522 1831 1560 1882 Et
1576 1831 1643 1882 nihil
1658 1829 1748 1894 refert,
1767 1831 1887 1898 singulae
1900 1847 1939 1888 res

1136 1901 1151 1948 2
1187 1913 1221 1950 an
1247 1897 1348 1966 pariter
1373 1913 1512 1952 umversae
1536 1897 1563 1950 in
1572 1901 1593 1930 ¹⁰
1619 1897 1707 1952 dotem
1731 1897 1865 1952 darentur.
1906 1899 1939 1952 Et

1135 1963 1251 2032 primum
1268 1963 1299 2018 de
1317 1969 1436 2032 tempore
1453 1965 1598 2030 videamus,
1617 1965 1723 2032 quando
1739 1981 1789 2034 pro
1803 1965 1869 2018 *dote
1886 1967 1940 2034 quis

1136 2047 1284 2100 usucapere
1301 2033 1400 2100 possit,
1418 2037 1509 2086 utrum
1524 2037 1588 2102 post
1604 2039 1726 2102 tempora
1739 2033 1893 2102 nuptiarum
1910 2049 1941 2088 an

1136 2113 1198 2154 vcro
1216 2105 1243 2152 ct
1260 2105 1323 2152 ante
1338 2099 1455 2170 nuptias.
1484 2105 1525 2154 est
1542 2101 1662 2168 quaestio
1679 2099 1793 2166 volgata,
1811 2115 1848 2154 an
1864 2115 1940 2170 spon-

1137 2183 1182 2224 sus
1205 2167 1293 2236 possit
1316 2167 1377 2232 (hcc
1401 2167 1511 2236 estqui
1534 2167 1652 2220 nondum
1681 2167 1791 2222 mantus
1814 2171 1865 2232 est)
1889 2183 1940 2224 rem

1136 2251 1186 2306 pro
1210 2234 1272 2290 dote
1295 2251 1452 2304 usucapere.
1488 2239 1515 2290 et
1537 2233 1657 2290 Iulianus
1675 2233 1774 2304 inquit,
1801 2235 1824 2290 si
1847 2249 1941 2304 sponsa

1138 2319 1149 2356 s
1171 2317 1236 2358 onso
1262 2317 1295 2358 ea
1319 2309 1407 2358 mente
1430 2303 1569 2356 tradiderit
1592 2317 1650 2368 res,
1675 2309 1781 2356 utnon
1805 2307 1867 2356 ante
1889 2305 1940 2358 eius

1136 2321 1195 2426 fibri
1211 2371 1297 2438 vellet,
1316 2387 1397 2440 quam
1413 2371 1523 2440 nuptiae
1537 2377 1645 2424 secutae
1663 2371 1723 2436 sint,
1741 2373 1823 2424 usu11
1841 2387 1941 2440 quoque

1137 2439 1214 2508 capio
1238 2441 1366 2494 cessabit:
1397 2439 1420 2494 si
1445 2445 1536 2494 tamen
1562 2455 1617 2492 non
1642 2437 1776 2492 evidenter
1802 2437 1830 2492 id
1856 2443 1941 2494 actum

1138 2505 1228 2570 fuerit,
1248 2507 1410 2560 credendum
1427 2521 1486 2560 esse
1502 2507 1530 2560 id
1547 2505 1590 2572 agi
1607 2505 1727 2560 lulianus
1745 2505 1791 2572 ait,
1808 2507 1941 2560 utstatim

1136 2589 1179 2626 res
1203 2575 1261 2626 eius
1284 2575 1350 2626 fiant
1374 2581 1412 2638 et,
1442 2575 1465 2628 si
1487 2575 1590 2626 alienae
1607 2573 1675 2638 sint,
1698 2573 1812 2642 usucapi
1828 2575 1941 2642 possint:

1137 2655 1205 2708 quae
1223 2641 1354 2696 sententia
1370 2641 1435 2694 mihi
1451 2641 1599 2710 probabilis
1616 2641 1728 2696 videtur.
1760 2645 1822 2694 ante
1839 2657 1875 2694 nu
1895 2641 1941 2696 tias

1137 2713 1151 2762 3
1188 2713 1276 2762 nutem
1293 2725 1347 2764 non
1364 2725 1413 2780 pro
1431 2707 1494 2762 dote
1510 2709 1643 2776 usucapit‚
1662 2707 1710 2762 sed
1727 2723 1775 2778 pro
1790 2725 1848 2762 suc.
1876 2657 1941 2762 bon-

1136 2781 1224 2830 stante
1253 2783 1342 2830 autem
1373 2777 1541 2832 matrimonio
1566 2793 1616 2846 pro
1638 2775 1701 2830 dote
1728 2777 1856 2846 usucapio
1877 2777 1943 2830 inter

1138 2859 1184 2900 eos
1200 2843 1290 2898 locum
1306 2845 1396 2910 habet,
1415 2845 1484 2898 inter
1501 2861 1567 2914 quos
1586 2849 1626 2898 est
1643 2845 1850 2900 matrimonium:
1875 2851 1941 2898 cete-

1137 2927 1197 2966 rum
1214 2913 1236 2968 si
1254 2919 1341 2968 cesset
1356 2913 1568 2978 matrimonium,
1578 2911 1686 2968 Cassius
1706 2911 1743 2966 ait
1760 2927 1864 2968 cessare
1882 2929 1942 2966 usu-

1137 2985 1153 3034 4
1189 2981 1334 3052 cepionem,
1353 2981 1416 3062 quia
1430 2987 1458 3036 et
1467 2983 1489 3016 ¹²
1505 2981 1554 3036 dos
1569 2981 1644 3034 nulla
1657 2981 1701 3034 sit.
1726 2981 1800 3034 Idem
1813 2981 1905 3036 scribit
1920 2987 1943 3034 ct

1138 3049 1161 3104 si
1172 3049 1282 3120 putauit
1298 3057 1410 3104 mantus
1433 3065 1492 3106 esse
1509 3047 1561 3106 sibi
1581 3049 1789 3112 matrimonium,
1816 3065 1877 3104 cum
1894 3067 1943 3102 non

1139 3121 1222 3184 esset,
1242 3133 1389 3200 usucapere
1408 3133 1467 3172 eum
1485 3135 1539 3172 non
1556 3133 1644 3188 passe,
1663 3117 1726 3186 quia
1742 3115 1816 3172 nulla
1835 3117 1882 3172 dos
1900 3119 1942 3172 sit:

1137 3201 1206 3256 quae
1224 3193 1356 3242 sententra
1373 3187 1456 3242 babet
1472 3187 1611 3242 rationem.

1172 3253 1328 3310 2‘Psurus
1347 3255 1415 3310 libro
1439 3255 1683 3326 quinquapcnsimo
1707 3259 1805 3324 quarto
1823 3253 1860 3310 ad
1876 3253 1943 3310 edic·

1139 3329 1194 3376 tum
1229 3325 1257 3376 Si
1278 3323 1420 3378 aestimata
1442 3339 1487 3378 res
1505 3327 1567 3376 ante
1583 3325 1692 3394 nuptias
1710 3323 1810 3376 tradita
1827 3323 1873 3388 sit,
1898 3337 1943 3376 nec

1137 3409 1187 3460 pro
1205 3397 1324 3462 emptore
1345 3407 1394 3446 nec
1417 3407 1465 3460 pro
1484 3409 1535 3448 suo
1553 3397 1614 3446 ante
1636 3391 1743 3460 nuptias
1766 3391 1942 3460 usucapiatur.

1172 3455 1191 3518 3
1214 3459 1368 3514 Scaevoia
1397 3461 1464 3516 libro
1492 3461 1634 3514 uicensimo
1661 3461 1755 3528 quincto
1783 3459 1943 3530 diqcstorum

1068 3575 1070 3578 .
1138 3527 1215 3582 Duae
1241 3527 1311 3582 filiae
1342 3529 1469 3582 intestato
1498 3527 1571 3598 patri
1601 3529 1712 3582 heredes
1738 3527 1896 3582 exstiterunt
1921 3533 1944 3580 et

1118 3595 1270 3668 ,mancipia
1294 3597 1443 3652 communia
1464 3595 1585 3664 singulae
1607 3595 1635 3648 in
1658 3597 1746 3650 dotem
1769 3595 1899 3652 dederunt
1920 3601 1944 3648 et

1137 3671 1200 3734 post
1222 3665 1324 3734 aliquot
1353 3681 1437 3720 annos
1447 3665 1468 3698 ²³
1496 3669 1581 3718 morte
1601 3665 1687 3734 patris
1701 3663 1824 3718 ¹familiae
1846 3663 1943 3718 hercis-

1138 3733 1242 3790 cundae
1264 3733 1390 3788 iudicium
1412 3733 1482 3788 inter
1503 3749 1549 3788 aas
1567 3733 1696 3790 dictatum
1713 3739 1763 3788 est.
1799 3733 1944 3802 quaesitum

1137 3807 1186 3866 est,
1206 3819 1265 3856 oum
1283 3803 1372 3856 mariti
1389 3803 1460 3856 bona
1476 3799 1529 3856 tide
1545 3803 1677 3872 mancipia
1694 3803 1722 3856 in
1735 3801 1824 3858 dotem
1837 3807 1945 3870 accepta

1137 3875 1168 3924 ut
1192 3869 1292 3924 dotalia
1314 3871 1405 3924 multis
1430 3871 1507 3922 annis
1525 3871 1714 3938 possederunt,
1740 3887 1776 3924 an
1793 3871 1945 3940 nsuoepisse

1137 3937 1286 3992 videantur.
1310 3931 1332 3990 si
1346 3937 1391 4006 qui
1405 3937 1581 4006 accipiebant,
1594 3937 1681 3994 dantis
1696 3937 1870 3994 credidissent
1880 3953 1944 4000 esse,

1137 4007 1277 4078 respondit
1294 4005 1360 4060 nibil
1377 4005 1501 4076 proponi,
1520 4021 1568 4060 cur
1585 4021 1641 4072 non
1656 4007 1850 4078 usucapissent.

1513 4213 1578 4274 Xu·
1635 4173 1638 4178 .

1468 4313 1532 4364 PRO
1551 4315 1620 4364 SUO.
1672 4311 1673 4314 ’

1176 4413 1198 4470 l¹
1215 4413 1360 4470 Uerianum
1375 4413 1443 4468 libro
1461 4415 1554 4484 quinto
1572 4415 1674 4468 decimo
1692 4413 1730 4468 ad
1745 4413 1860 4468 edictum
1894 4415 1944 4468 Pro

1139 4499 1188 4536 suo
1205 4483 1338 4552 possessio
1356 4483 1417 4534 talis
1436 4489 1485 4536 est.
1510 4497 1571 4536 cum
1589 4481 1731 4536 dominium
1748 4481 1827 4538 nobis
1844 4481 1945 4552 adquiri

1138 4555 1278 4620 putamus,
1310 4555 1336 4604 et
1358 4565 1391 4602 ex
1413 4565 1445 4604 ea
1467 4565 1548 4604 causa
1569 4549 1749 4618 possidemus,
1774 4565 1807 4602 ex
1829 4565 1883 4618 qna
1900 4549 1944 4602 ad-

1139 4619 1266 4686 quiritur,
1292 4623 1320 4672 et
1341 4623 1482 4688 praeterea
1504 4633 1554 4686 pro
1577 4633 1638 4672 suo:
1664 4623 1695 4670 nt
1720 4621 1786 4686 puta
1809 4633 1842 4672 ex
1866 4633 1945 4672 cause

1139 4685 1280 4756 emptionis
1298 4691 1325 4738 et
1341 4701 1391 4754 pro
1410 4693 1529 4756 emptore
1547 4691 1573 4738 et
1590 4701 1639 4754 pro
1657 4701 1707 4740 sno
1724 4685 1861 4806 possideo,
1885 4687 1945 4738 item

1139 4755 1240 4808 donata
1264 4753 1306 4808 vel
1326 4753 1415 4822 legata
1437 4753 1479 4808 vel
1504 4771 1554 4822 pro
1578 4753 1675 4808 donato
1698 4769 1728 4808 ue
1761 4769 1810 4822 pro
1832 4753 1945 4822 legarat

1142 4829 1152 4874 1
1190 4823 1270 4876 etiam
1287 4837 1336 4890 pro
1346 4837 1395 4876 sno
1414 4821 1547 4890 possideo.
1574 4821 1626 4876 Sed
1643 4823 1667 4876 si
1683 4837 1727 4876 res
1744 4821 1808 4874 mihi
1820 4837 1853 4876 ex
1866 4835 1945 4876 causa

1138 4891 1210 4944 iusta
1233 4895 1300 4958 puta
1324 4891 1464 4958 emptionis
1488 4889 1587 4942 tradita
1610 4889 1646 4942 sit
1667 4895 1695 4942 et
1716 4891 1891 4956 usucapiam,
1906 4891 1945 4942 in·

1140 4957 1209 5026 cipio
1223 4957 1328 5024 quidem
1343 4963 1371 5010 st
1385 4963 1446 5012 astte
1460 4957 1651 5026 usucapionem
1666 4973 1716 5024 pro
1730 4971 1788 5024 meo
1799 4957 1944 5024 possidere.

1139 5025 1188 5080 sed
1208 5039 1245 5076 an
1265 5025 1385 5080 desinam
1410 5041 1442 5080 ex
1465 5041 1548 5080 causa
1565 5025 1704 5092 emptionis
1728 5023 1945 5102 postnusncapio·

1140 5107 1208 5214 rpem,
1222 5091 1371 5146 dubitatur:
1387 5099 1413 5146 ct
1421 5093 1603 5146 Mauricianus
1616 5091 1712 5146 dicitur
1721 5091 1885 5146 existrmasse
1895 5105 1947 5146 non

1160 5175 1269 5214 emnere.

1175 5223 1194 5284 2
1212 5227 1332 5290 Psecas
1345 5227 1413 5284 libro
1423 5229 1665 5298 quinquepensc'mo
1681 5231 1778 5296 quarto
1787 5227 1826 5280 ad
1835 5227 1944 5282 edictum

1140 5295 1193 5350 Est
1208 5291 1311 5366 species
1328 5295 1514 5366 possessionis,
1533 5311 1602 5362 quae
1617 5301 1728 5350 uocatur
1744 5311 1793 5362 pro
1811 5311 1869 5348 suo.
1896 5295 1945 5348 hoc

1142 5363 1210 5416 enim
1227 5363 1306 5416 modo
1316 5363 1491 5434 ¹possidemus
1501 5365 1597 5428 omnia,
1607 5377 1684 5430 quae
1701 5363 1769 5416 mari
1784 5369 1857 5416 terra
1872 5361 1944 5416 caelo

1175 5537 1208 5598 (e)
1227 5533 1288 5586 Sat.
1297 5547 1320 5592 13
1332 5537 1381 5586 Ed.
1392 5545 1419 5594 tp
1432 5535 1497 5600 App.
1508 5545 1569 5586 3.-
1577 5535 1641 5586 Bas.
1649 5537 1690 5596 50,
1700 5545 1763 5586 8.-
1775 5535 1813 5602 Cf.
1823 5533 1881 5584 Ceri.
1889 5535 1913 5596 l,
1922 5543 1947 5584 28

1142 5605 1189 5684 (ιο)
1206 5603 1324 5654 inanit
1370 5605 1410 5666 tn)
1430 5603 1521 5654 nsusF
1573 5607 1616 5668 (tat
1635 5603 1770 5668 eleseu.
1781 5601 1820 5654 12²
1875 5603 1947 5668 (taio

1142 5669 1221 5804 mnf)
1240 5743 1287 5790 Ed.
1300 5749 1354 5796 1.s;
1374 5725 1550 5790 Sat.s...s.-
1565 5739 1628 5790 Bas.
1640 5739 1705 5804 tus
1792 5741 1836 5804 trs)
1856 5737 1893 5788 ccl
1907 5751 1950 5806 pro

1143 5805 1234 5858 donato
1244 5805 1283 5856 rel
1292 5821 1337 5872 pro
1346 5803 1428 5870 legale
1439 5809 1485 5858 del.
