4366 6258
258 383 300 432 Du
321 381 395 430 ΟἙῬ.Ι
413 379 554 428 Paucum
578 379 667 426 GAES.
691 379 761 424 CET.

290 541 345 602 21¹
361 545 478 598 Pronus
493 541 559 598 libro
577 543 619 596 sia
638 541 711 594 atari
726 537 759 592 dr
776 537 871 606 officio
886 537 1054 594 amaseorum

257 613 362 670 Praeses
380 627 439 664 curn
457 613 599 676 cognoseat
617 559 649 662 dc
666 621 741 660 servo
759 613 885 676 corrupto
901 607 944 662 rel
957 607 1054 660 anciha

259 679 412 746 devirginata
428 677 468 730 rel
485 691 559 730 servo
577 679 712 742 stuprate,
736 673 759 728 si
776 679 852 730 actor
868 691 956 728 rerum
973 689 1053 742 agen-

257 747 306 802 ιιι2
323 749 460 814 corruptus
485 757 543 796 esse
566 743 668 796 dicetur
691 741 732 794 rel
757 741 884 796 eiusmodi
905 743 999 806 homo,
1023 745 1055 794 ut

258 829 308 868 non
323 811 373 864 ad³
389 811 473 866 sclam
489 811 619 862 iacturam
641 805 768 862 adsersus
790 809 983 872 substantiam,
1006 805 1054 862 sed

258 879 291 934 ad
312 879 392 932 totius
416 877 510 928 domus
535 877 697 928 eversionem
720 875 864 944 pertineat:
891 873 1054 930 seuerissime

259 945 331 1000 dehet
347 945 559 998 animaduertere.

598 1079 693 1140 XlX⁴.

287 1181 331 1230 nn
349 1177 477 1228 ornrmo
494 1173 747 1242 Pnoconnronts
765 1175 927 1228 olnslnrs
944 1173 1013 1228 vnn

543 1241 757 1296 nnrronnnrs.

290 1341 303 1398 l
329 1339 468 1396 Unrrnnrs
482 1341 551 1396 libro
568 1345 647 1396 bercto
665 1341 766 1396 cincimo
784 1341 822 1396 ad
837 1341 951 1396 edr’ctam
977 1341 1053 1408 Quae

257 1415 312 1466 acta
328 1415 450 1530 gestarpue
468 1413 529 1462 sunt
546 1423 562 1462 a
579 1415 753 1480 procuratore
770 1407 898 1474 Caesaris,
917 1409 955 1464 sic
971 1411 1005 1462 ab
1021 1423 1052 1464 co

259 1483 270 1530 1
303 1493 404 1544 compro
425 1481 510 1540 annu,
528 1481 607 1544 atque
622 1477 645 1530 si
662 1493 678 1530 a
693 1477 807 1530 Caesare
820 1481 895 1546 gesta
908 1477 996 1532 souti.
1025 1477 1053 1530 Si

256 1561 307 1600 rem
329 1543 446 1598 Caesaris
470 1549 628 1612 procurator
653 1543 709 1598 eius
736 1543 813 1612 quasi
836 1561 893 1598 rem
917 1543 1053 1612 propriam

255 1609 351 1674 hadat,
376 1625 429 1664 non
454 1615 519 1678 puto
546 1625 605 1664 cum
632 1609 777 1666 dominium
801 1609 959 1666 transferre:
986 1615 1052 1664 tuno

255 1679 320 1732 enim
341 1675 478 1742 transfert,
503 1693 563 1732 cum
585 1679 720 1744 negotium
737 1677 859 1732 Caesaris
875 1687 969 1746 gerens
987 1693 1052 1732 cou-

255 1759 329 1800 sensu
344 1745 425 1812 ipsius
441 1745 531 1798 tradit.
567 1745 679 1812 denique
696 1745 719 1798 si
735 1745 892 1798 venditionis
909 1744 951 1799 rel
968 1745 1052 1798 dona-

254 1813 328 1866 tionis
344 1811 384 1864 uel
399 1811 586 1864 transactionis
605 1827 688 1864 causa
705 1811 769 1878 quid
792 1815 867 1878 agat,
891 1811 957 1864 nihil
980 1811 1050 1878 agit:

254 1893 304 1932 uon
326 1879 392 1930 enim
413 1879 529 1932 alienare
553 1879 577 1932 ei
599 1893 655 1932 rem
678 1877 814 1942 sanaris,
841 1877 889 1932 scd
914 1877 1053 1946 diligenter

255 1949 269 1998 l
300 1959 388 2014 gerere
404 1945 573 2000 commissum
595 1949 643 2000 cst.
679 1945 731 1998 llst
753 1945 805 1998 hoo
827 1945 1002 2014 praecipuum
1024 1945 1053 1998 iu

253 2017 417 2082 procuratore
435 2011 564 2078 Caesaris,
581 2011 653 2080 quod
670 2011 769 2068 eteius
786 2011 861 2066 iussu
878 2027 970 2066 servus
985 2011 1052 2066 an-

254 2079 315 2134 saris
332 2079 402 2134 adire
417 2079 588 2134 hereditatem
604 2085 695 2148 potest
711 2083 746 2144 et,
764 2079 787 2134 si
805 2077 904 2134 Caesar
920 2079 997 2134 heres
1010 2079 1052 2134 in·

254 2147 514 2212 stituatur,rnisccnde
533 2161 561 2200 se
579 2149 720 2216 opulentae
737 2145 877 2200 hereditati
893 2151 1054 2216 procurator

254 2213 368 2276 heredem
386 2215 524 2268 Gaesarem
540 2213 615 2268 iacit,

250 2299 252 2302 ·
284 2277 433 2336 2Prunrs
448 2281 515 2336 libro
533 2283 626 2350 quinto
643 2281 834 2336 sententiarum
869 2281 947 2348 Quod
973 2281 996 2334 si
1021 2295 1053 2336 aa

254 2349 330 2412 bona,
348 2363 380 2402 ex
397 2349 491 2416 quibus
508 2347 652 2416 imperator
668 2347 746 2402 heres
762 2347 901 2400 institutus
920 2353 974 2412 est,
998 2349 1052 2402 sol-

253 2413 330 2468 vendo
355 2431 408 2468 non
431 2415 496 2480 sint,
520 2431 550 2470 re
572 2419 714 2482 perspecta
731 2415 878 2468 consulitur
893 2415 1051 2484 imperator:

253 2479 348 2534 heredis
374 2481 442 2534 enim
466 2483 580 2536 instituti
605 2483 633 2536 in
659 2481 787 2536 adeundis
814 2483 858 2536 vel
881 2481 1053 2550 repudiandis

253 2547 394 2602 huiusmodi
410 2549 599 2602 hereditatibus
616 2549 740 2604 noluntas
758 2549 921 2616 exploranda
937 2553 987 2602 est.

284 2611 300 2672 3
318 2613 525 2670 Caunrsraerrs
532 2615 599 2670 libro
608 2621 686 2670 sento
696 2615 729 2670 de
738 2633 768 2670 co
788 2617 933 2670 ditionibus
968 2615 1052 2668 Oura-

252 2683 336 2736 toresl
351 2679 469 2736 Caesaris
478 2683 519 2736 ius
529 2683 687 2752 deportandi
701 2699 756 2738 non
768 2633 877 2748 debent,
894 2683 957 2752 quia
972 2683 1052 2738 huius

254 2755 265 2802 1
298 2763 396 2818 poenae
419 2749 620 2804 constituendae
636 2749 677 2804 ius
695 2767 750 2804 non
765 2749 875 2804 habent.
911 2749 939 2806 si
962 2755 1053 2804 tamen

254 2815 322 2938 prasi
338 2817 527 2870 tumultuosum
549 2817 591 2870 rel
612 2815 768 2872 iniuriosum
791 2817 918 2876 adversus
942 2819 1052 2872 colonos

248 2915 249 2920 κ
273 2883 365 2938 aesaris
391 2885 573 2950 prohibuerint
597 2883 626 2936 in
653 2885 763 2952 praedia
789 2883 949 2938 Caesariana
975 2899 1051 2938 acce-

254 2951 315 3016 dere,
333 2949 464 3004 abstinere
482 2951 586 3004 debebit
602 2949 683 3018 idque
701 2953 775 3006 divus
792 2953 858 3006 Pius
872 2951 939 3004 lulio
956 2953 1052 3006 reseri-

254 3021 267 3072 i
297 3019 354 3086 psit.
379 3017 483 3072 Deinde
497 3033 582 3088 neque
596 3019 682 3072 redire
698 3019 820 3088 cuiquam
828 3019 981 3088 permittere
989 3033 1052 3098 pos-

254 3091 309 3140 sunt
332 3085 358 3138 id
376 3101 408 3138 ue
430 3085 602 3154 imperatores
621 3085 705 3140 nostri
722 3085 834 3140 Severus
854 3091 880 3140 et
896 3087 1051 3140 Autumnus

255 3151 287 3208 ad
301 3101 413 3208 hbelduru
429 3151 552 3208 Hermiae
569 3153 770 3222 rescripserunt.

603 3289 684 3350 XXt

461 3391 507 3438 nn
526 3383 659 3438 corioro
677 3379 830 3436 thamim.

285 3487 298 3542 l
323 3485 462 3540 deprime
492 3487 560 3538 libro
585 3485 728 3538 uicensimo
754 3489 833 3538 rento
858 3483 896 3536 ad
920 3481 1052 3538 Sabinam

252 3553 379 3634 Adoptare
395 3553 452 3632 quis
470 3551 543 3622 apud
558 3551 700 3606 iuridicum
715 3555 819 3618 potest,
843 3549 906 3618 quia
929 3549 1053 3604 dataest

253 3621 479 3742 eldegllrsrndfniddro
503 3687 658 3756 iriqeusr'mo
676 3701 747 3740 nouo
766 3685 803 3738 od
818 3683 948 3740 Sabinum
983 3685 1051 3738 Iuri-

253 3755 319 3820 dioo,
342 3755 386 3822 qui
410 3753 587 3808 Alexandriae
610 3751 678 3820 agit,
704 3751 776 3806 datio
800 3751 895 3808 tutoris
921 3753 1050 3808 constitu-

251 3823 317 3876 ticue
333 3823 383 3876 diri
398 3821 484 3876 Marci
502 3835 631 3874 concessa
648 3823 696 3874 est.

599 3957 696 4018 XXP.

250 4045 251 4050 ¹
328 4059 371 4108 DE
389 4057 521 4108 OFFIGIO
539 4057 628 4116 mus,
647 4057 704 4108 CUI
721 4057 885 4106 MANDATA
901 4053 966 4108 EST

533 4123 749 4176 IURISDIOTIO.

284 4221 569 4278 iPlrrrrranusiibro
597 4225 666 4278 mmo
680 4225 867 4294 quaestionum
901 4221 1050 4288 Quaecum-

251 4305 297 4358 que
313 4291 457 4358 speeialiter
473 4291 531 4358 lege
546 4237 596 4344 redJ
606 4297 715 4346 senatus
739 4291 860 4346 consulto
886 4290 927 4343 vel
949 4291 1050 4342 consti·

249 4357 345 4410 tutione
360 4357 510 4426 principum
526 4356 695 4424 tribuuntur,
718 4357 845 4412 mandata
867 4355 1050 4412 imdsdicticne

249 4439 300 4478 non
314 4423 522 4478 mansferuntur:
548 4439 617 4492 quae
632 4441 695 4480 nero
712 4425 960 4492 iuremagistratus
978 4439 1050 4478 corn·

250 4495 350 4558 petunt,
374 4491 495 4544 mandari
520 4495 641 4558 possunt.
674 4497 701 4546 et
725 4493 786 4546 ideo
812 4493 935 4546 ridentur
962 4507 1052 4546 errare

250 4557 423 4626 magistratus,
442 4559 495 4626 qui,
515 4573 575 4612 cum
591 4561 692 4628 publici
707 4561 799 4614 iudicii
813 4559 932 4612 habeant
948 4559 1049 4612 exerci-

249 4625 341 4678 tionem
357 4625 411 4692 lcge
434 4627 474 4678 vel
497 4631 606 4680 senatus
633 4627 755 4682 consulto
782 4627 945 4696 delegatam,
969 4625 1051 4680 ueluti

250 4691 308 4758 legis
329 4693 409 4744 hiliae
434 4693 465 4744 de
489 4693 624 4746 adulteriis
643 4699 669 4748 et
687 4693 710 4748 si
728 4709 796 4762 quae
812 4699 877 4748 sunt
893 4693 962 4748 aliae
979 4693 1051 4758 simi-

249 4757 292 4822 les,
308 4759 510 4814 iurisdictionem
527 4773 603 4814 suam
620 4759 757 4816 mandant.
782 4761 863 4816 huius
880 4761 920 4816 rei
935 4759 1051 4816 fortissi-

249 4841 315 4878 mum
332 4833 528 4894 argumentum,
554 4825 625 4894 quod
642 4827 700 4894 lege
716 4827 785 4880 Iulia
803 4827 834 4882 de
851 4829 878 4882 'vi
892 4827 1052 4882 'nominatim

249 4897 363 4958 cavetur,
387 4899 417 4946 ut
433 4895 464 4960 is,
483 4895 526 4948 cui
544 4893 668 4964 optigerit
686 4893 825 4960 exercitio,
848 4895 935 4962 possit
952 4909 1011 4948 eam
1028 4895 1052 4948 si

249 4959 425 5026 proficiscatur
450 4961 591 5014 mandare:
624 4975 680 5014 nou
705 4961 782 5014 aliter
807 4961 899 5028 itaque
923 4963 1052 5016 mandare

248 5027 347 5092 poterit,
365 5029 483 5096 quamsi
501 5029 599 5082 abesse
613 5029 738 5098 coeperit,
756 5039 817 5082 cum
827 5029 894 5082 alias
902 5029 1050 5092 iurisdictio

249 5093 322 5146 etiam
333 5109 349 5148 a
362 5101 503 5162 praesente
516 5095 664 5150 mandetur.
692 5101 719 5148 et
736 5093 759 5150 si
775 5111 793 5148 a
809 5095 912 5150 familia
929 5095 1052 5150 dominus

248 5161 345 5216 occisus
363 5171 420 5216 osse
438 5161 554 5230 dicetur,
578 5161 756 5232 coguitionem
773 5167 896 5230 praetor,
920 5175 1001 5230 quam
1018 5179 1052 5218 ex

251 5311 276 5393 (t)
295 5327 546 5398 dabttroniuapr'tF
599 5333 631 5398 (2)
650 5331 815 5382 absentisscr.
876 5333 907 5394 (3)
926 5329 1050 5384 adsecun-

250 5399 300 5448 dum
308 5399 447 5458 B,oru.FS

280 5467 309 5528 tt)
318 5467 366 5518 Ed.
377 5477 393 5516 t.
402 5475 429 5526 t;
440 5467 530 5532 Pap-a.
538 5495 573 5506 -·
581 5463 646 5518 Bas.
656 5471 680 5530 6,
688 5477 714 5520 ab
784 5467 815 5526 (u)
827 5465 849 5512 si
858 5461 928 5526 abeo
937 5463 1051 5530 compro-

248 5529 342 5596 bantur,
352 5537 425 5596 atque
433 5533 456 5602 si
466 5533 594 5584 aans'are
601 5531 916 5598 gestaessentitasudtscr
948 5533 984 5596 (t)
993 5537 1053 5596 pro·

249 5607 436 5664 cucumerem
447 5595 617 5654 inadulata
626 5603 653 5654 Β
729 5611 731 5614 ’

1065 349 1102 424 u
1239 313 1241 316 ⁵
1748 351 1910 422 irs-aa

1106 545 1117 592 1
1154 547 1263 596 senatus
1282 541 1402 596 consulto
1417 539 1506 604 habet,
1523 535 1649 592 mandare
1661 535 1831 616 nonpoterit.
1859 539 1910 604 Qui

1104 607 1255 662 mandatam
1269 609 1476 664 iurisdictionem
1491 605 1614 674 suscepit,
1632 619 1680 672 pro
1700 619 1768 658 num
1782 603 1847 658 nihil
1860 605 1908 658 ha·

1103 675 1162 740 het,
1192 675 1257 730 sed⁹
1282 677 1338 732 eins
1371 677 1415 746 qui
1446 673 1581 730 mandarit
1609 671 1674 750 iuris
1694 671 1789 726 'ctione
1815 673 1908 730 utitur.

1103 745 1190 798 verius
1209 747 1250 796 est
1267 745 1335 796 enim
1352 759 1425 798 more
1442 745 1570 798 maiorum
1583 739 1790 794 iurisdictionem
1805 739 1909 808 quidem

1103 809 1249 874 transferri,
1268 811 1315 864 sed
1331 827 1432 866 merum
1448 811 1584 880 imperium
1601 807 1673 878 quod
1688 807 1746 876 lege
1763 807 1841 862 datur
1854 823 1908 862 uon

1123 891 1182 930 osse
1207 877 1333 930 transire:
1377 895 1443 932 nare
1467 895 1544 934 nemo
1569 877 1633 932 dicit
1658 875 1909 930 animadversionem

1103 895 1219 1012 fugatum
1243 895 1409 1012 proconsffiis
1435 947 1533 1000 habere
1563 943 1690 1000 mandata
1718 943 1907 996 iurisdictione.

1103 1009 1222 1066 Partus
1236 1013 1326 1064 norat:
1350 1015 1377 1064 et
1392 1011 1428 1064 im
1448 1015 1545 1078 ertum,
1572 1011 1643 1082 quod
1664 1009 1840 1066 iurisdictioni
1862 1025 1908 1064 cc-

1103 1079 1203 1142 haeret,
1220 1075 1347 1132 mandata
1363 1077 1428 1132 iuris
1448 1079 1542 1134 'ctione
1558 1081 1672 1134 hansire
1688 1077 1776 1136 verius
1794 1081 1842 1132 est.

1138 1141 1158 1200 2
1180 1143 1326 1200 durannus
1340 1143 1408 1198 libro
1432 1147 1509 1198 tertio
1532 1147 1566 1200 de
1588 1149 1709 1204 omuibus
1731 1145 1908 1200 tribunalibus

1103 1213 1233 1266 Mandata
1255 1209 1436 1266 iurisdictione
1452 1213 1606 1288 anpraeside
1624 1213 1761 1268 consilium
1778 1229 1832 1266 uon
1848 1215 1908 1282 pot-

1106 1283 1117 1330 1
1154 1283 1194 1332 est
1220 1293 1341 1332 exercere
1368 1277 1406 1342 is,
1437 1291 1480 1330 cur
1502 1279 1651 1336 mandatur.
1687 1281 1714 1336 si
1739 1285 1841 1336 tutores
1859 1279 1909 1334 ,vel

1104 1349 1241 1416 curatores
1258 1345 1338 1400 rchnt
1361 1343 1470 1412 praedia
1493 1345 1620 1410 vendere,
1646 1363 1728 1404 causa
1755 1349 1860 1418 cognita
1881 1345 1910 1402 id

1103 1417 1210 1492 praetor
1235 1413 1278 1466 rel
1302 1423 1409 1480 praeses
1431 1411 1581 1480 permittat:
1608 1415 1723 1480 quodsi
1745 1413 1910 1470 mandaverit

1101 1477 1910 1548 mrisdictionem,nequaquampoteritmandataiurisdictione

1103 1561 1161 1600 eam
1196 1547 1361 1600 uaesticnem
1377 1545 1530 1598 transferre.

1136 1609 1155 1670 3
1173 1561 1318 1666 docrinas
1333 1613 1400 1690 libro
1418 1615 1512 1690 qutatp
1529 1613 1692 1690 digressurum
1726 1615 1764 1668 Et
1786 1617 1809 1670 si
1831 1629 1908 1684 prae-

1101 1685 1145 1734 tor
1162 1679 1244 1744 sitis,
1263 1681 1308 1750 qui
1325 1679 1437 1732 ahenam
1453 1679 1662 1732 iurisdietionem
1680 1681 1838 1750 exsequitur,
1856 1699 1910 1738 nou

1102 1753 1191 1800 tamen
1208 1763 1257 1814 pro
1275 1761 1324 1800 suo
1341 1747 1450 1814 imperio
1469 1747 1536 1814 agit,
1562 1747 1608 1800 sed
1624 1759 1673 1812 pro
1692 1761 1722 1800 eo
1742 1749 1818 1804 cuius
1835 1765 1909 1802 mau-

1103 1813 1167 1868 datu
1184 1813 1226 1868 ius
1244 1813 1316 1878 dicit,
1335 1813 1455 1882 quotiens
1472 1813 1593 1882 partibus
1611 1813 1666 1866 eius
1683 1813 1809 1882 fungdur.

1136 1879 1155 1936 4
1174 1879 1281 1934 Marna
1298 1879 1365 1936 libro
1378 1881 1471 1950 primo
1489 1879 1522 1934 dc
1539 1879 1632 1948 officio
1645 1881 1784 1948 praesidis
1816 1879 1910 1950 cognt-

1101 1949 1138 2002 tio
1157 1947 1190 2002 de
1208 1947 1338 2016 suspectis
1355 1947 1488 2002 tutoribus
1506 1945 1627 2002 mandari
1643 1951 1739 2014 potest.
1773 1949 1852 2002 immo
1871 1951 1911 2002 et-

1101 2017 1155 2070 iam
1178 2027 1212 2068 en
1234 2015 1361 2068 mandata
1383 2015 1499 2084 generali
1514 2013 1696 2068 iurisdictione
1712 2021 1821 2094 propter
1838 2015 1910 2068 utili-

1102 2089 1184 2138 tatem
1206 2081 1368 2152 pcpillcrum
1391 2097 1449 2136 eam
1467 2083 1617 2152 contingere
1635 2087 1809 2136 coustrtutnm
1826 2083 1911 2138 estin

1103 2151 1169 2204 haec
1186 2151 1281 2204 rerba:
1298 2145 1485 2218 ‘Imperatores
1502 2149 1614 2204 Severus
1631 2151 1658 2202 et
1674 2149 1826 2202 Antoninus
1843 2149 1910 2202 Bra·

1101 2215 1179 2272 ‘duae
1196 2217 1351 2284 proconsuli
1367 2215 1483 2272 Africae.
1517 2215 1584 2270 llum
1599 2215 1734 2284 propriam
1751 2215 1910 2268 iurisdictio-

1101 2281 1171 2338 ‘nem
1187 2283 1280 2352 legatis
1297 2285 1350 2338 tuis
1366 2283 1476 2350 dederis,
1496 2297 1659 2352 consequens
1673 2289 1722 2348 est,
1739 2287 1770 2336 ut
1785 2281 1864 2336 etiam
1878 2281 1911 2336 de

1104 2355 1116 2404 1
1151 2347 1293 2418 ‘suspectis
1309 2353 1443 2406 tutoribus
1460 2351 1564 2420 possint
1581 2343 1756 2430 cognoscere?
1790 2349 1826 2404 lit
1847 2361 1911 2416 pos·

1103 2419 1185 2472 sessio
1210 2419 1341 2472 bonorum
1365 2419 1455 2482 dcun,
1479 2419 1520 2472 uel
1543 2419 1566 2470 si
1583 2435 1626 2472 cur
1643 2417 1733 2470 damni
1748 2413 1840 2470 infecti
1856 2431 1911 2470 uon

1104 2491 1231 2548 caveatur,
1245 2491 1277 2538 ut
1293 2485 1317 2540 is
1334 2483 1472 2554 possidere
1488 2485 1620 2552 iubeatur,
1640 2491 1687 2538 aut
1697 2481 1912 2538 ventrisnomine

1102 2553 1131 2606 iu
1147 2553 1343 2620 possessionem
1359 2553 1466 2618 mulier,
1490 2551 1532 2606 rel
1548 2551 1572 2606 is
1590 2553 1633 2608 cui
1649 2553 1765 2620 legatum
1783 2557 1823 2604 est
1839 2551 1911 2624 lega-

1102 2623 1191 2674 torum
1215 2621 1404 2678 servandorum
1427 2635 1509 2674 causa
1525 2619 1554 2672 in
1570 2621 1765 2688 possessionem
1781 2617 1911 2684 mittatur,

1103 2685 1224 2740 mandari
1241 2695 1338 2756 potest.
1637 2729 1638 2732 ι
1671 2715 1672 2718 ¹
1855 2749 1856 2752 Ἴ

1137 2753 1156 2812 5
1175 2755 1293 2812 Pnoars
1308 2755 1377 2810 libro
1394 2759 1486 2808 octavo
1502 2755 1603 2808 decimo
1618 2753 1656 2808 nd
1669 2751 1808 2808 Plautium
1832 2753 1911 2806 Man-

1103 2821 1223 2878 datam¹⁰
1240 2821 1291 2876 sibi
1307 2821 1515 2878 iurisdictionem
1531 2819 1657 2876 mandare
1675 2821 1752 2874 alteri
1765 2837 1821 2874 non
1833 2835 1912 2900 posse

1105 2895 1116 2942 1
1153 2889 1323 2944 manifestum
1350 2895 1398 2944 est.
1440 2889 1571 2958 Mandata
1595 2887 1776 2944 iurisdictione
1808 2893 1911 2956 privato

1103 2957 1182 3010 etiam
1205 2957 1344 3026 imperium
1366 2957 1437 3026 quod
1459 2971 1514 3010 non
1538 2961 1578 3010 est
1599 2971 1701 3010 merum
1716 2955 1820 3010 ridetur
1836 2967 1911 3008 man·

1103 3025 1168 3088 dari,
1183 3025 1245 3092 quia
1259 3025 1404 3078 iurisdictio
1421 3025 1478 3078 sine
1491 3023 1596 3078 modica
1610 3023 1770 3078 coercitione
1778 3021 1852 3076 nulla
1862 3027 1910 3078 est.

1445 3159 1566 3222 XXll¹¹.

1283 3259 1330 3308 DE
1349 3259 1481 3310 OFFIGIO
1499 3259 1728 3312 Ansussottom.
1786 3287 1787 3290 =

1139 3343 1152 3398 1
1173 3343 1293 3398 Partus
1313 3341 1382 3396 libro
1405 3341 1542 3412 siapuiura'
1562 3343 1596 3396 da
1618 3343 1712 3412 officio
1744 3343 1913 3402 aduersorum

1103 3411 1185 3466 Omne
1204 3409 1322 3464 officium
1340 3409 1494 3474 adsessoris,
1513 3425 1566 3478 quo
1582 3409 1647 3464 iuris
1664 3411 1779 3466 studiosi
1791 3411 1913 3480 partibus

1103 3479 1157 3532 suis
1175 3477 1337 3544 funguutur,
1354 3477 1383 3530 in
1399 3477 1442 3532 his
1458 3477 1515 3532 iere
1532 3477 1620 3532 causis
1638 3483 1757 3532 constat:
1776 3479 1805 3532 in
1823 3479 1911 3546 cogni·

1101 3545 1218 3664 tiplrlrlibus
1241 3543 1467 3614 postulationibus
1489 3545 1585 3598 libellis
1610 3543 1702 3600 edictis
1726 3547 1839 3602 decretis
1857 3545 1910 3614 cpi-

1102 3618 1127 3666 st
1157 3613 1186 3666 's
1822 3627 1823 3630 ’

1136 3675 1155 3736 2
1173 3677 1350 3734 Maarsares
1364 3679 1432 3734 libro
1445 3679 1537 3748 primo
1555 3679 1589 3734 dc
1605 3679 1711 3736 iudiciis
1723 3681 1842 3752 publicis
1866 3679 1912 3734 Li-

1102 3747 1171 3802 berti
1188 3745 1310 3802 adsidere
1326 3751 1446 3814 possunt.
1471 3745 1582 3802 infames
1599 3753 1688 3802 autem
1704 3747 1767 3802 licet
1784 3765 1839 3804 non
1850 3763 1912 3818 pro-

1102 3815 1245 3868 hibeantur
1262 3815 1364 3882 legibus
1382 3813 1517 3880 adsidere,
1535 3821 1653 3870 attamen
1670 3817 1800 3882 arbitror,
1817 3823 1847 3870 ut
1864 3817 1911 3868 ali-

1103 3895 1155 3950 quo
1174 3897 1281 3952 quoque
1304 3883 1411 3936 decreto
1430 3881 1569 3952 principali
1592 3883 1707 3938 refertur
1730 3885 1912 3948 coustitutum,

1103 3967 1157 4004 non
1193 3965 1254 4004 osse
1271 3949 1360 4004 officio
1379 3949 1526 4006 adsessoris
1542 3951 1623 4018 fuum.

1136 4013 1158 4074 3*
1205 4033 1281 4072 nona
1299 4017 1366 4072 libro
1379 4019 1473 4088 primo
1490 4017 1524 4072 dc
1541 4019 1634 4088 officio
1647 4019 1788 4090 praesidis
1821 4019 1851 4072 Si
1868 4033 1912 4072 ea·

1103 4085 1162 4138 dem
1178 4087 1316 4166 provincia
1358 4091 1433 4140 ostea
1457 4085 1540 4140 divisa
1557 4087 1606 4138 sub
1625 4085 1728 4140 duobus
1746 4085 1913 4152 praesidibus

1103 4159 1248 4208 constituta
1256 4157 1305 4218 est,
1315 4103 1387 4208 redut
1396 4151 1547 4218 Germania,
1556 4153 1650 4222 Mysia,
1667 4169 1700 4206 ex
1708 4153 1793 4206 altera
1802 4153 1914 4208 ortusin

1103 4221 1186 4274 altera
1201 4219 1334 4276 adsidehit
1346 4231 1397 4276 uec
1410 4219 1515 4276 videtur
1526 4219 1554 4274 in
1564 4237 1613 4276 sua
1622 4219 1758 4288 prouincia
1767 4219 1913 4274 adsedisse.

1136 4285 1186 4344 4¹2
1203 4289 1389 4342 Plautinus
1409 4287 1478 4342 libro
1492 4293 1594 4358 'quarto
1610 4301 1802 4360 respomorum
1835 4285 1913 4340 Diem

1101 4357 1194 4412 iuncto
1219 4357 1308 4426 legato
1328 4355 1457 4422 ⁸Caesaris
1490 4357 1617 4408 salarium
1643 4355 1782 4408 comitibus
1814 4351 1914 4408 residui

1102 4429 1155 4476 tem
1175 4423 1242 4488 otis,
1262 4423 1334 4492 quod
1346 4433 1368 4476 la
1384 4423 1477 4490 legatis
1499 4423 1689 4490 praestitutum
1711 4425 1766 4484 est,
1793 4419 1913 4486 debetur,

1102 4507 1180 4546 mou
1206 4491 1229 4546 si
1250 4503 1305 4544 noh
1329 4495 1425 4560 postea
1448 4491 1557 4544 comites
1583 4505 1642 4542 cum
1659 4489 1718 4542 aliis
1736 4487 1829 4540 eodem
1845 4493 1913 4542 tem-

1102 4571 1167 4626 pore
1183 4557 1301 4612 fuerunt.
1336 4559 1470 4612 ¹diversum
1486 4557 1514 4636 in
1532 4571 1563 4610 eo
1581 4561 1716 4620 servatur,
1741 4555 1786 4624 qui
1803 4571 1913 4610 succes-

1102 4641 1189 4682 sorem
1207 4629 1270 4680 ante
1286 4629 1340 4680 tem
1359 4639 1392 4678 us
1408 4627 1518 4692 accepit

1136 4693 1154 4750 5
1173 4693 1293 4746 Pronus
1313 4643 1381 4746 udo
1399 4693 1491 4760 prrbro
1515 4689 1707 4768 sententiarum
1740 4689 1915 4746 Consiliori¹³

1103 4777 1132 4814 eo
1160 4765 1280 4828 tempore
1305 4775 1358 4828 quo
1384 4757 1488 4812 adsidet
1511 4761 1619 4824 neptia
1642 4763 1758 4814 tractare
1783 4759 1914 4814 insnum

1103 4827 1209 4896 quidem
1234 4825 1395 4880 auditorium
1418 4825 1490 4878 nullo
1517 4825 1595 4878 modo
1622 4839 1777 4880 concessum
1804 4831 1857 4892 est,
1883 4827 1914 4880 in

1103 4895 1218 4948 ahenum
1235 4897 1326 4946 autem
1341 4909 1396 4946 nou
1412 4891 1578 4960 prohibetur.
1753 4909 1754 4912 ¹

1097 5019 1099 5022 ,
1136 4957 1155 5018 6
1173 4961 1359 5014 Parrus-snus
1379 4961 1447 5014 libro
1459 4961 1552 5030 primo
1569 4977 1759 5032 responsorum
1791 4963 1825 5016 In
1846 4977 1913 5016 oon·

1103 5029 1190 5082 silium
1217 5029 1349 5082 curatoris
1372 5029 1411 5080 rei
1436 5027 1560 5098 publicae
1584 5031 1624 5086 uir
1650 5029 1766 5084 eiusdem
1792 5027 1915 5084 ¹ciuitatis

1102 5095 1227 5218 prdlsslitdgre
1243 5111 1298 5150 non
1321 5095 1491 5164 prehibetur,
1518 5097 1581 5166 quia
1603 5099 1710 5168 publico
1737 5097 1833 5152 salario
1857 5111 1914 5150 uon

1136 5335 1169 5396 (r)
1181 5333 1359 5386 Sat--Bas
1370 5337 1393 5396 t,
1402 5335 1553 5404 anu-Cf.
1567 5337 1624 5386 dod.
1637 5341 1659 5396 1,
1667 5347 1692 5388 ar
1907 5379 1908 5382 ,

1136 5399 1170 5464 (a)
1181 5401 1242 5464 Pap.
1254 5413 1274 5460 1;
1283 5401 1344 5452 Sat.
1352 5413 1372 5454 a.
1382 5403 1495 5464 aulici.
1506 5401 1633 5456 a—Bac.
1643 5407 1666 5464 6,
1675 5413 1709 5464 ιι,
1718 5413 1772 5452 aas
1836 5401 1870 5464 (e)
1889 5401 1919 5448 et

1103 5467 1182 5516 tnal'
1235 5467 1281 5530 (10)
1298 5469 1484 5520 mandatarium
1493 5471 1690 5520 mandatamscr.

1139 5533 1917 5606 tu)Sab;a.sw;Pap.r.r...s.*Bcs.b,nr,t..;1a.—odoarium

1106 5601 1149 5662 (12)
1169 5601 1533 5668 cirarUtpscncsll.ls,a,·ts‚1o
1566 5605 1611 5668 ‘tuat
1631 5599 1776 5654 aestuario
1783 5601 1896 5650 Brraca.

1694 5815 1709 5862 3
