4366 6258
262 373 403 424 recurro
928 359 929 362 ’
1062 349 1119 420 tet
1815 355 1875 420 XV
1900 361 1912 416 1

1197 447 1239 456 —.

262 537 331 596 neri:
356 553 418 592 nam
437 547 463 594 et
480 537 503 594 si
520 537 582 606 quid
600 539 669 594 serui
685 537 790 592 nomine
806 553 861 592 non
878 539 1065 594 condemnatus
1116 541 1194 592 uter⁴
1212 539 1379 604 convenitur,
1396 541 1455 608 pari
1472 541 1574 596 ratione
1591 537 1719 596 deducere
1736 551 1797 590 eum
1813 541 1917 606 oportet

262 607 438 678 praestitisset
455 607 586 672 creditori,
605 607 683 660 etiam
700 607 752 660 hoc
770 607 918 662 deduceret.
1116 605 1188 676 qnod
1206 605 1282 660 alteri
1299 605 1423 660 debetur:
1442 625 1509 676 quae
1526 607 1655 664 sentemia
1670 609 1778 675 recepta
1795 611 1848 660 ost:

299 673 336 730 to
358 673 450 730 erius
470 675 537 730 libro
560 691 632 728 trono
654 673 692 728 ad
707 673 821 730 edictum
834 673 1003 744 provinciale
1037 673 1065 728 Si
1151 669 1189 728 12
1206 673 1755 748 lonrnuuslthroduodecimodtpoctorom
1789 673 1916 742 quiahoc

263 757 324 796 uero
349 741 438 796 adhuc
455 743 483 794 in
499 757 628 808 suspenso
647 747 687 796 est
701 741 777 810 prius
793 741 919 796 iudicium
936 743 969 796 de
984 757 1065 810 pecu·
1116 755 1181 794 casu
1198 741 1277 794 eham
1294 755 1354 794 cum
1372 757 1402 796 eo
1420 741 1463 808 agi
1479 751 1575 810 potest,
1591 761 1672 814 penes
1689 757 1767 814 quem
1784 739 1917 808 peculium

261 811 297 866 lio
324 815 351 862 et
373 823 406 862 ex
431 811 578 876 posteriore
601 809 699 864 iudicio
719 825 768 864 res
791 809 966 874 indicaretis,
992 811 1065 862 nudo
1115 823 1170 862 non
1187 813 1235 862 est.

262 877 339 930 modo
365 877 443 930 debet
465 877 560 944 prioris
577 875 666 932 iudicii
683 877 751 932 ratio
768 877 861 932 heberi
876 877 905 930 in
920 877 1066 946 posteriore
1152 871 1189 932 13
1218 875 1362 930 liberares
1389 875 1456 930 lihro
1482 877 1621 932 ct'oensimo
1645 895 1716 934 nono
1742 877 1779 932 od
1802 875 1916 930 edicturm

263 943 496 1008 condemnatione,
516 943 579 1014 quia
594 945 623 998 in
640 947 744 1000 actione
761 945 793 1000 de
809 943 912 1012 peculio
931 959 1064 1012 occupan·
1116 943 1170 998 Sed
1185 943 1213 996 in
1231 949 1347 1012 emptore
1365 949 1392 998 et
1409 941 1544 996 venditore
1565 961 1628 1000 vera
1648 963 1704 1000 non
1727 949 1779 1012 est,
1802 945 1865 998 item
1887 943 1916 996 in

262 1013 297 1066 tis
314 1013 405 1066 melior
422 1017 464 1066 est
481 1011 615 1078 condicio,
639 1027 772 1082 occupare
788 1017 876 1066 autem
892 1009 995 1066 videtur
1010 1027 1065 1066 non
1115 1009 1262 1066 fructuario
1286 1017 1312 1066 et
1334 1009 1507 1080 proprietario
1531 1015 1557 1064 et
1582 1015 1675 1068 ceteris
1698 1015 1760 1084 qui⁵
1779 1029 1832 1070 non
1855 1017 1917 1066 suut

263 1081 309 1150 qui
325 1081 397 1148 prior
414 1079 487 1134 litem
504 1085 666 1134 contestatus
685 1087 732 1146 est,
752 1081 798 1136 sed
812 1079 857 1148 qui
869 1079 943 1148 prior
957 1081 993 1134 ad
1004 1093 1064 1134 sen·
1116 1081 1196 1144 socii,
1220 1079 1291 1132 etin
1309 1079 1413 1134 domino
1433 1085 1459 1132 et
1475 1077 1562 1132 bonae
1578 1079 1641 1132 fidei
1658 1089 1789 1150 emptore:
1812 1097 1873 1138 uam
1891 1085 1917 1132 et

262 1147 372 1204 tentiam
389 1147 483 1202 iudicis
502 1147 628 1216 peruenit.
1115 1147 1233 1202 Iulianus
1255 1147 1323 1202 libro
1342 1147 1497 1202 duodecimo
1514 1145 1605 1200 scribit
1622 1153 1743 1204 neutrum
1760 1151 1855 1206 horum
1871 1147 1916 1204 de-

297 1213 333 1272 11
359 1215 505 1270 Uarinius
518 1213 589 1270 libro
605 1217 746 1270 viconario
763 1231 834 1270 nono
848 1213 885 1270 od
896 1213 1010 1270 edictum
1037 1213 1065 1270 Si
1117 1213 1213 1268 ducere
1229 1213 1257 1270 id
1274 1215 1346 1286 quod
1361 1215 1440 1270 alteri
1457 1213 1574 1270 debetur.

262 1285 351 1340 noxali
368 1283 465 1338 iudicio
484 1291 628 1338 conuentus
646 1283 766 1338 dominus
782 1281 835 1336 litis
857 1283 1065 1336 aestimationem
1152 1279 1191 1339 14
1215 1281 1359 1338 lucrinus
1382 1283 1449 1338 libro
1474 1281 1629 1338 duodecimo
1655 1281 1818 1352 digestorum
1850 1285 1918 1340 Item

262 1351 396 1416 obtulerit,
414 1351 447 1404 de
464 1349 567 1420 pecuho
584 1351 765 1406 deducendum
782 1357 836 1404 est:
855 1351 927 1420 quod
944 1351 1065 1406 sinoxae
1116 1365 1176 1404 cum
1193 1355 1350 1406 testamento
1367 1351 1502 1420 praesenti
1515 1351 1557 1404 die
1571 1363 1662 1404 seruus
1676 1351 1743 1404 liber
1757 1367 1814 1408 esse
1828 1353 1920 1408 iussus,

264 1425 275 1472 ι
312 1419 429 1482 dederit,
455 1417 519 1472 nihil
542 1423 583 1472 est
605 1417 797 1474 deducendum.
832 1417 885 1472 Sed
907 1423 934 1472 et
956 1417 980 1472 si
1002 1417 1065 1486 quid
1116 1423 1164 1482 est,
1184 1435 1244 1474 cum
1262 1419 1382 1474 omnibus
1399 1417 1539 1474 heredibus
1558 1417 1591 1472 de
1607 1417 1710 1538 gecuho
1728 1419 1858 1486 agendum
1877 1425 1917 1474 est

262 1487 382 1540 dominus
400 1487 548 1540 soluturum
565 1501 594 1540 se
617 1487 684 1540 serui
706 1485 812 1540 nomine
833 1501 861 1540 re
880 1485 996 1550 comisit,
1019 1487 1064 1540 de·
1114 1501 1164 1540 nec
1191 1487 1248 1556 quis
1267 1501 1329 1540 uam
1354 1501 1445 1542 eorum
1470 1487 1581 1554 amplius
1626 1483 1719 1540 educet
1744 1501 1823 1554 quam
1846 1489 1918 1556 quod

262 1555 322 1608 duci
339 1555 479 1624 oportebit,
497 1553 714 1622 quemadmodum
731 1553 755 1606 si
772 1553 834 1624 quid
851 1503 956 1608 ἀξιιιιιιιο
974 1567 1065 1608 seruus
1117 1559 1129 1606 1
1163 1553 1215 1624 ipsi
1229 1555 1263 1608 de
1283 1561 1364 1608 caum.
1399 1555 1466 1608 ltem
1481 1569 1540 1606 cum
1554 1567 1644 1606 seruus
1657 1553 1714 1606 vivo
1730 1553 1833 1608 domiuo
1847 1571 1917 1610 mor-

261 1639 309 1690 pro
328 1621 447 1678 debitore
464 1621 661 1690 exprouu'serat.
690 1621 762 1676 idem
779 1627 819 1676 est
836 1627 863 1678 et
880 1621 903 1676 si
918 1639 967 1692 pro
985 1621 1063 1676 liber·
1114 1627 1176 1676 tuus
1195 1627 1243 1688 est,
1261 1623 1355 1678 deinde
1372 1621 1494 1678 dominus
1508 1621 1578 1676 intra
1592 1635 1690 1674 annum
1703 1621 1793 1700 plures
1807 1621 1918 1678 heredes

261 1695 318 1744 tate
352 1691 397 1744 uid
420 1691 524 1744 domino
546 1689 711 1758 expromisit,
735 1689 812 1758 quasi
834 1691 937 1746 debitor
959 1691 1063 1744 domino
1115 1691 1231 1758 reliquit,
1256 1697 1282 1744 et
1303 1691 1336 1744 de
1352 1691 1457 1760 peculio
1475 1691 1544 1744 actio
1562 1693 1588 1744 et
1606 1689 1769 1744 deductuonis
1787 1687 1829 1744 ius
1847 1691 1917 1746 scin-

262 1757 296 1812 sit
313 1709 431 1822 et1ectns,
449 1757 496 1812 sed
512 1757 550 1810 ita
566 1757 677 1822 demum,
695 1759 719 1812 si
735 1759 894 1812 manumisso
913 1773 943 1814 eo
962 1765 1063 1826 agatur.
1115 1757 1194 1812 ditur.

262 1829 276 1876 2
311 1825 364 1880 Sed
383 1825 405 1878 si
428 1841 444 1878 a
467 1825 585 1880 debitore
607 1825 738 1880 dominico
763 1843 852 1882 servus
876 1825 1004 1894 exegerit,
1029 1841 1064 1880 an
1151 1823 1188 1882 15
1217 1825 1362 1880 Uiuianus
1391 1825 1458 1880 libro
1481 1825 1621 1880 nicenstmo
1646 1841 1716 1880 nono
1743 1823 1781 1878 ool
1805 1823 1919 1878 edictum
1962 1839 1963 1842 ¹

262 1891 359 1946 domini
377 1893 520 1948 debitorem
542 1905 572 1946 se
593 1891 699 1958 fecerit,
723 1893 873 1960 quaeritur:
896 1899 923 1948 et
944 1893 1064 1948 Iidianus
1115 1891 1167 1948 Sed
1184 1893 1208 1948 si
1225 1893 1277 1948 duo
1292 1893 1346 1946 sint
1360 1893 1446 1948 bonae
1458 1891 1520 1946 fidet
1532 1907 1707 1960 possessores,
1724 1891 1813 1946 adhuc
1829 1891 1919 1946 dicen·

261 1959 327 2014 libro
353 1959 507 2016 duodecimo
526 1959 686 2026 digestorum
702 1977 757 2016 non
774 1961 851 2014 aliter
868 1961 1002 2014 dominum
1019 1961 1063 2014 de·
1115 1961 1178 2014 dum
1200 1961 1250 2014 erit
1272 1965 1394 2014 neutrum
1415 1963 1475 2030 plus
1493 1961 1667 2014 deducturum
1684 1975 1762 2028 quam
1780 1957 1851 2028 quod
1868 1959 1920 2014 sibi

233 2093 235 2096 Ι
263 2025 402 2082 ducturum
426 2029 477 2092 ait,
503 2041 582 2096 qnam
600 2027 623 2080 si
639 2033 726 2080 ratum
744 2029 880 2082 habuisset
897 2029 969 2096 qnod
984 2043 1063 2086 ,exac-
1115 2027 1233 2082 debetur.
1258 2029 1378 2096 idemque
1396 2035 1422 2080 et
1438 2029 1461 2082 si
1478 2027 1530 2082 duo
1545 2035 1607 2082 sunt
1620 2027 1767 2092 fructuarii,
1785 2027 1846 2094 quia
1859 2027 1919 2082 nul-

260 2099 317 2148 tum
335 2101 387 2150 est:
407 2095 498 2150 eadem
515 2101 541 2150 et
557 2095 585 2148 in
602 2095 656 2150 filio
671 2095 785 2150 familias
800 2095 912 2150 dicenda
926 2103 1011 2150 erunt.
1038 2103 1065 2150 et
1114 2095 1167 2150 lam
1188 2095 1258 2150 inter
1275 2111 1305 2150 se
1321 2095 1420 2150 habent
1436 2097 1597 2152 societatem.
1624 2095 1692 2150 idem
1715 2095 1817 2150 dicetur
1838 2095 1920 2150 inter·

260 2169 325 2230 puto
342 2179 431 2218 veram
447 2163 542 2218 Iuliani
560 2163 729 2218 sententiam:
747 2163 878 2218 natinalia
893 2163 962 2218 enirn
977 2163 1065 2218 debita
1115 2163 1179 2218 dum
1203 2165 1275 2218 etin
1292 2163 1386 2228 sociis,
1409 2165 1433 2218 si
1449 2165 1520 2218 torte
1538 2169 1662 2232 separata
1679 2163 1751 2230 apud
1768 2177 1797 2218 se
1814 2161 1919 2230 peculia

261 2237 411 2310 spectamus
428 2231 456 2284 in
478 2229 576 2308 peculii
599 2229 770 2284 deductione:
794 2237 834 2308 est
857 2235 945 2308 autem
968 2239 1065 2284 natura
1114 2233 1245 2310 habeant,
1269 2237 1300 2284 ut
1322 2231 1389 2284 alter
1412 2233 1520 2310 alterius
1544 2231 1641 2310 peculii
1663 2231 1767 2308 nomme
1784 2245 1839 2284 non
1856 2245 1919 2308 con·
1955 2269 1958 2276 .

261 2299 1065 2444 ttrististristis?intimitatis}
1115 2305 1235 2418 litttt
1240 2303 1441 2420 :stiunt
1458 2305 1656 2420 {liuttici
1663 2299 1920 2434 1111114ιὲιέ

263 2445 296 2488 tn
317 2431 357 2498 ld,
382 2433 453 2500 quod
476 2433 595 2488 dommus
612 2431 691 2488 semel
708 2433 817 2488 deduxit
835 2449 896 2488 cum
914 2435 1064 2490 convenire·
1115 2433 1201 2488 betur.

265 2503 318 2566 bur,
341 2515 433 2554 rursus
457 2501 480 2556 si
503 2501 686 2566 conveniatur,
710 2501 744 2554 de
765 2501 869 2572 peculio
888 2501 1001 2556 eximere
1019 2501 1064 2556 de·
1152 2497 1190 2560 16
1213 2501 1356 2556 lucianus
1379 2501 1447 2556 libro
1475 2501 1630 2558 duodecimo
1656 2501 1819 2572 digestorum
1855 2499 1919 2566 Quis

263 2567 336 2632 heat,
356 2585 390 2622 an
407 2585 469 2626 vero
487 2569 567 2622 ueluti
584 2569 699 2624 solutum
716 2569 740 2624 ei
757 2569 878 2624 videatur
895 2569 975 2624 semel
991 2569 1065 2624 iacta
1115 2583 1176 2638 ergo
1195 2585 1272 2624 casus
1290 2575 1344 2634 est,
1362 2585 1414 2638 quo
1452 2569 1563 2624 ecuhum
1580 2569 1649 2624 serui
1666 2569 1810 2624 communis
1828 2567 1863 2622 ad
1880 2569 1919 2622 al-

261 2635 426 2692 deductione.
455 2641 481 2692 et
497 2635 623 2692 Neratius
641 2643 666 2690 et
678 2635 768 2692 Nerua
783 2641 888 2706 putant,
906 2637 969 2690 item
983 2637 1064 2692 lulia-
1115 2641 1200 2690 terum
1217 2653 1251 2692 ex
1268 2637 1379 2692 domims
1397 2587 1482 2692 so111m
1499 2637 1649 2706 pertineat?
1673 2637 1806 2706 inprimis
1822 2635 1919 2704 siquis

260 2719 310 2758 nus
327 2703 395 2758 libro
413 2703 567 2758 duodecimo
586 2705 690 2768 scribit,
714 2703 738 2758 si
760 2705 864 2774 quidem
887 2703 997 2758 abstudit
1013 2705 1065 2760 hoc
1115 2705 1183 2758 servi
1205 2711 1308 2774 partem
1334 2705 1469 2758 dimidiam
1494 2705 1638 2762 vendiderit
1663 2719 1713 2758 nec
1739 2705 1870 2774 peculium
1897 2703 1921 2758 ei

260 2771 294 2824 de
310 2771 428 2838 perodio,
452 2787 507 2826 non
523 2773 620 2826 debere
638 2771 746 2836 deduci,
770 2773 870 2826 sivero
888 2771 999 2826 eandem
1034 2789 1063 2826 o·
1115 2771 1288 2826 concesserit:
1308 2773 1402 2826 deinde
1420 2773 1443 2826 si
1460 2773 1519 2842 quis
1536 2789 1611 2828 servo
1631 2773 1761 2826 communi
1778 2773 1920 2840 pecuniam

260 2845 276 2890 4
310 2839 657 2908 sitionempeculiireliquit,
673 2839 984 2894 dehereeumdeducere.
1010 2791 1063 2896 Be-
1114 2839 1155 2894 ue]
1179 2857 1221 2894 res
1245 2841 1347 2908 aliquas
1371 2853 1403 2892 ea
1426 2845 1513 2894 mente
1535 2839 1650 2904 dederit,
1676 2845 1707 2894 ut
1730 2839 1921 2908 proprietatem

260 2905 339 2974 nique
356 2905 455 2972 scribit,
474 2905 603 2962 sisennus
621 2907 749 2962 vicanum
767 2909 881 2976 quinque
893 2905 1023 2962 valentem
1036 2909 1065 2962 in
1115 2923 1205 2962 earum
1222 2907 1361 2972 retineret,
1386 2907 1639 2962 administrationem
1657 2913 1745 2962 autem
1763 2923 1838 2962 seruo
1856 2923 1920 2962 con·

260 2973 392 3042 peculium
416 2973 511 3028 habuit
536 2979 563 3028 et
588 2975 693 3028 dominc
719 2975 834 3042 quinquo
861 2975 983 3038 deberet,
1014 2983 1062 3042 pro
1115 2973 1227 3030 cederet.
1262 2973 1442 3028 Mercurios
1455 2981 1544 3028 notat:
1567 2979 1607 3028 est
1630 2975 1708 3028 etiam
1724 2975 1770 3028 ille
1787 2989 1879 3040 casus,
1898 2975 1922 3028 si

216 3049 217 3052 ’
260 3041 490 3110 quihusuicarium
504 3041 624 3096 dominus
640 3041 799 3106 deduxisset,
814 3049 840 3096 et
854 3047 957 3096 mortuo
971 3049 1065 3112 postea
1115 3043 1183 3094 ulter
1205 3043 1344 3096 ademerit:
1367 3041 1408 3094 rel
1433 3043 1457 3096 si
1482 3043 1553 3098 omni
1580 3043 1685 3112 quidem
1707 3043 1785 3098 modo
1810 3057 1919 3098 conces-

259 3109 357 3166 vicano
384 3109 464 3164 alium
490 3109 606 3164 eiusdem
631 3111 708 3178 pretii
741 3125 832 3166 seruus
864 3111 1063 3190 comparaverit,
1115 3109 1179 3164 serit
1197 3109 1326 3174 dominus,
1345 3109 1438 3164 sedin
1454 3109 1604 3164 nominibus
1623 3109 1672 3164 erit
1690 3111 1835 3166 concessio.

260 3193 313 3232 uon
332 3177 451 3232 desinere
469 3177 567 3232 domini
589 3193 648 3232 esse
670 3177 828 3244 debitorem,
853 3193 929 3246 quasi
950 3177 1063 3232 vicarius
1151 3175 1188 3232 17
1213 3177 1357 3232 Uarianos
1371 3177 1439 3232 libro
1457 3179 1598 3232 uicensimo
1616 3193 1686 3232 nono
1701 3177 1739 3232 od
1751 3177 1866 3232 edictum
1892 3177 1921 3232 Si

259 3245 303 3300 ille
327 3245 432 3298 domiuo
455 3246 610 3299 decesserit:
637 3247 688 3298 nisi
710 3247 794 3310 forte,
822 3261 882 3298 cum
906 3261 966 3300 eum
989 3259 1062 3298 servo
1115 3259 1205 3298 seruus
1223 3261 1296 3298 meus
1314 3245 1462 3298 ordinarius
1479 3245 1592 3300 sicarios
1609 3247 1719 3308 haheat,
1743 3245 1771 3298 id
1794 3245 1865 3314 quod
1881 3247 1920 3298 vi-

260 3317 274 3366 5
310 3313 452 3366 ademisset
469 3317 495 3366 et
512 3313 562 3366 sibi
580 3313 708 3376 solvisset,
726 3319 791 3366 tunc
809 3313 958 3366 decesserit.
991 3313 1064 3366 Idem
1115 3313 1180 3366 carii
1196 3313 1260 3364 mihi
1278 3313 1374 3366 debent
1392 3327 1427 3364 an
1445 3311 1574 3364 deducam
1592 3329 1625 3366 ex
1640 3313 1745 3380 peculio
1763 3313 1831 3366 serui
1848 3313 1919 3366 ordi-

259 3385 331 3436 reote
348 3379 399 3444 ait,
423 3379 461 3446 si,
485 3395 545 3434 cum
561 3379 676 3434 vicarius
692 3379 793 3434 valeret
815 3379 918 3444 decem,
943 3379 1064 3434 dominus
1114 3379 1203 3432 narii?
1229 3385 1254 3432 et
1271 3379 1356 3448 prima
1373 3379 1419 3430 illa
1436 3379 1555 3456 quaestio
1574 3385 1623 3444 est,
1641 3395 1676 3432 an
1692 3379 1760 3434 haec
1773 3379 1878 3448 peculia
1891 3381 1920 3434 in

260 3453 405 3502 conventus
422 3445 456 3500 de
472 3447 576 3516 peculio
612 3447 710 3514 :sinque
726 3463 776 3514 pro
791 3463 865 3502 seruo
879 3445 1063 3514 praestitisset,
1114 3445 1218 3514 peculio
1242 3447 1310 3500 servi
1333 3445 1458 3502 ordinant
1482 3453 1675 3514 computentur.
1703 3451 1729 3502 et
1745 3447 1875 3502 Proculus
1895 3453 1920 3502 et

260 3517 383 3586 quoniam
401 3515 516 3584 quinque
533 3515 585 3584 ipsi
595 3465 780 3580 ¹liniebantur,
802 3531 864 3570 mox
886 3515 1001 3568 vicarius
1019 3513 1062 3568 de·
1114 3515 1254 3576 Atilicinus
1273 3513 1437 3580 existimant,
1454 3513 1524 3568 sieut
1540 3515 1592 3584 ipsi
1608 3515 1698 3568 vicarii
1715 3521 1778 3568 sunt
1793 3515 1822 3568 in
1858 3531 1920 3570 ecu-

260 3585 396 3650 cessisset,
421 3583 547 3638 aduersus
566 3583 646 3638 alium
662 3589 783 3652 agentem
801 3583 834 3636 de
850 3583 954 3652 peculio
973 3583 1064 3638 decern
1113 3583 1158 3646 lio,
1175 3583 1214 3636 ita
1229 3583 1308 3636 etiam
1321 3583 1427 3650 peculia
1442 3595 1545 3636 eorum:
1565 3589 1591 3636 et
1604 3583 1631 3638 id
1644 3583 1755 3652 quidem,
1773 3599 1824 3652 quo
1857 3583 1921 3636 mihi

260 3651 393 3706 dominum
411 3651 599 3718 deducturum,
619 3651 680 3718 quia
697 3657 723 3704 et
740 3651 769 3704 in
787 3665 831 3716 eo,
856 3649 997 3730 quodiam
1013 3667 1062 3718 pro
1115 3649 1236 3704 dominus
1255 3667 1353 3714 eorum,
1370 3649 1398 3704 id
1415 3655 1456 3704 est
1469 3649 1617 3704 ordinarius
1633 3667 1722 3704 seruus
1737 3651 1822 3714 debet,
1841 3651 1920 3706 etiam

260 3735 291 3774 eo
314 3721 404 3784 solvit,
429 3717 574 3772 debitorem
596 3733 699 3772 serrum
722 3717 774 3772 sibi
789 3717 891 3772 iecerit.
918 3733 987 3786 quae
1004 3731 1063 3772 sen·
1115 3733 1149 3772 ex
1165 3717 1268 3786 peculio
1287 3733 1377 3772 eorum
1396 3717 1561 3772 detrahetur:
1585 3717 1613 3770 id
1635 3733 1696 3772 vero
1721 3717 1792 3786 quod
1814 3719 1865 3786 ipsi
1880 3719 1920 3786 ui·

259 3787 342 3842 tentia
358 3801 421 3842 uera
439 3793 492 3850 est,
510 3787 561 3840 nisi
578 3801 653 3840 servo
677 3785 775 3838 ademit
796 3785 936 3850 utorium,
961 3789 991 3840 ut
1013 3783 1065 3840 sihi
1116 3785 1182 3840 carii
1199 3784 1308 3850 debent,
1332 3785 1470 3838 dumtaxat
1493 3799 1526 3838 ex
1547 3785 1664 3852 ipsorum
1680 3785 1798 3854 pecidio:
1823 3787 1869 3840 sed
1894 3791 1921 3840 et

260 3861 274 3910 6
309 3855 429 3910 solueret.
466 3853 541 3922 Quod
564 3859 653 3910 numm
675 3853 771 3910 deduci
794 3853 890 3908 debere
907 3853 1020 3908 diximus
1037 3853 1065 3908 id
1115 3853 1219 3922 siquid
1235 3869 1290 3906 non
1307 3853 1384 3918 mihi,
1403 3853 1450 3908 sed
1466 3853 1598 3908 ordinario
1618 3869 1692 3906 seruo
1711 3853 1818 3918 debent,
1836 3853 1918 3910 dedu-

259 3925 330 3994 quod
339 3923 449 3976 debetur
457 3923 481 3976 ei
490 3923 534 3990 qui
542 3921 575 3976 de
584 3923 687 3992 pecuho
702 3921 864 3988 convenitur,
879 3921 918 3976 ita
932 3921 1064 4042 accissien-
1116 3927 1191 3976 cetur
1208 3919 1240 3976 de
1257 3921 1361 3988 peculio
1380 3937 1470 3976 eorum
1506 3921 1565 3974 uasi
1589 3937 1713 3976 conseruo
1738 3921 1867 3976 debitum:
1892 3921 1920 3976 id

259 3997 273 4044 t
309 3991 374 4070 dum
386 3997 434 4056 est,
451 3989 706 4070 sinon'hooaliunde
719 3989 846 4068 consequi
860 3989 955 4058 potuit.
1306 4057 1311 4068 .
1398 4057 1404 4068 .
1457 4057 1471 4070 ..
1550 4057 1557 4068 υ
1633 4057 1638 4070 ⁸
1759 4057 1764 4068 .

259 4057 1065 4204 iiiiiiihhdibii‘'iiiiiiret'ltlliidlliduduii
1114 4057 1664 4204 tritdttttdittstetit
1679 4059 1920 4194 tittttttftt

258 4195 387 4248 deducere
422 4195 476 4248 uod
494 4195 544 4246 sibi
562 4193 687 4250 debetur:
710 4199 798 4264 potmt
816 4209 885 4248 emm
901 4195 953 4248 hoc
971 4209 1003 4246 ex
1019 4209 1063 4246 ra-
1114 4195 1247 4262 pecuhum
1265 4207 1356 4248 eorum
1370 4193 1517 4262 augebrtur,
1534 4199 1565 4246 ut
1580 4207 1680 4264 cpmor¹
1699 4191 1920 4262 quemadmodum

257 4261 329 4316 tione
351 4211 450 4330 pecffiii
473 4261 612 4316 detrahere
635 4267 661 4316 et
683 4277 756 4316 nunc
774 4261 912 4316 condicere
947 4261 1006 4316 uasi
1023 4261 1063 4314 in·
1115 4261 1138 4316 si
1156 4261 1276 4316 dominus
1293 4275 1368 4314 seruo
1388 4277 1435 4314 suo
1454 4261 1557 4316 debeat.

258 4327 375 4382 debitum
398 4329 533 4398 (quoniam
555 4345 610 4384 non
634 4329 723 4384 estin
746 4279 1063 4398 pecuhoqucc1dcmtno
1151 4325 1188 4384 18
1207 4327 1325 4384 Pronus
1340 4329 1407 4384 libro
1425 4333 1521 4396 quarto
1540 4331 1724 4398 quaestionum
1759 4327 1809 4382 Oui
1827 4341 1919 4380 conse-

259 4397 386 4462 debetur).
422 4399 542 4464 potest1,
565 4397 665 4466 inquit,
689 4397 769 4450 etiam
791 4411 825 4450 ex
847 4397 954 4450 vendito
977 4411 1062 4464 agere.
1115 4411 1198 4464 quens
1216 4401 1270 4462 est,
1293 4401 1338 4462 ut,
1361 4397 1384 4450 si
1402 4393 1491 4450 Sticho
1509 4397 1642 4466 peculium
1659 4413 1737 4450 suum
1753 4397 1868 4464 legatum
1885 4395 1920 4448 sit

258 4465 328 4532 quod
344 4465 384 4516 ita
401 4465 450 4518 erit
467 4465 648 4534 probandum,
671 4465 694 4520 si
715 4469 820 4516 tantum
841 4463 894 4516 fuit
915 4465 944 4518 in
960 4465 1063 4534 peculio
1114 4465 1190 4534 isque
1214 4479 1246 4518 ex
1268 4471 1425 4518 testamento
1453 4465 1521 4534 agit,
1547 4481 1602 4518 non
1629 4465 1704 4518 aliter
1732 4460 1918 4540 cogeturiuid,

258 4549 318 4586 enm
334 4531 474 4598 uenderet,
495 4537 525 4586 ιιι
542 4531 696 4586 satisfacere
714 4531 802 4586 debito
821 4531 942 4586 dominus
965 4531 1062 4600 possit:
1115 4531 1187 4602 quod
1203 4531 1317 4588 meamus
1335 4533 1391 4588 eius
1409 4533 1529 4588 testatori
1547 4533 1632 4598 dehet,
1649 4531 1804 4600 relinquere,
1822 4529 1873 4582 nisr
1886 4529 1918 4596 is,

259 4607 373 4654 ceterum
396 4601 420 4654 si
439 4603 534 4668 postea
569 4597 615 4654 uid
632 4599 746 4654 accesit
764 4599 964 4654 condicionibus
983 4599 1064 4654 debiti
1113 4601 1142 4654 id
1159 4605 1200 4654 est
1216 4599 1329 4654 vicanus
1346 4601 1479 4668 peculium
1495 4601 1601 4654 habeat.

258 4667 444 4732 existentibus,
462 4669 534 4736 quod
551 4617 672 4722 dominus
689 4683 743 4722 non
762 4667 951 4732 distraxerati,
970 4675 1064 4724 contra
1151 4663 1188 4726 19
1219 4667 1363 4722 Uarianos
1387 4669 1454 4724 libro
1477 4669 1619 4722 uicensimo
1645 4681 1716 4720 nono
1742 4663 1779 4718 od
1804 4663 1919 4720 edictum

258 4737 273 4788 8
307 4735 356 4790 erit
370 4735 517 4790 dicendum.
551 4735 627 4790 Idem
635 4735 734 4798 scribit,
749 4735 773 4788 si
787 4735 846 4802 quis
860 4751 972 4800 servum,
987 4735 1063 4792 ouius
1113 4735 1183 4790 Hinc
1207 4735 1354 4804 quaeritur,
1376 4737 1400 4790 si
1422 4735 1548 4790 ordinarii
1571 4735 1639 4788 servi
1655 4733 1760 4786 nomine
1778 4735 1866 4786 actum
1884 4733 1920 4788 sit

257 4803 361 4858 nomine
379 4801 412 4858 de
436 4803 539 4872 pecude
563 4803 680 4858 habebat
702 4803 849 4868 actionem,
874 4811 1062 4872 comparasset,
1114 4801 1277 4872 dependo,
1295 4819 1329 4858 an
1346 4805 1389 4874 agi
1404 4803 1489 4874 possit
1507 4809 1532 4858 et
1549 4803 1719 4856 vicariorum:
1738 4807 1764 4854 et
1781 4805 1845 4870 puto
1863 4817 1919 4858 non

257 4885 292 4924 an
308 4871 393 4940 possit
410 4871 540 4926 deducere
558 4869 630 4940 quod
646 4871 695 4924 sibi
719 4871 844 4934 debetur,
869 4871 993 4938 quoniam
1016 4873 1062 4926 ad·
1114 4887 1200 4940 posse.
1227 4871 1275 4926 scd
1292 4873 1314 4924 si
1332 4877 1420 4926 aetum
1438 4873 1472 4926 sit
1495 4871 1527 4924 de
1548 4869 1652 4940 peculio
1676 4867 1779 4934 urard,
1804 4869 1846 4938 agi
1868 4885 1917 4938 po-

257 4953 347 4994 uersus
364 4939 526 4994 venditorem
542 4939 660 4994 habeat³
678 4939 809 4994 actionem
833 4937 867 4990 de
888 4939 1011 5006 peculio?
1037 4945 1064 4994 et
1116 4947 1127 4992 1
1164 4939 1226 4994 terit
1238 4945 1265 4992 et
1277 4939 1309 4994 de
1323 4941 1428 5010 peculio
1444 4939 1577 4994 ordinarii.
1612 4937 1705 4990 Potest
1719 4953 1777 4992 esse
1792 4937 1863 5008 apud
1876 4955 1919 4996 me

257 5011 329 5060 recte
346 5007 384 5062 ait
401 5023 494 5074 posse:
518 5021 580 5060 nam
603 5011 631 5062 et
653 5005 736 5074 quiris
760 5007 826 5062 alius
848 5011 937 5074 potest
960 5007 1062 5074 eligere,
1115 5007 1226 5078 duplicis
1242 5007 1307 5062 iuris
1324 5009 1470 5076 peculium:
1495 5011 1526 5060 ut
1547 5011 1614 5074 puta
1636 5021 1725 5060 seruus
1751 5011 1791 5062 est
1814 5005 1919 5074 dotalis,

258 5077 344 5128 utrum
362 5089 423 5128 cum
440 5079 559 5142 emptore
575 5091 611 5130 an
629 5089 689 5128 cum
705 5075 842 5128 venditore
865 5079 967 5142 ageret:
991 5075 1063 5128 hunc
1113 5083 1203 5146 potest
1218 5075 1317 5130 habere
1334 5077 1479 5144 peculium,
1505 5073 1575 5142 quod
1592 5071 1686 5128 adme
1707 5075 1845 5144 respiciat,
1869 5089 1918 5142 po-

257 5139 336 5206 igitur
361 5143 456 5210 eligere
480 5157 528 5210 pro
554 5143 660 5196 nodone
685 5143 876 5198 deductionem.
912 5157 961 5196 nec
987 5143 1062 5198 video
1113 5149 1167 5198 test
1190 5149 1215 5196 et
1238 5143 1310 5214 quod
1333 5143 1368 5198 od
1390 5143 1532 5196 mulierem.
1560 5157 1621 5194 nam
1643 5143 1714 5212 quod
1737 5161 1770 5198 ex
1787 5159 1816 5196 re
1832 5143 1920 5198 mariti

258 5209 321 5288 qnid
336 5209 454 5288 habeant
472 5209 615 5264 creditores
630 5209 700 5278 quod
714 5215 867 5288 querantur,
887 5227 947 5262 cum
959 5211 1063 5278 possint
1114 5211 1226 5280 quaesiit
1242 5211 1281 5266 vel
1299 5227 1332 5266 ex
1349 5209 1436 5278 operis
1453 5209 1521 5288 suris,
1543 5209 1572 5262 id
1594 5209 1629 5264 ad
1649 5211 1773 5266 maritum
1790 5209 1918 5278 pertinet:

257 5289 307 5342 rpsi
323 5275 486 5332 venditorem
504 5279 656 5340 convenire,
682 5277 705 5330 si
722 5277 786 5344 qurd
803 5277 873 5332 forte
889 5281 987 5344 putant
1004 5293 1062 5332 esse
1114 5283 1141 5332 et
1157 5277 1230 5344 ideo,
1254 5279 1277 5332 si
1293 5283 1417 5346 respectu
1434 5281 1521 5330 manti
1538 5279 1614 5332 heres
1631 5279 1665 5332 sit
1681 5281 1819 5332 institutus
1835 5275 1878 5332 rel
1895 5281 1920 5332 ei

257 5345 273 5392 9
306 5343 334 5398 in
356 5341 469 5412 peculio.
504 5343 566 5398 Non
590 5345 675 5400 solum
698 5349 787 5398 autem
810 5343 882 5412 quod
905 5343 929 5398 ei
952 5343 1063 5398 debetur
1112 5347 1227 5414 legatum
1251 5347 1356 5410 datum,
1377 5343 1406 5398 id
1424 5359 1483 5398 eum
1501 5361 1554 5398 non
1572 5345 1667 5400 debere
1683 5347 1823 5402 restituere
1838 5345 1919 5398 Pom-

258 5411 301 5476 qui
320 5413 475 5466 convenitur
494 5411 676 5466 deducendum
694 5417 851 5476 esttecum
870 5413 1063 5492 etiamsiquid
1113 5413 1209 5482 penius
1226 5413 1326 5466 scribit.
1353 5413 1376 5464 si
1398 5411 1479 5480 igitur
1500 5429 1603 5470 mecum
1626 5419 1720 5482 agatur
1743 5429 1776 5466 ex
1799 5431 1830 5470 eo
1854 5427 1918 5466 con-

257 5479 329 5534 socio
347 5479 403 5534 eius
421 5479 546 5546 debetur,
572 5485 598 5534 et
619 5479 657 5534 ita
673 5477 792 5534 lulianus
814 5479 883 5534 libro
907 5479 1062 5534 duodecimo
1112 5485 1201 5534 tractu
1227 5479 1271 5548 qui
1296 5479 1332 5532 ad
1355 5493 1398 5532 me
1422 5479 1541 5548 respicit,
1571 5487 1660 5536 utrum
1685 5497 1763 5536 omne
1788 5481 1920 5536 deducam

258 5545 417 5614 digestorum
432 5547 535 5602 scribit:
554 5563 616 5602 num
631 5563 684 5616 qua
697 5547 801 5602 ratione
814 5545 843 5600 in
858 5547 970 5602 solidum
983 5547 1062 5602 alter·
1113 5547 1273 5616 quodquod⁷
1291 5547 1402 5600 debetur
1418 5549 1495 5614 mihi,
1519 5549 1573 5604 sire
1590 5567 1623 5606 ex
1639 5565 1698 5604 mea
1715 5565 1797 5604 causa
1814 5549 1869 5604 siue
1886 5563 1919 5602 ex

1009 3991 1064 4042 eni·
1115 4005 1185 4054 vero,
1204 3989 1275 4058 quod
1286 3989 1351 4056 ipsis
1365 3989 1443 4044 debet
1457 4005 1488 4044 or
1508 3991 1514 4000 '
1534 3989 1606 4042 anus
1621 3991 1719 4054 seruus,
1737 4005 1791 4042 non
1806 3989 1920 4044 deduce-

258 5715 288 5778 ιιι
306 5715 669 5782 debeturtpotestrpotestncr.
807 5717 839 5778 (ι)
859 5717 1000 5764 detraxerat
1008 5717 1063 5766 edd.
1115 5715 1239 5782 quietis
1305 5717 1338 5776 (t)
1357 5723 1517 5782 eogatnrscr.
1587 5727 1619 5780 tt)
1638 5717 1748 5786 quodF¹

260 5781 292 5836 iti
311 5783 435 5834 ιιαιιιιιΙιη
518 5785 550 5850 (t)
570 5785 750 5836 alterumterF
824 5787 855 5848 (t)
873 5783 1062 5846 difflatas,
