4366 6258
1063 349 1106 424 39

261 371 305 420 Dii
325 369 534 424 omninum
556 377 783 430 onmoarronu

1578 355 1686 428 man.
1707 361 1764 448 nr,
1788 373 1911 438 nomae

261 557 287 606 et
302 551 361 622 plus
378 547 544 620 intellegitur.
572 547 868 618 plosestenimstatim
879 545 1060 618 aliquiddara
1112 547 1200 616 perdit
1215 547 1286 620 qood
1308 547 1395 616 dedit,
1419 547 1442 602 si
1464 559 1525 600 vero
1549 543 1682 610 venditor,
1705 545 1815 616 duplum
1836 547 1912 602 resti·

261 627 276 676 o
309 619 393 674 minus
417 621 459 672 est
480 621 543 686 post
569 623 674 686 tempos
703 617 774 672 dare.
813 615 950 688 1'Siquid
973 619 1061 670 autem
1111 623 1186 670 tuere
1210 617 1389 686 compellitur,
1412 617 1475 670 licet
1496 613 1562 668 nihil
1579 627 1659 682 snper
1676 613 1742 670 orris
1760 629 1914 682 expressum

263 689 405 742 *fideiussor
426 701 475 756 pro
498 699 543 740 reo
568 685 688 752 solverit,
711 685 767 742 eius
789 683 956 754 reciperandi
979 697 1061 738 causa
1114 689 1123 738 l
1162 687 1209 740 est.
1244 685 1361 740 Pretium
1379 691 1467 740 autem
1485 679 1610 738 constitui
1627 685 1743 750 oportet:
1762 697 1824 736 nam
1841 683 1914 736 nuda

261 763 274 812 l
309 757 396 810 'babet
413 769 473 808 eum
491 769 522 808 eo
544 753 663 808 mandati
684 753 826 810 iodicium*
861 753 980 808 2(ιιιιιι
995 751 1060 808 lide·
1111 755 1146 818 (1)
1182 753 1279 822 emptio
1296 753 1353 808 sine
1370 755 1454 824 pretio
1472 767 1530 808 esse
1546 753 1642 820 potest.
1673 751 1752 804 ¹¹'sed
1770 757 1914 806 etcertum

260 827 343 880 iussor
359 823 513 892 plerumque
528 821 567 874 ita
584 823 726 892 accipiturr
744 823 777 888 τῆ
792 823 840 892 ἐμῇ
854 825 942 874 πίστει
956 817 1059 884 κελεύω,
1112 819 1233 890 'pretium
1250 835 1308 876 esse
1322 821 1409 878 debet.
1436 821 1551 892 alioquin
1565 819 1588 874 si
1602 817 1640 872 ita
1652 817 1721 872 inter
1734 819 1836 888 aliquos
1850 835 1913 874 con-

260 893 336 964 lapsa,
362 889 436 942 θέλω
458 891 513 944 sive
534 887 696 958 βούιομαιιι
721 875 769 946 sed
787 895 814 942 et
830 889 854 942 si
870 893 940 968 popl
956 889 1059 956 dixerit,
1111 889 1226 956 'venenu
1244 895 1287 954 ut,
1305 891 1397 958 quanti
1415 891 1500 946 Titius
1517 905 1573 944 rem
1589 885 1778 952 aestimaverit,
1796 889 1863 940 tanti
1880 889 1915 942 sit

260 967 274 1014 8
307 975 354 1040 pro
373 973 403 1012 eo
422 959 478 1024 erit,
497 973 529 1012 ac
546 957 570 1012 si
587 957 681 1012 dixerit
695 955 770 1028 λέγω.
805 955 1060 1024 Instrpulationiboa
1111 957 1228 1026 *emptas
1253 955 1322 1010 inter
1346 961 1447 1014 veteres
1470 959 1535 1012 satis
1561 955 1717 1024 abundeque
1739 955 1791 1010 hoc
1809 955 1914 1010 dubita-

259 1029 440 1082 fideiussorum
457 1023 591 1080 sciendum
609 1031 650 1080 est
665 1023 822 1094 generaliter
839 1023 891 1078 hoe
908 1025 1002 1094 accipi,
1022 1029 1059 1090 ot,

259 1095 387 1164 quodcum
406 1107 439 1146 ue
452 1093 579 1162 scriptum
593 1093 628 1146 sit
642 1093 719 1162 quasi
733 1097 830 1156 actum,
845 1091 967 1146 videatur
981 1093 1060 1146 etiam

259 1167 358 1216 actum:
376 1111 488 1228 ideoque
506 1165 620 1226 oonsmt,
638 1159 736 1228 siquis
754 1171 783 1214 se
800 1159 937 1228 scripserit
953 1159 1059 1216 fideius-

258 1231 348 1294 sisset
364 1229 446 1282 rideri
464 1229 552 1284 omnia
569 1229 730 1284 sollemniter
749 1229 819 1282 acta.

614 1367 699 1430 XXI*

383 1467 428 1516 DE
446 1467 669 1518 mormannum
689 1465 927 1516 OBLIGATIONE.

289 1567 356 1622 Olim
380 1567 513 1636 scriptura
538 1567 620 1622 tiebat
645 1567 785 1636 obligatio,
816 1581 885 1636 quae
911 1565 1059 1620 nominibus

257 1637 309 1690 fieri
327 1633 475 1700 dicebatur,
500 1649 568 1702 quae
584 1635 692 1690 nomina
708 1633 787 1690 bodie
803 1651 858 1690 non
874 1637 939 1690 suot
954 1633 983 1688 in
998 1649 1059 1688 oso.

254 1705 332 1774 plane
348 1703 370 1756 si
388 1703 445 1770 quis
464 1703 559 1758 debere
577 1717 606 1756 se
623 1703 773 1772 scripserit,
797 1703 869 1772 qood
891 1707 1060 1756 numeratum

256 1773 279 1826 ei
296 1787 348 1824 non
372 1775 425 1836 est,
450 1771 483 1824 de
505 1769 618 1840 pecunia
635 1771 741 1824 minime
757 1775 897 1826 numerata
913 1775 975 1841 post
991 1771 1059 1824 mul-

254 1845 309 1894 tum
326 1839 451 1906 temporis
468 1837 651 1906 exceptionem
668 1853 803 1908 opponere
818 1843 989 1906 conpareat:
1007 1837 1059 1892 hoc

255 1907 321 1960 enim
338 1905 489 1972 saepissime
507 1905 681 1960 constitutum
698 1909 747 1960 est.
772 1905 811 1960 sic
828 1905 867 1972 fit,
884 1911 916 1962 ot
930 1909 957 1960 et
971 1905 1059 1972 bodie,

254 1975 315 2026 dom
332 1973 404 2042 queri
421 1981 474 2026 oon
491 1979 594 2042 potest,
612 1975 747 2042 scriptura
763 1971 909 2044 obligetur:
932 1977 960 2026 et
977 1987 1010 2028 ex
1027 1987 1060 2028 ea

254 2041 370 2094 nascitur
393 2041 539 2106 condictio,
564 2047 685 2096 cessante
707 2041 810 2096 scilicet
832 2041 974 2096 verborum
991 2041 1057 2096 obli·

253 2109 363 2178 gatioue.
398 2109 510 2164 mrdtum
531 2113 621 2164 autem
644 2113 749 2178 tempus
774 2109 803 2164 in
827 2109 879 2164 hac
902 2109 1059 2180 exceptione

253 2183 330 2230 antea
347 2177 451 2246 quidem
469 2193 503 2232 ex
515 2177 604 2246 princi
624 2177 710 2232 abhus
721 2179 960 2234 ,constitutionibus
974 2193 1005 2232 us
1024 2193 1059 2234 ne

253 2245 286 2300 ad
303 2245 509 2314 quinquennium
525 2193 702 2314 proceflebat:
721 2245 819 2302 sedne
837 2245 982 2302 creditores
1027 2263 1058 2300 u·

251 2315 302 2368 tios
328 2313 432 2380 possint
455 2315 511 2368 suis
533 2313 654 2382 pecuniis
679 2313 793 2368 forsitan
818 2313 986 2380 defraudari,
1011 2329 1059 2384 per

252 2381 462 2436 constitutionem
484 2383 621 2436 nostram⁶
642 2385 696 2436 tem
716 2397 747 2436 us
771 2387 922 2438 coartatum
944 2387 999 2446 est,
1028 2387 1059 2436 ut

251 2448 438 2572 ilelirrciatgirenffi
461 2455 546 2506 metae
567 2397 719 2506 huiusmosii
743 2449 864 2520 exceptio
887 2449 994 2506 minime
1012 2467 1057 2506 ex·

374 2559 381 2572 '
611 2591 694 2650 xxo

400 2689 446 2740 DE
465 2687 642 2740 CONSENSU
659 2685 899 2740 osoloarlortn.

283 2789 444 2844 ⁷'consensu
461 2787 530 2842 fiunt
546 2789 720 2860 obligationes
743 2787 772 2842 in
795 2789 972 2860 emptionibus
995 2805 1057 2846 ven·

251 2857 406 2922 ditionibus,
424 2857 601 2912 locationibus
620 2857 857 2924 conductionibus,
875 2857 1056 2924 societatibus,

253 2931 262 2978 l
299 2925 444 2980 'mandatis
478 2925 541 2980 Ideo
560 2931 651 2980 sotem
668 2925 726 2980 istis
743 2925 829 2980 modis
845 2941 978 2980 consensu
992 2927 1056 2982 dici-

251 2995 300 3046 'tur
316 2993 441 3074 obligatio
460 2995 596 3058 contrahi,
621 2993 684 3064 quia
705 3009 792 3064 neque
815 2995 948 3064 scriptura
971 3009 1057 3064 neque

250 3063 404 3130 'praesentia
422 3061 571 3116 omnimodo
587 3077 655 3130 opos
671 3063 726 3128 est,⁴
744 3077 777 3116 ac
791 3079 827 3118 oe
841 3061 900 3116 dari
913 3061 1057 3132 quidquam

249 3143 354 3184 necesse
369 3135 417 3196 est,
435 3133 466 3184 ot
480 3129 658 3184 substantiam
673 3131 763 3198 capiat
777 3129 921 3196 congano,
932 3131 986 3184 *sed
1000 3129 1056 3184 suf·

250 3203 264 3252 2
299 3197 361 3252 'ficit
378 3213 424 3252 eos
442 3199 488 3266 qui
510 3199 645 3266 negotium
667 3203 762 3266 gerunt
785 3199 944 3252 consentire.
980 3197 1057 3252 Unde

248 3267 321 3322 'inter
344 3265 468 3320 absentes
495 3279 600 3336 quoque
625 3265 691 3320 talia
714 3265 822 3334 negotia
854 3265 1056 3332 cenoahuntur,

248 3339 263 3390 3
297 3335 384 3390 'veluti
407 3349 456 3404 per
479 3335 620 3404 epistulam
644 3339 692 3390 aot
714 3349 762 3402 per
779 3333 909 3388 nuntium.
944 3333 1012 3390 Item
1028 3335 1075 3388 in

249 3403 295 3458 'his
313 3403 497 3460 contractibus
520 3403 588 3456 alter
612 3403 690 3456 alteri
713 3403 845 3472 obligatur
868 3401 960 3468 inid,
985 3403 1057 3472 qood

248 3473 364 3526 ’alterum
387 3471 464 3526 alteri
488 3487 520 3526 ex
543 3469 615 3526 bono
633 3475 660 3526 et
677 3485 762 3538 aequo
780 3475 919 3540 praestare
936 3471 1057 3538 oportet:

248 3557 306 3594 cum
323 3539 440 3609 alioquin
456 3537 485 3592 in
502 3537 643 3594 verborum
660 3537 866 3608 obligationibus
884 3537 954 3592 alius
971 3539 1056 3608 stipu-

248 3607 323 3674 letur,
341 3607 409 3664 alito
427 3607 574 3676 promittat.

587 3745 702 3808 XXIIP

375 3849 421 3898 nn
440 3841 617 3898 anemone
635 3845 681 3898 nr
699 3845 922 3896 vnnnrrronn.

280 3949 410 4018 9Ἐιιιιίο
437 3951 465 4000 et
488 3945 604 4000 venditio
632 3943 813 4012 contrabitur,
836 3943 997 4012 simulatque
1022 3943 1056 4000 de

248 4017 337 4084 'pretio
360 4015 526 4080 convenerit,
550 4015 671 4084 quamvis
695 4013 813 4068 nondum
830 4013 946 4084 pretium
964 4027 1055 4066 nome-

247 4087 338 4138 'ratum
356 4085 391 4138 sit
407 4099 441 4138 ac
458 4099 492 4138 ne
509 4097 571 4138 arra
587 4081 694 4152 qrddem
712 4081 776 4136 data
793 4081 882 4136 luerit.
908 4097 972 4134 nam
984 4081 1056 4150 quod

248 4153 328 4206 'arrae
345 4153 451 4206 nomine
474 4151 569 4216 datur,
592 4157 777 4220 argumentum
801 4155 842 4204 est
865 4149 1006 4270 emptionis
1031 4153 1058 4204 et

246 4219 405 4274 'vmdidonis
424 4219 595 4274 contractae.⁴
622 4219 669 4272 sed
686 4219 753 4272 haec
771 4217 878 4288 quidem
915 4217 1056 4286 eemptio-

245 4287 320 4342 nibus
335 4291 362 4342 et
375 4285 579 4352 venditionibus,
594 4301 664 4354 quae
678 4285 735 4340 sinc
749 4285 883 4354 scriptura
897 4285 1056 4350 consistunt,

245 4357 361 4426 optinere
387 4359 507 4424 oportet:
533 4369 596 4408 nam
619 4355 688 4408 nihil
710 4369 726 4408 a
749 4355 827 4408 nobis
854 4353 882 4408 in
904 4353 1057 4408 huiusmodi

244 4423 435 4478 venditionibus
452 4423 608 4478 innovatum
626 4429 675 4478 est.
701 4423 729 4478 in
746 4423 891 4478 bisantem
906 4437 975 4492 quae
990 4423 1056 4478 eori-

244 4497 322 4558 ptora
339 4489 518 4546 conficiuntor
533 4507 588 4546 non
606 4491 685 4546 aliter
701 4489 850 4572 perlectam
866 4507 926 4546 esse
944 4491 1056 4560 emptio·

245 4575 303 4612 nem
329 4563 355 4612 et
377 4561 556 4614 venditionem
582 4561 770 4614 constiturmus
779 4561 809 4624 ¹⁰,
833 4559 884 4614 nisi
908 4565 934 4612 et
956 4559 1056 4614 instru-

244 4631 331 4680 menta
348 4627 488 4696 emptionis
506 4627 606 4680 fuerint
623 4629 777 4696 conscripta
793 4627 836 4684 vel
852 4643 934 4682 manu
947 4627 1057 4696 propria

245 4693 462 4760 contrahentium,
479 4695 521 4750 vel
538 4693 573 4748 ab
590 4695 644 4750 alio
662 4695 769 4762 quidem
785 4695 895 4764 scripta,
914 4711 932 4750 a
949 4701 1056 4750 conoe·

243 4759 321 4816 bento
338 4769 426 4816 autem
444 4761 597 4830 subscripta
614 4769 655 4828 et,
679 4763 701 4816 si
725 4779 773 4834 per
790 4763 961 4818 tabellionem
979 4763 1055 4828 fiunt,

244 4829 292 4882 nisi
314 4835 342 4882 et
365 4829 555 4900 completiones
578 4831 732 4898 acceperint
758 4837 786 4884 et
808 4831 909 4884 ineunt
931 4831 1055 4900 partibus

244 4897 371 4950 absoluta.
398 4897 483 4952 donec
502 4897 572 4952 enim
587 4897 690 4966 aliquid
707 4915 741 4952 ex
758 4899 801 4954 his
818 4899 900 4966 deest,
919 4903 947 4954 et
962 4901 1055 4968 poeni-

243 4963 339 5018 tentiae
361 4963 437 5018 locus
460 4970 501 5020 est
523 4971 551 5020 et
572 4969 663 5034 potest
680 4969 784 5034 emptor
800 4967 842 5020 vel
859 4967 982 5020 venditor
998 4967 1056 5020 sine

242 5045 327 5096 poena
348 5031 479 5086 recedere·
496 5033 531 5086 ab
555 5033 697 5102 emptione.
724 5033 764 5086 ita
779 5039 872 5088 tamen
887 5035 996 5104 impune
1012 5049 1055 5088 re-

243 5097 334 5152 cedere
352 5099 389 5154 eis
405 5101 585 5166 concedimus,
602 5101 655 5154 nisi
671 5101 725 5154 iarn
743 5107 865 5156 arrarum
881 5101 990 5156 nemine
1006 5101 1055 5156 ali·

242 5165 393 5232 quidiirerit
407 5167 512 5222 datums
525 5169 578 5224 boc
595 5167 693 5224 etenim
707 5168 862 5236 subsecuto,
878 5169 975 5224 sivein
989 5169 1054 5224 scri-

242 5233 292 5298 ptis
301 5233 354 5288 sive
364 5233 421 5288 sine
437 5235 544 5306 scriptis
559 5235 678 5290 venditio
694 5235 830 5290 celebrata
847 5241 896 5302 est,
914 5235 938 5290 is
954 5237 1001 5306 qui
1012 5251 1054 5296 re·
1076 5241 1077 5244 ’

242 5305 318 5354 cusat
335 5299 479 5370 adimplere
496 5309 681 5370 connectam,
705 5303 729 5358 si
751 5303 859 5374 quidem
882 5309 988 5374 emptor
1004 5309 1055 5372 eet,

242 5473 271 5540 (ι)
292 5473 348 5524 Gai.
359 5475 383 5536 3,
391 5485 428 5526 ιιι
511 5477 544 5538 (ι)
565 5481 576 5536 ι
588 5487 600 5528 ι
611 5493 641 5526 ec
649 5477 710 5542 Dig.
721 5477 762 5538 46,
772 5485 791 5536 ι,
802 5485 815 5526 a
821 5491 863 5538 pr.
874 5473 946 5536 (Uip.
957 5475 973 5524 l.
983 5485 1010 5526 ιι
1021 5475 1056 5524 od

242 5539 311 5602 Sat.)
389 5543 421 5606 (s)
440 5541 714 5594 idestmeafldeinbeo
725 5539 849 5592 dicoroio
927 5543 960 5604 (4)
978 5541 1055 5606 sicT,

242 5607 410 5656 fideiussorem
419 5609 510 5658 esseB
762 5625 765 5628 ·
1077 5629 1078 5632 ¹

275 5677 306 5732 tat
327 5675 365 5740 Os.
379 5677 576 5736 detentores
598 5677 656 5728 Οοᾱ.
667 5681 690 5740 4,
698 5689 726 5728 so
797 5677 831 5740 (e)
853 5677 912 5728 Coei.
920 5677 945 5740 4,
953 5685 1020 5736 aaut

273 5743 306 5806 (ι)
327 5743 384 5794 oar.
392 5745 516 5806 assaret
527 5745 598 5810 (Dio.
605 5745 647 5810 44,
655 5747 705 5806 ιι)

276 5809 309 5872 (e)
330 5809 366 5872 Cf
375 5811 578 5876 Dip.18,1..19,1
601 5811 771 5874 Caumestes
861 5811 895 5872 (ι)
918 5809 1058 5870 (latores-

1111 1025 1197 1090 batur,
1216 1023 1269 1080 sive
1286 1027 1391 1078 ιοιιιιι
1406 1027 1521 1080 venditio
1538 1025 1592 1080 sive
1609 1041 1671 1080 uon.
1697 1023 1743 1078 sed
1760 1027 1851 1078 nostra
1867 1023 1911 1078 de-

1111 1093 1175 1148 cisio
1185 1093 1206 1126 ¹²
1223 1093 1261 1148 ita
1278 1093 1329 1146 hec
1347 1093 1498 1158 constituit,
1516 1099 1554 1158 ut,
1573 1093 1694 1164 quotiens
1712 1091 1751 1146 sic
1769 1093 1914 1160 composita

1110 1159 1146 1214 sit
1161 1159 1277 1216 venditio
1295 1159 1395 1228 ‘quanti
1411 1159 1455 1214 ille
1471 1161 1664 1228 aestimaverit,
1688 1161 1736 1216 sub
1754 1159 1806 1214 hac
1823 1159 1914 1214 condi-

1111 1227 1186 1282 cione
1203 1233 1288 1282 staret
1305 1231 1473 1294 contractos,
1496 1233 1539 1294 ut,
1564 1231 1587 1286 si
1610 1231 1714 1300 quidem
1731 1229 1788 1298 ipse
1805 1227 1850 1298 qui
1867 1243 1914 1282 no·

1110 1297 1225 1378 minatus
1243 1299 1284 1378 est
1299 1293 1413 1376 pretium
1431 1295 1572 1364 definierit,
1597 1297 1746 1354 omnimodo
1769 1295 1915 1352 secundom

1111 1379 1167 1420 erus
1184 1369 1392 1422 ambmaoenem
1409 1368 1436 1418 et
1471 1365 1566 1420 retium
1583 1367 1748 1436 persolvatur
1761 1371 1788 1422 et
1801 1381 1844 1420 res
1859 1369 1914 1418 tra-

1110 1431 1198 1498 datur,
1217 1437 1248 1486 ιι
1256 1433 1277 1466 ¹³
1293 1431 1409 1486 venditio
1424 1381 1470 1486 atiJ
1473 1433 1596 1486 effectum
1629 1435 1778 1502 ordonatur,
1797 1441 1916 1504 emptore

1128 1501 1215 1554 uidem
1232 1515 1266 1554 ex
1283 1505 1371 1570 empto
1388 1499 1531 1564 coroner,
1549 1515 1599 1556 ven
1626 1507 1683 1558 tore
1700 1509 1788 1558 autem
1803 1519 1836 1558 ex
1850 1519 1912 1558 ven·

1130 1567 1165 1624 'to
1189 1573 1292 1636 agente.
1325 1567 1477 1622 sinautem
1498 1567 1543 1620 ille
1566 1569 1612 1636 qui
1634 1571 1782 1624 nominatos
1809 1575 1850 1626 est
1874 1571 1916 1624 vel

1109 1637 1224 1690 nolucrit
1240 1635 1281 1690 rei
1297 1651 1352 1690 non
1368 1633 1485 1716 petiuerit
1501 1635 1616 1704 pretium
1632 1637 1754 1704 definire,
1778 1643 1843 1694 tunc
1866 1655 1914 1708 pro

1110 1705 1191 1760 nihilo
1217 1719 1276 1760 esse
1300 1703 1475 1760 rendrtionem
1501 1705 1578 1774 quasi
1603 1705 1676 1758 nullo
1698 1705 1782 1774 pretio
1806 1711 1913 1762 statuto.

1109 1773 1181 1842 quod
1197 1771 1239 1828 ius
1258 1789 1317 1828 cum
1334 1771 1362 1826 in
1379 1771 1572 1828 venditionibus
1590 1771 1666 1828 nobis
1682 1775 1789 1840 placuit,
1807 1789 1861 1828 non
1876 1779 1916 1830 est

1109 1839 1254 1894 absurdum
1277 1839 1355 1894 etin
1377 1841 1555 1894 locationibus
1579 1845 1606 1894 et
1623 1841 1842 1896 conductionibus
1861 1849 1914 1896 tra-

1109 1911 1125 1962 2
1159 1909 1230 1962 here.
1270 1909 1370 1962 15Ἰιιιι
1387 1907 1501 1976 pretium
1517 1907 1546 1962 in
1563 1913 1702 1962 numerata
1718 1909 1831 1978 pecunia
1849 1927 1913 1964 con-

1109 1975 1210 2032 *sistere
1227 1975 1314 2032 debet.
1343 1991 1405 2030 nam
1421 1975 1449 2030 in
1467 1975 1562 2032 ceteris
1579 1975 1659 2032 rebus
1676 1991 1712 2030 an
1728 1975 1841 2044 pretium
1859 1993 1917 2032 esse

1110 2043 1217 2112 possit,
1234 2043 1317 2106 veluti
1332 2043 1411 2110 homo
1429 2047 1477 2100 ιιι
1493 2043 1593 2098 fundus
1611 2049 1659 2098 aut
1675 2049 1737 2112 toga
1754 2045 1862 2100 alterius
1878 2047 1917 2098 rei

1109 2113 1116 2134 ’
1134 2113 1230 2166 retium
1248 2125 1308 2168 esse
1324 2113 1422 2182 possit,
1439 2111 1515 2168 valde
1531 2113 1718 2182 quaerebatur.
1754 2111 1868 2170 Sabinus
1890 2119 1917 2168 et

1110 2127 1227 2236 *gessius
1250 2179 1329 2236 etiam
1350 2179 1379 2236 in
1396 2181 1449 2236 alia
1466 2197 1495 2236 re
1511 2187 1610 2250 putant
1626 2197 1706 2250 posse
1722 2181 1836 2250 pretium
1853 2197 1916 2236 con-

1109 2247 1224 2304 *sisterer
1238 2303 1239 2306 ,
1251 2249 1323 2304 uode
1343 2249 1410 2302 illud
1433 2255 1486 2314 est,
1513 2251 1585 2330 quod
1607 2251 1686 2320 vulgo
1709 2249 1848 2304 dicebatur
1869 2265 1917 2318 per

1109 2317 1434 2386 'permutedonemrerum
1449 2323 1608 2386 emptronem
1623 2323 1650 2372 et
1663 2317 1838 2372 venditionem
1853 2331 1917 2372 con-

1109 2383 1187 2440 *uam
1211 2401 1323 2454 eamque
1343 2385 1459 2456 speciem
1483 2387 1623 2456 emptionis
1646 2385 1856 2456 venditionisqoe
1872 2401 1916 2440 ve-

1109 2453 1288 2508 tustissimam
1313 2467 1385 2508 esse:
1403 2459 1618 2524 ,argumentoque
1643 2455 1788 2510 utebantur
1814 2453 1917 2508 Graeco

1109 2521 1198 2590 'poeta
1213 2521 1344 2586 Homero,
1368 2521 1414 2590 qui
1436 2521 1525 2590 aliqua
1547 2527 1626 2592 parte
1643 2521 1786 2578 exercitum
1802 2521 1917 2576 Achivo-

1109 2587 1175 2644 ’rum
1196 2589 1287 2644 dnum
1307 2587 1359 2656 sibi
1382 2605 1552 2660 comparasse
1575 2591 1614 2646 ait
1634 2591 1791 2662 permutatis
1809 2591 1917 2660 quibos·

1109 2657 1178 2712 'dam
1194 2659 1284 2724 rebus,
1301 2659 1344 2714 his
1361 2659 1447 2716 verbis
1457 2659 1491 2714 ἰι

1175 2757 1261 2812 ἔνθεο
1277 2749 1320 2830 ἄρ’
1338 2759 1472 2822 οἰνίζοντο
1490 2761 1713 2832 καρηκομόοιντιι
1727 2753 1834 2824 Ἀχαιοί,

1177 2823 1253 2878 ἄλλοι
1268 2829 1318 2896 μὲν
1331 2825 1429 2894 χαλκῷ,
1451 2825 1526 2882 ἄλλοι
1544 2823 1568 2882 δ’
1586 2831 1692 2882 αἴθωνι
1709 2825 1819 2902 σιδήρῳ,

1177 2891 1254 2948 ἄλλοι
1271 2891 1300 2948 δὲ
1316 2897 1407 2980 ῥινοῖς,
1427 2893 1503 2948 ἄλλοι
1520 2891 1545 2950 δ’
1564 2891 1659 2964 cordos
1676 2893 1776 2966 βόεσσι,

1177 2959 1254 3016 ἄλλοι
1271 2955 1296 3014 d‘
1318 2959 1555 3034 avopootocomfl.
1614 2951 1621 2968 ⁵

1109 3063 1244 3118 *Diversae
1265 3063 1375 3120 scholae
1399 3069 1521 3120 auctores
1546 3069 1641 3120 contra
1662 3067 1813 3120 sentiebant
1835 3065 1920 3118 aliod-

1109 3133 1167 3202 *que
1190 3145 1249 3186 esse
1272 3131 1460 3186 existimabant
1481 3133 1705 3202 permutationem
1720 3147 1824 3198 rerum,
1847 3133 1918 3188 aliod

1109 3199 1277 3268 'emptionem
1300 3205 1327 3254 et
1349 3199 1536 3256 venditionem,
1562 3201 1681 3270 adaquin
1697 3217 1752 3256 non
1769 3217 1849 3270 posse
1865 3217 1920 3256 rem

1109 3265 1235 3334 'expediri
1251 3265 1407 3336 permutatis
1425 3267 1514 3332 rebus,
1532 3283 1602 3338 quae
1618 3267 1740 3322 rideatur
1756 3285 1799 3322 res
1817 3267 1920 3322 venisse

1109 3335 1143 3390 'et
1167 3349 1237 3404 quae
1262 3335 1340 3406 pretii
1364 3335 1471 3390 nomine
1497 3337 1562 3390 data
1588 3351 1660 3392 esse:
1694 3353 1756 3392 nam
1781 3341 1921 3406 utramque

1109 3403 1199 3458 *videri
1223 3407 1250 3456 et
1272 3405 1376 3458 venisse
1393 3409 1421 3458 et
1456 3403 1515 3458 retii
1531 3403 1638 3460 nomine
1655 3403 1746 3458 datam
1763 3419 1821 3460 esse
1838 3405 1920 3460 ratio·

1109 3471 1177 3526 'nem
1201 3485 1256 3524 non
1272 3471 1345 3540 pati.⁴
1371 3469 1419 3526 aed
1464 3473 1550 3526 recoli
1572 3473 1704 3528 sententia
1727 3473 1837 3526 fficentis
1860 3487 1920 3542 per·

1107 3537 1281 3592 mutationem
1298 3537 1433 3608 propriam
1450 3553 1509 3594 esse
1526 3541 1641 3610 speciem
1659 3545 1814 3594 conmeatus
1826 3555 1844 3594 a
1858 3555 1920 3594 ven·

1108 3607 1208 3662 ditione
1233 3611 1386 3676 separatam
1410 3607 1503 3662 merito
1529 3607 1692 3676 praevaluit,
1725 3625 1785 3662 oum
1811 3613 1838 3662 et
1862 3609 1922 3678 ipsa

1108 3675 1167 3730 aliis
1177 3673 1198 3706 ¹⁸
1214 3673 1364 3730 Homericis
1382 3675 1501 3730 versibus
1512 3677 1533 3710 ¹⁹
1550 3675 1692 3730 adiuvatur
1708 3681 1736 3732 et
1748 3675 1921 3730 validioribus

1107 3741 1256 3796 rationibus
1270 3747 1478 3810 argumentatur.
1496 3743 1569 3814 qood
1583 3749 1611 3798 et
1625 3745 1770 3798 anteriores
1786 3743 1839 3798 divi
1847 3745 1920 3812 prin-

1109 3811 1181 3878 cipes
1206 3809 1371 3864 admiserunt
1394 3815 1421 3866 et
1442 3811 1471 3864 in
1493 3811 1593 3866 naamis
1618 3811 1725 3880 digestis
1742 3811 1822 3866 latius
1841 3811 1920 3880 signi-

1108 3881 1123 3932 3
1157 3877 1294 3932 oraturo.
1330 3877 1397 3934 Com
1420 3883 1509 3932 autem
1536 3877 1635 3946 emptio
1660 3883 1688 3934 et
1712 3877 1827 3934 venditio
1855 3895 1920 3934 con-

1107 3949 1196 4000 tracta
1214 3945 1249 4000 sit
1267 3945 1350 4016 {qued
1367 3945 1438 4000 effici
1456 3945 1583 4012 dommus,
1607 3947 1767 4016 simulatque
1784 3947 1818 4000 de
1835 3947 1920 4016 pretio

1108 4013 1269 4078 convenerit,
1287 4031 1348 4068 cum
1366 4015 1423 4070 sine
1442 4015 1574 4084 scriptura
1590 4029 1633 4068 res
1651 4015 1756 4084 agitur),
1773 4015 1921 4084 periculum

1106 4081 1146 4136 rei
1167 4081 1291 4138 venditae
1316 4083 1406 4138 statim
1430 4081 1466 4138 ad
1491 4087 1637 4152 emptorem
1662 4083 1790 4152 pertinet,
1816 4081 1922 4136 tametsi

1108 4149 1197 4204 adhuc
1214 4165 1248 4204 ea
1264 4165 1307 4204 res
1319 4151 1432 4220 emptori
1446 4151 1546 4204 tradita
1560 4165 1614 4204 non
1629 4149 1671 4204 sit.
1697 4149 1790 4216 itaque
1805 4149 1827 4204 si
1841 4149 1921 4204 home

1107 4223 1230 4272 mortuus
1253 4219 1351 4278 sitvcl
1373 4219 1464 4288 eliqua
1486 4223 1564 4288 parte
1587 4217 1707 4286 corporis
1724 4217 1813 4270 laesus
1829 4215 1921 4280 fuerit,

1108 4289 1155 4340 aot
1178 4285 1257 4340 aedes
1280 4291 1354 4342 totae
1376 4291 1425 4340 aot
1446 4285 1536 4354 aliqua
1560 4301 1593 4340 ex
1612 4289 1694 4366 parte
1715 4283 1838 4362 incendio
1856 4299 1921 4338 con·

1108 4357 1231 4420 sumptae
1256 4353 1368 4420 ineunt,
1394 4359 1443 4408 aut
1466 4353 1568 4408 fundus
1593 4369 1620 4408 vr
1642 4351 1759 4406 fluminis
1782 4355 1855 4406 totos
1880 4351 1922 4406 vel

1108 4421 1198 4490 aliqua
1216 4427 1344 4492 exparte
1366 4423 1472 4476 ablatus
1496 4421 1544 4486 sit,
1569 4421 1624 4474 sive
1647 4421 1727 4474 etiam
1748 4417 1922 4474 innodatione

1107 4505 1194 4560 aquae
1211 4495 1260 4546 aut
1277 4489 1416 4544 arboribus
1433 4489 1540 4544 turbine
1559 4487 1668 4542 deiectis
1683 4487 1860 4556 longamines
1874 4493 1923 4542 aut

1107 4557 1223 4624 deterior
1240 4573 1299 4612 csse
1317 4559 1448 4626 eoeperit:
1467 4573 1508 4612 em
1527 4557 1593 4610 toris
1608 4555 1734 4610 damnum
1750 4561 1798 4622 est,
1818 4557 1862 4612 oui
1874 4571 1921 4612 ne·

1107 4641 1183 4682 cesse
1201 4633 1256 4692 est,
1280 4627 1343 4682 licet
1358 4641 1416 4680 rem
1433 4641 1486 4678 noo
1502 4573 1584 4678 iirerit
1601 4627 1712 4690 nactos,
1735 4623 1851 4694 pretium
1868 4625 1921 4680 sol-

1106 4709 1176 4750 vere.
1213 4693 1340 4764 quidquid
1367 4693 1437 4746 enim
1459 4693 1517 4746 sine
1540 4691 1603 4746 dolo
1628 4695 1655 4744 et
1678 4691 1758 4762 eulpa
1778 4693 1922 4748 venditoris

1107 4761 1219 4828 accidit,
1241 4763 1271 4816 in
1294 4777 1326 4816 eo
1349 4759 1471 4816 venditor
1493 4773 1606 4814 securus
1630 4765 1679 4814 est,
1706 4759 1754 4816 sed
1771 4765 1799 4816 ct
1816 4761 1838 4816 si
1860 4765 1924 4832 post

1107 4831 1268 4900 emptionem
1284 4829 1368 4884 fundo
1388 4827 1486 4896 aliquid
1503 4841 1552 4896 per
1569 4827 1728 4882 abusionem
1745 4831 1870 4896 accessit,
1888 4829 1923 4884 ad

1107 4897 1233 4966 emptoris
1243 4897 1412 4954 commodum
1421 4893 1548 4964 pertinet:
1565 4911 1628 4950 uam
1642 4901 1669 4950 et
1682 4897 1851 4954 commodum
1866 4897 1923 4954 eius

1107 4971 1142 5020 3ο
1176 4981 1234 5020 esse
1252 4965 1340 5028 debet,
1358 4963 1435 5018 cuius
1452 4963 1600 5032 periculum
1618 4971 1668 5020 cst,
1696 4965 1773 5034 Quod
1788 4967 1811 5020 si
1826 4965 1923 5036 fugerit

1106 5035 1186 5088 homo
1205 5033 1251 5102 qui
1267 5031 1350 5086 veniit
1366 5035 1414 5088 aot
1436 5031 1580 5114 subreptus
1601 5033 1698 5098 luerit,
1721 5035 1761 5088 ita
1783 5041 1815 5088 ut
1837 5047 1923 5104 neque

1106 5101 1185 5156 dolos
1202 5115 1290 5170 neque
1308 5101 1389 5170 culpa
1404 5099 1548 5156 venditoris
1565 5101 1738 5168 interveniat,
1757 5101 1923 5158 animadver-

1105 5169 1217 5224 tendum
1234 5167 1292 5234 erit,
1310 5183 1346 5222 an
1363 5167 1512 5224 custodiam
1529 5169 1587 5226 eius
1604 5185 1689 5242 usque
1703 5171 1739 5224 od
1752 5171 1925 5226 traditionem

1105 5237 1228 5296 venditor
1254 5237 1410 5306 susceperit
1447 5251 1512 5294 sane
1538 5239 1623 5306 emm,
1649 5239 1674 5294 si
1699 5239 1861 5308 susceperit,
1889 5239 1924 5292 ad

1105 5303 1191 5374 ipsios
1208 5303 1356 5374 periculum
1373 5305 1396 5362 is
1415 5321 1494 5362 casus
1511 5307 1641 5378 pertinet:
1660 5307 1752 5362 onon
1766 5307 1924 5376 susceperit,

1106 5479 1152 5536 (ιο)
1174 5475 1335 5538 Uadorum
1414 5479 1455 5542 (ιι)
1478 5479 1614 5540 (latomo
1694 5479 1738 5542 (ιι)
1760 5477 1925 5536 Cod.4‚ss,rs

1106 5543 1151 5604 (ιι)
1171 5545 1209 5604 ιιι]
1221 5543 1346 5604 Toeto*
1415 5547 1458 5610 (ιι)
1476 5545 1603 5596 actionem
1613 5545 1669 5596 BT
1724 5545 1769 5608 (ιι)
1791 5545 1925 5600 Gaiano

1106 5609 1361 5676 (saltatorem.
1419 5615 1464 5678 (1¹1)
1483 5611 1639 5666 trecasinae
1648 5611 1735 5662 vinum
1744 5609 1925 5672 comparabant

1106 5679 1235 5726 comantes
1244 5679 1344 5740 Achivi,
1361 5679 1407 5728 alii
1422 5695 1485 5742 aero,
1501 5677 1690 5744 aliisplendido
1699 5677 1773 5736 ierne,
1788 5675 1835 5724 alii
1850 5675 1925 5740 pelli·

1106 5743 1163 5806 bos,
1172 5743 1219 5792 alii
1227 5743 1387 5810 ipeisbobus‚
1396 5747 1443 5796 alii
1451 5747 1588 5810 mancipiis
1691 5745 1736 5806 (ιι)
1754 5741 1823 5802 aliis]
1836 5741 1925 5802 Tilox

1108 5809 1167 5860 aliis
1178 5811 1205 5860 Β
1273 5815 1319 5874 (ιι)
1337 5815 1457 5872 loitres.
1468 5813 1569 5878 cfiDip.
1578 5813 1663 5874 18,1,r
1732 5809 1779 5872 (ao)
1799 5809 1925 5872 Diocles
