4366 6258
263 371 430 420 εεεεεεοεε
1055 349 1119 418 233
1272 391 1278 400 -
1773 359 1881 422 XVIII
1904 367 1917 422 1

263 537 288 588 et
305 545 464 598 quamquam
479 533 519 584 ius
533 545 616 598 aquae
629 547 684 584 nou
698 535 832 598 sequatur,
851 531 922 598 quod
939 531 1064 584 amissum
1116 529 1217 590 diverso
1235 533 1345 584 tractari
1361 541 1481 600 oportet,
1505 535 1551 588 ubi
1568 537 1670 602 emptor
1685 529 1790 598 quidem
1807 531 1918 596 sciebat,

263 607 314 662 est,
341 603 459 650 attamen
482 595 587 652 fistulae
608 603 634 650 et
657 597 763 650 εεεειεε
790 597 853 650 dum
875 597 926 652 sibi
948 613 1063 666 sequun-
1115 595 1235 650 venditor
1260 601 1348 650 autem
1367 599 1525 664 ignorabat:
1550 607 1577 654 et
1601 601 1645 654 bic
1670 595 1739 650 enim
1765 601 1869 662 oportet
1895 605 1921 650 et

263 667 329 730 turi,
348 663 424 730 quasi
440 679 504 732 pars
521 663 624 716 aedium
641 663 676 716 ad
693 667 837 730 emptorem
850 665 1014 732 perveniunt.
1037 667 1065 716 ει
1115 661 1289 716 venditionem
1310 667 1382 716 stare
1406 669 1432 716 et
1448 681 1526 718 omne
1541 667 1655 734 pretium
1672 665 1706 718 ab
1724 677 1765 714 em
1783 667 1839 714 tore
1856 675 1920 716 ven-

262 739 299 790 ita
315 731 477 800 Pomponius
495 729 562 784 libro
581 729 681 784 decimo
698 735 783 800 putat.
1115 727 1203 792 ditari,
1221 729 1245 784 si
1261 745 1314 784 uon
1332 729 1365 782 de
1384 745 1477 782 cusum
1495 737 1542 796 est,
1561 733 1626 788 solvi
1644 733 1683 786 vel
1700 729 1724 784 si
1741 677 1857 784 adiutum
1875 727 1920 794 sit,

295 795 333 856 56
352 797 432 852 Iona
445 799 512 852 libro
530 797 668 852 undecimo
686 799 723 850 act
739 797 851 850 edictam
884 797 975 850 Labeo
998 795 1063 850 scri·
1115 799 1131 850 3
1165 811 1220 850 non
1241 797 1332 864 repeti.
1365 745 1445 862 Suet
1467 797 1491 850 ei
1512 805 1622 868 uterque
1642 799 1744 854 sciebat
1767 799 1794 850 et
1817 799 1921 862 emptor

263 869 308 930 bit,
326 865 349 918 si
366 865 430 918 mibi
446 863 632 918 bibliothecam
645 865 683 916 ita
697 863 851 928 vendideris,
869 865 892 916 si
910 863 1064 916 decmiones
1115 867 1142 916 et
1157 863 1276 916 venditor
1294 863 1400 916 domum
1417 877 1476 916 esse
1492 871 1611 918 exustam
1627 871 1711 920 totam
1727 863 1769 920 vel
1785 877 1818 916 ex
1832 865 1919 930 parte,

263 933 389 1000 Campani
404 931 492 986 locum
509 931 572 982 mibi
588 931 773 994 vendidissent,
790 931 819 982 in
836 945 887 996 quo
906 943 964 982 eam
980 943 1063 996 pone·
1114 929 1180 982 nibil
1196 935 1285 984 actum
1301 929 1384 982 fuisse
1401 927 1461 982 dolo
1478 929 1548 982 iuter
1563 937 1701 1000 utramque
1743 939 1826 984 artem
1849 943 1920 982 com·

261 1017 327 1064 rem,
353 1005 379 1052 et
395 1015 444 1068 per
460 1015 502 1052 me
518 1003 582 1062 stet,
606 1015 658 1068 quo
675 1001 762 1052 minus
776 997 807 1074 id
824 1011 840 1048 ε
858 995 997 1074 Campanis
1015 997 1063 1048 im-
1115 997 1251 1114 pensando
1269 1003 1296 1050 et
1312 995 1453 1060 iudici012‘,
1478 995 1548 1074 quod
1566 1011 1599 1050 ex
1615 997 1686 1052 bona
1703 949 1756 1054 fide
1775 995 1918 1060 descendit,

261 1075 369 1140 petrem,
386 1081 441 1120 nou
458 1081 516 1120 esse
533 1065 720 1130 dubitandum,
739 1079 801 1132 qum
819 1067 989 1132 praescriptis
1006 1077 1063 1116 ver·
1134 1063 1176 1116 olo
1195 1077 1227 1116 ex
1244 1069 1356 1132 utraque
1370 1069 1446 1132 parte
1460 1067 1580 1116 vomente
1593 1069 1665 1118 stare
1677 1081 1731 1120 uon
1747 1065 1917 1120 eoncedente.

261 1137 300 1192 bis
317 1133 360 1200 agi
377 1131 469 1200 possit.
497 1147 543 1200 ego
562 1131 640 1186 adam
659 1145 691 1186 ex
708 1129 813 1184 εεειιιιο
831 1129 873 1198 agi
895 1145 975 1198 posse
997 1135 1062 1198 puto
1149 1125 1188 1186 58
1206 1129 1390 1186 Parruraaus
1410 1129 1478 1184 libro
1495 1129 1595 1184 decimo
1613 1133 1800 1198 quaestionum
1833 1131 1920 1186 Arbo-

263 1201 336 1272 qnasi
357 1201 466 1278 impleta
490 1199 657 1264 condicione,
685 1215 744 1252 cum
767 1213 814 1264 per
837 1203 980 1264 emptorem
1004 1201 1062 1260 stet,
1115 1199 1188 1252 ribus
1213 1213 1325 1276 quoque⁴
1340 1201 1418 1252 vento
1441 1195 1548 1276 deiectis
1565 1197 1606 1276 vel
1623 1195 1772 1274 absumptis
1788 1201 1848 1268 igne
1865 1199 1920 1260 dic·

262 1267 812 1402 qudlmddldlrsstlundpdiebdtdrdiceasimoprimo
827 1331 992 1410 adralistum
1016 1331 1063 1384 Li·
1115 1261 1920 1410 6660665666666666161165666εἳῗιξιῖιίἓξῃιεθι6661656ῗῇῗῖ

261 1411 331 1466 tora,
351 1413 419 1468 quae
435 1399 519 1456 tundo
537 1399 641 1456 vendito
661 1401 802 1456 coniuncta
818 1403 894 1462 sunt,
912 1415 941 1450 m
958 1399 1064 1454 modum
1116 1399 1164 1454 dus
1184 1399 1401 1468 comparabatur,
1419 1401 1473 1456 sive
1490 1399 1589 1454 sciente
1606 1413 1660 1454 s1ve
1676 1415 1685 1450 1
1703 1407 1814 1456 norante
1830 1403 1920 1456 vendi-

262 1487 315 1528 non
332 1473 534 1536 computantur,
557 1467 620 1538 quia
635 1469 733 1522 nullius
751 1471 828 1530 sunt,
851 1465 900 1520 sed
920 1467 978 1520 iure
1000 1483 1064 1534 gen·
1115 1473 1188 1522 tore:
1214 1469 1269 1524 sive
1292 1473 1382 1522 autem
1403 1473 1505 1538 emptor
1529 1465 1630 1522 sciebat
1655 1415 1702 1520 ved
1717 1467 1857 1534 ignorabat
1880 1471 1922 1524 vel

261 1539 325 1594 bum
347 1535 467 1588 ominibus
491 1543 601 1590 vacant:
627 1551 677 1590 nec
701 1535 759 1588 viae
785 1535 907 1604 publicae
933 1539 978 1588 aut
1004 1536 1065 1590 loca
1116 1543 1227 1602 uterque
1244 1553 1348 1602 eorum,
1370 1537 1437 1592 baec
1454 1537 1587 1606 optinent,
1612 1549 1680 1602 quae
1695 1533 1921 1604 insuperantum

261 1603 379 1672 religiosa
395 1603 437 1656 vel
454 1619 539 1658 sacra.
564 1605 653 1672 itaque
666 1607 697 1656 ut
710 1601 852 1672 proficiant
864 1603 1000 1666 venditori,
1020 1617 1064 1656 ca·
1118 1603 1221 1658 casibus
1238 1621 1287 1672 pro
1306 1605 1415 1660 aedibus
1433 1605 1504 1658 dicta
1521 1609 1592 1658 suut.

261 1673 313 1726 veri
326 1673 405 1736 solet,
423 1675 454 1724 ut
470 1671 535 1736 viae,
553 1671 615 1726 item
632 1671 710 1726 litora
728 1675 755 1726 et
770 1669 830 1726 loca
845 1669 953 1738 publica
965 1671 995 1724 in
1008 1685 1064 1726 mo·
1150 1667 1190 1728 to
1209 1673 1317 1728 Onasus
1331 1673 1398 1726 libro
1416 1677 1508 1726 octono
1526 1671 1686 1742 clipeatorum
1713 1667 1780 1724 Cum
1794 1669 1920 1728 venderes

263 1741 324 1794 dum
342 1739 445 1792 cedant.
1115 1739 1241 1804 fundum,
1266 1757 1322 1796 non
1344 1741 1434 1794 dixisti
1455 1741 1502 1794 ‘ita
1524 1745 1554 1792 ut
1577 1737 1691 1808 optimus
1714 1736 1920 1806 maximusque'r

294 1801 332 1862 52
350 1807 431 1860 Inna
444 1807 511 1860 libro
530 1807 768 1878 quinquepeusimo
788 1811 884 1876 quarto
900 1809 937 1860 cd
950 1807 1065 1862 edictum
1115 1825 1205 1862 verum
1222 1813 1275 1874 est,
1295 1807 1365 1876 quod
1382 1807 1477 1876 Quinto
1494 1807 1584 1862 Mucio
1595 1807 1615 1840 ²³
1631 1807 1767 1876 placebat,
1784 1819 1839 1858 non
1856 1805 1921 1860 libe-

263 1875 374 1928 Senatns
398 1873 513 1938 censuit,
537 1891 570 1930 ne
594 1875 651 1942 quis
677 1873 783 1930 domum
804 1873 924 1928 villamve
941 1875 1063 1938 dirueret,
1115 1891 1188 1942 rum,
1214 1875 1262 1930 sed
1285 1877 1369 1944 qualis
1394 1881 1476 1942 essct,
1502 1875 1613 1930 fundum
1653 1873 1764 1930 raestari
1790 1879 1920 1942 oportere.

261 1957 310 2010 quo
320 1941 648 2012 ειεεειιιιειιεειεεεειεε2
665 1957 730 1996 neve
745 1941 802 2010 quis
816 1941 969 2010 negotiandi
983 1957 1065 1996 causa
1115 1943 1184 1996 idem
1202 1949 1228 1996 et
1245 1943 1273 1996 in
1290 1945 1398 1996 urbanis
1415 1943 1530 2012 praediis
1547 1943 1623 1998 dicen
1641 1959 1686 1996 um
1704 1947 1751 1998 est

261 2025 349 2062 eorum
367 2011 430 2078 quid
447 2011 562 2064 emeret³
579 2011 747 2066 venderetve:
770 2025 858 2078 poena
875 2011 902 2062 in
920 2025 994 2076 eum,
1019 2009 1065 2078 qui
1150 2007 1188 2068 60
1206 2009 1385 2066 Mauortius
1405 2011 1472 2068 libro
1495 2017 1572 2066 serato
1596 2011 1760 2082 clipeatorum
1795 2009 1921 2076 Compre-

260 2077 385 2132 adversus
404 2083 512 2132 senatus
530 2079 679 2134 consultum
701 2077 822 2142 iecisset,
846 2077 992 2132 constituta
1015 2083 1063 2142 εει,
1115 2077 1226 2132 hensum
1250 2083 1308 2134 erat
1325 2079 1381 2146 lege
1397 2079 1553 2134 venditionis
1570 2077 1640 2134 dolia
1657 2079 1794 2146 imaginta
1811 2077 1923 2146 emptori

260 2149 289 2198 ut
314 2143 422 2214 duplum
445 2147 501 2200 eius
525 2149 618 2216 quanti
641 2147 746 2200 emisset
767 2145 796 2198 in
818 2145 950 2200 aerarium
966 2143 1064 2200 inferre
1115 2161 1269 2200 accessura:
1287 2163 1347 2200 cum
1366 2151 1454 2202 essent
1472 2153 1584 2212 centum,
1602 2147 1630 2200 in
1643 2143 1786 2210 venditoris
1799 2143 1859 2200 iore
1871 2161 1920 2212 po·

260 2219 408 2278 cogeretur,
435 2215 462 2266 in
486 2229 546 2268 eum
568 2229 644 2280 vero,
670 2215 715 2282 qui
738 2213 910 2278 vendidisset,
936 2217 967 2266 ut
988 2213 1064 2268 irrita
1115 2219 1213 2268 testate
1229 2229 1387 2284 responsum
1405 2222 1446 2270 εει
1463 2229 1530 2284 quae
1547 2215 1625 2270 vellet
1641 2213 1713 2268 dare.

260 2279 332 2332 fieret
348 2281 462 2336 venditio
470 2285 489 2334 ι
515 2281 594 2352 plane
610 2281 632 2336 si
649 2281 714 2336 mihi
731 2281 844 2350 pretium
861 2281 985 2346 solveris,
1004 2297 1064 2334 cum
1150 2277 1186 2340 61
1204 2281 1356 2338 Insultare
1365 2283 1506 2338 vicensimo
1515 2283 1677 2354 digestorum
1700 2281 1831 2336 Existimo
1840 2295 1921 2350 posse

260 2353 287 2400 tu
313 2347 422 2418 duplum
446 2349 549 2404 aerario
572 2351 683 2416 debeas,
708 2353 811 2418 repetes
835 2363 852 2402 a
873 2365 927 2404 me:
954 2347 1065 2416 quoda
1115 2365 1157 2404 me
1172 2347 1200 2404 id
1218 2349 1288 2418 quod
1311 2365 1398 2404 meum
1421 2355 1461 2404 est
1484 2353 1533 2404 sub
1557 2349 1711 2404 condicione
1733 2363 1832 2416 emere,
1859 2349 1922 2416 quia

260 2431 316 2468 mea
338 2423 414 2484 parte
436 2417 513 2470 irrita
533 2417 606 2470 iacta
624 2423 664 2472 est
681 2417 804 2470 venditio.
833 2431 882 2470 nec
899 2417 984 2470 solum
1001 2417 1063 2470 huic
1114 2415 1212 2472 fortes
1233 2423 1323 2472 eratur
1339 2433 1427 2472 meum
1445 2433 1503 2472 esse
1520 2419 1646 2472 desinere.

260 2487 365 2536 senatus
384 2485 505 2540 considio
522 2485 597 2540 locus
616 2485 677 2550 erit,
701 2485 723 2538 ει
762 2485 803 2538 ειε
826 2499 901 2536 suam
918 2485 1006 2538 villam
1022 2483 1064 2540 vel
1149 2481 1189 2542 62
1240 2485 1740 2556 onnsrrrostidrcqotatcrepolcrum
1773 2485 1824 2554 Qui
1839 2481 1921 2540 officii

260 2551 371 2614 domum,
389 2551 436 2606 sed
453 2557 480 2606 et
497 2553 520 2606 si
537 2553 649 2606 alienam
666 2501 819 2608 vendiderit.
1115 2569 1197 2608 causa
1213 2553 1241 2606 in
1257 2553 1395 2622 provincia
1412 2553 1467 2620 agit
1488 2553 1528 2608 vel
1551 2551 1658 2620 militat,
1681 2551 1790 2622 praedia
1813 2567 1920 2620 compa-

292 2615 329 2674 53
352 2619 443 2674 Gaius
464 2621 531 2674 libro
548 2623 688 2674 ricraamc
707 2627 798 2674 octavo
816 2619 854 2674 ad
869 2617 984 2674 edictum
995 2635 1060 2690 pro·
1114 2635 1176 2674 rare
1192 2621 1221 2674 in
1238 2621 1329 2674 eadem
1346 2621 1482 2688 provincia
1499 2635 1553 2674 non
1569 2625 1670 2690 potest,
1694 2625 1881 2692 praeterquam
1898 2621 1920 2674 si

258 2687 386 2740 rincicte⁵
419 2687 515 2742 Utres
533 2689 657 2758 emptoris
674 2687 735 2752 liat,
755 2685 819 2740 nibil
836 2687 1064 2752 internanarum
1118 2693 1128 2740 ι
1165 2695 1277 2758 paterna
1295 2689 1351 2742 eins
1375 2703 1392 2740 a
1414 2689 1479 2742 fisco
1504 2689 1692 2744 distrabantur.
1728 2687 1778 2756 Qui
1800 2687 1921 2742 nesciens

258 2753 375 2818 solutum¹
395 2755 429 2808 sit
451 2755 565 2824 pretium
588 2771 623 2808 au
646 2771 676 2810 eo
699 2755 806 2810 nomine
828 2755 968 2808 fideiussor
984 2755 1063 2808 datus
1114 2755 1175 2810 loca
1192 2771 1269 2810 sacra
1285 2755 1327 2810 val
1343 2755 1465 2824 religiosa
1481 2755 1522 2810 vel
1538 2757 1645 2824 publica
1659 2773 1708 2824 pro
1723 2755 1833 2824 privatis
1848 2771 1920 2810 com-

258 2821 298 2874 sit.
326 2821 395 2890 quod
413 2829 503 2878 autem
520 2821 552 2876 de
569 2821 724 2878 fideiussore
742 2821 868 2886 diximus,
890 2821 994 2902 plenius
1017 2839 1062 2876 ac·
1113 2823 1230 2892 paravit,
1253 2823 1316 2878 licet
1338 2823 1435 2892 emptio
1458 2839 1513 2878 non
1536 2829 1638 2890 teneat,
1663 2839 1695 2878 ex
1718 2829 1806 2892 empto
1832 2827 1920 2878 ιεεεεε

259 2895 362 2956 ceptum
385 2895 438 2954 est,
466 2891 582 2958 qualibet
605 2891 708 2944 ratione
730 2891 753 2944 si
775 2887 904 2944 venditam
927 2889 1062 2958 depretia
1114 2889 1239 2944 adversus
1256 2891 1419 2944 venditorem
1436 2891 1593 2960 experietur,
1610 2895 1641 2944 ut
1655 2895 1833 2960 consequatur
1848 2891 1921 2960 quod

259 2955 423 3010 satisfactum
439 2965 487 3022 est,
504 2959 586 3010 veluti
600 2959 793 3026 expromissore
808 2961 855 3010 aut
869 2957 978 3026 pignore
991 2957 1062 3022 dato,
1114 2961 1129 3010 2
1164 2957 1284 3010 interfuit
1302 2959 1373 3022 eius,
1396 2975 1429 3012 ne
1447 2957 1620 3026 deciperetur.
1655 2959 1709 3014 Res
1731 2959 1761 3012 in
1784 2959 1920 3014 aversione

259 3025 384 3092 fiproinde
401 3025 444 3090 sit,
464 3039 496 3078 ac
513 3025 537 3078 si
553 3025 666 3094 pretium
683 3025 799 3080 solutum
816 3031 894 3078 esset.
1114 3031 1210 3094 empta,
1229 3025 1251 3078 si
1268 3041 1321 3080 non
1339 3025 1400 3080 dolo
1418 3025 1560 3080 venditoris
1577 3025 1678 3080 iactum
1694 3025 1744 3092 sit,
1762 3025 1797 3078 ad
1813 3025 1919 3094 pericu-

290 3089 329 3148 54
346 3089 465 3146 Pronus
483 3091 550 3148 libro
560 3093 650 3162 primo
664 3093 702 3146 cd
713 3093 827 3148 edictum
842 3091 969 3146 aedilium
983 3109 1062 3146 curc-
1112 3093 1168 3146 lum
1183 3107 1223 3146 em
1243 3093 1307 3146 toris
1319 3093 1469 3160 pertinebit,
1485 3091 1587 3146 etiamsi
1601 3109 1644 3146 res
1659 3093 1797 3160 adsignata
1809 3109 1864 3148 non
1877 3093 1919 3148 sit.

257 3157 319 3212 letam
353 3157 407 3214 Res
430 3159 502 3214 bona
523 3157 576 3214 fide
598 3157 704 3214 εεειιιιε
720 3163 830 3228 propter
846 3159 980 3214 minimam
998 3175 1060 3212 cau·
1148 3155 1187 3216 63
1205 3109 1452 3214 &accaronitae
1466 3161 1577 3230 septimo
1592 3175 1629 3214 erc
1640 3159 1728 3214 Cassio
1764 3159 1830 3214 (lum
1844 3175 1920 3214 servo

257 3241 312 3280 sam
329 3227 447 3294 inempta
464 3227 522 3280 fieri
539 3243 593 3280 non
611 3227 697 3280 debet.
830 3247 833 3250 ‘¹
1114 3225 1234 3280 dominus
1245 3241 1307 3280 rem
1324 3227 1437 3280 vendere
1454 3233 1543 3280 certae
1559 3241 1689 3294 personae
1705 3225 1820 3292 iusserit,
1838 3225 1860 3280 si
1875 3227 1920 3280 alii

290 3291 327 3350 55
346 3295 428 3348 iarn
441 3295 509 3348 libro
524 3295 641 3350 secando
659 3295 696 3348 ad
713 3293 828 3348 edictum
841 3293 968 3346 aedilium
983 3309 1061 3348 curu·
1112 3293 1316 3358 vendidisset¹⁴‚
1340 3309 1420 3372 quam
1445 3295 1490 3346 cui
1514 3293 1602 3348 iussus
1627 3297 1698 3358 erat,
1724 3295 1839 3350 venditio
1865 3309 1920 3348 non

257 3361 318 3414 lium
351 3361 432 3416 Nuda
450 3367 477 3416 et
493 3361 645 3428 imaginaria
662 3359 776 3416 venditio
794 3377 843 3430 pro
861 3375 915 3414 non
931 3359 1005 3414 facta
1022 3365 1062 3412 est
1112 3359 1197 3416 valeta
1220 3361 1289 3414 idem
1306 3361 1371 3414 iums
1388 3361 1416 3412 in
1433 3359 1516 3414 libem
1532 3375 1647 3430 persona
1664 3367 1718 3416 est:
1742 3377 1803 3416 cum
1827 3361 1920 3430 perfici

257 3435 282 3482 et
298 3427 357 3484 ideo
375 3445 426 3482 nec
443 3429 566 3484 alienatio
587 3429 642 3482 eius
659 3429 699 3484 rei
716 3427 805 3482 intelle
824 3427 882 3480 tur.
990 3469 991 3472 ,
1112 3427 1227 3482 venditio
1252 3445 1305 3482 nou
1328 3427 1416 3496 potuit
1437 3427 1465 3480 in
1492 3427 1547 3482 eius
1572 3443 1700 3496 persona,
1728 3429 1771 3484 cui
1796 3427 1920 3484 dominus

289 3493 327 3554 56
346 3497 505 3550 lunulibro
519 3497 792 3568 quinquepeasimoa
825 3493 939 3550 edictum
965 3493 1060 3562 Siquis
1115 3499 1140 3556 ι
1162 3495 1250 3550 venire
1276 3511 1334 3550 eam
1359 3495 1451 3550 noluit.
1492 3495 1722 3550 Demonstratione
1746 3495 1823 3550 fundi
1846 3495 1920 3550 iacta

256 3565 304 3620 sub
318 3565 370 3620 boe
384 3569 464 3634 pacto
480 3565 627 3618 vendiderit
641 3565 772 3626 ancillam,
788 3577 822 3616 ne
835 3565 1010 3630 prostituatur
1026 3567 1059 3626 ει,
1111 3563 1179 3618 fines
1195 3563 1324 3618 nominari
1338 3577 1531 3632 supervacuum
1547 3569 1599 3616 estc
1613 3563 1636 3618 si
1649 3563 1826 3630 nominentur,
1841 3565 1920 3618 etiam

255 3635 278 3688 si
295 3631 507 3688 contrafactum
524 3637 608 3696 esset,
632 3633 671 3686 uti
687 3633 780 3688 liceret
797 3631 819 3686 ει
841 3631 987 3694 abducere,
1012 3631 1061 3684 etsi
1112 3631 1199 3700 ipsum
1220 3631 1382 3686 venditorem
1405 3631 1541 3684 nominare
1563 3637 1681 3700 oportet,
1705 3631 1728 3684 si
1749 3631 1820 3688 forte
1839 3631 1920 3686 alium

255 3703 408 3772 perplures
427 3707 558 3770 emptores
581 3701 742 3768 mancipium
764 3697 943 3764 cucurrerit⁷‚
968 3699 992 3752 ei
1016 3697 1061 3766 qui
1112 3713 1205 3766 agrum
1222 3699 1353 3754 continent
1370 3697 1494 3766 possidet.

255 3769 337 3838 primo
356 3767 465 3822 εεειιιιι
482 3766 630 3822 abducendi
647 3773 768 3836 potestas
785 3765 824 3820 fit.
1148 3763 1187 3822 64
1205 3763 1285 3820 quat
1304 3765 1372 3820 libro
1395 3767 1512 3820 secundo
1534 3765 1709 3836 apostoloram
1743 3765 1854 3822 Fundus
1877 3767 1920 3822 ille

288 3833 327 3894 57
346 3835 465 3890 Pronus
477 3835 543 3890 libro
553 3835 645 3904 quinta
656 3835 693 3888 ad
701 3835 838 3890 Plautium
872 3833 987 3886 Domum
1002 3831 1060 3898 emi,
1112 3837 1153 3886 est
1169 3833 1233 3888 mibi
1250 3837 1277 3886 et
1293 3833 1363 3886 Titio
1382 3839 1499 3912 emptus:
1523 3849 1635 3912 quaero,
1658 3839 1747 3886 unnim
1769 3835 1797 3888 in
1814 3841 1918 3904 partem

256 3919 314 3958 cum
331 3919 390 3958 eam
407 3907 434 3956 et
451 3917 498 3970 ego
516 3907 543 3956 et
559 3901 679 3956 venditor
694 3903 858 3958 combustam
872 3901 1060 3968 ignoraremus.
1113 3917 1148 3954 an
1170 3901 1307 3956 intutum
1329 3901 1443 3956 venditio
1467 3905 1597 3954 consmtat
1619 3917 1653 3954 an
1678 3901 1744 3954 nihil
1766 3907 1857 3956 actum
1874 3903 1918 3956 sit.

255 3971 342 4026 Nerva
365 3971 480 4024 Sabinus
497 3969 604 4024 cassius
627 3969 693 4024 nihil
715 3969 832 4032 venisse,
859 3967 976 4036 quamvis
999 3983 1062 4020 area
1113 3967 1238 4036 respondi
1251 3985 1393 4036 personam
1402 3967 1464 4020 Titii
1478 3983 1641 4036 supervacuo
1656 3967 1840 4036 accipiendam
1853 3973 1920 4036 puto

254 4045 372 4102 maneat,
395 4037 588 4108 pecuniamque
610 4039 724 4090 solutam
749 4033 853 4090 condici
875 4051 954 4104 posse
977 4035 1059 4088 aiunt.
1112 4035 1224 4102 ideoque
1239 4037 1322 4090 totius
1338 4035 1415 4090 tundi
1431 4037 1590 4104 emptionem
1607 4035 1641 4090 ad
1658 4051 1701 4090 me
1717 4035 1857 4104 pertinere.

255 4107 300 4160 sed
318 4107 341 4162 ει
358 4123 420 4174 pars
438 4105 530 4158 domus
548 4109 674 4170 manaret,
692 4103 816 4158 Neratius
830 4103 948 4158 aithac⁹
966 4117 1059 4172 quaes·
1147 4099 1186 4162 65
1212 4103 1293 4156 Iona
1315 4105 1383 4158 libro
1409 4103 1547 4158 undecimo
1573 4105 1748 4174 epistularum
1791 4103 1921 4158 Convenit

254 4175 325 4228 tione
343 4174 456 4228 multum
471 4173 607 4238 interesse,
626 4177 727 4242 quanta
747 4187 810 4240 pars
831 4171 924 4226 domus
938 4171 1060 4226 incendio
1112 4171 1176 4224 mihi
1190 4177 1285 4238 tecum,
1302 4177 1333 4228 ut
1346 4177 1447 4226 eertum
1462 4187 1599 4226 numerum
1613 4171 1760 4240 tegularum
1769 4171 1833 4226 mihi
1842 4171 1920 4226 dares

256 4249 412 4310 consumpta
421 4243 442 4276 ¹⁰
458 4247 626 4310 permaneat,
649 4247 693 4306 ut,
719 4241 742 4294 ει
764 4239 868 4306 quidem
885 4239 996 4308 amplior
1013 4237 1059 4294 do·
1114 4245 1187 4294 certo
1210 4239 1295 4308 pretio
1314 4241 1461 4308 quodut1⁵
1478 4239 1594 4294 faceres:
1613 4245 1702 4294 utrum
1719 4241 1815 4308 emptio
1833 4239 1920 4294 sitan

254 4325 311 4364 mus
328 4327 390 4378 pars
409 4315 504 4362 exusta
521 4315 573 4374 est,
597 4325 651 4362 nou
677 4309 849 4378 compellatur
875 4311 978 4376 emptor
1001 4321 1059 4374 per·
1113 4307 1230 4360 locatio?
1256 4307 1399 4378 respondit,
1418 4309 1441 4362 si
1458 4325 1491 4362 ex
1507 4323 1564 4362 meo
1581 4307 1663 4362 fundo
1681 4307 1782 4376 tegulas
1799 4307 1848 4360 tibi
1862 4305 1919 4360 fae·

254 4375 332 4432 ficere
356 4377 528 4444 emptionem,
552 4375 600 4432 sed
623 4375 701 4430 etiam
718 4375 789 4444 quod
806 4373 875 4428 iorte
893 4375 1009 4430 solutum
1026 4375 1060 4428 ab
1113 4379 1155 4428 tas
1172 4381 1203 4428 ut
1226 4375 1315 4430 darem
1339 4375 1473 4442 convenit,
1500 4375 1657 4444 emptionem
1679 4381 1745 4444 puto
1769 4387 1841 4438 esse,
1865 4387 1920 4426 non

255 4457 284 4498 eo
303 4449 342 4498 est
359 4449 475 4512 repetet:
500 4445 540 4498 sin
563 4459 624 4498 vero
647 4445 687 4498 vel
711 4441 817 4496 dimidia
839 4459 900 4510 pars
918 4441 960 4498 vel
977 4441 1062 4496 minor
1114 4441 1328 4498 conductionem:
1361 4443 1457 4498 totiens
1484 4443 1551 4498 enim
1577 4441 1718 4498 conductio
1745 4441 1856 4494 abcuius
1881 4437 1920 4492 rei

256 4527 333 4580 quam
349 4511 456 4564 dimidia
468 4517 563 4564 exusta
575 4511 663 4576 fuerit,
682 4515 747 4564 tunc
763 4509 923 4564 coartandus
938 4513 978 4564 est
989 4525 1061 4576 emp·
1115 4515 1164 4574 est,
1181 4511 1301 4580 quotiens
1319 4513 1438 4576 materia,
1454 4513 1483 4564 in
1501 4511 1584 4580 qua¹⁶
1600 4509 1698 4578 aliquid
1715 4513 1873 4576 praestatur,
1892 4507 1920 4558 in

255 4585 296 4632 tor
318 4579 495 4632 venditionem
512 4579 655 4648 adimplere
673 4579 855 4632 aestimatione
872 4577 921 4630 viri
937 4577 1001 4630 boni
1019 4591 1061 4630 ar·
1115 4579 1205 4632 eodem
1223 4583 1295 4634 statu
1313 4579 1430 4632 eiusdem
1448 4583 1549 4632 maneta
1569 4577 1689 4646 quotiens
1706 4591 1767 4630 vero
1786 4579 1813 4628 et
1825 4575 1920 4628 immu-

254 4645 353 4702 bitratu
370 4645 471 4712 habita,
488 4651 525 4712 ut,
545 4645 615 4714 quod
632 4663 666 4700 ex
682 4645 766 4714 pretio
785 4651 894 4714 propter
911 4645 1062 4698 incendium
1113 4649 1186 4698 tatur
1205 4651 1230 4700 ει
1247 4645 1393 4712 alienatur,
1418 4645 1514 4714 emptio
1532 4645 1614 4712 magis
1631 4659 1710 4712 quam
1726 4641 1824 4696 locatio
1841 4641 1919 4696 intel·

256 4711 407 4768 decrescere
431 4713 511 4768 luerit
535 4713 685 4778 inventum,
719 4713 753 4768 ab
778 4711 856 4766 huius
882 4711 1062 4780 praestatione
1113 4713 1164 4782 legi
1181 4711 1267 4766 debet.

257 4785 267 4832 ι
302 4783 437 4834 liberetur.
473 4781 520 4834 Sin
538 4789 627 4834 autem
643 4781 764 4836 venditor
781 4779 886 4848 quidem
899 4781 1001 4836 sciebat
1016 4779 1062 4834 do·
1150 4777 1189 4838 66
1208 4779 1378 4834 Pannonius
1398 4781 1465 4834 libro
1490 4779 1644 4852 tripeoa'mo
1661 4777 1755 4850 primo
1778 4777 1816 4832 od
1837 4775 1920 4844 Ortia-

255 4855 392 4902 ntumesse
405 4855 534 4912 exustam,
550 4855 651 4918 emptor
666 4855 755 4904 autem
770 4847 918 4914 ignorabat,
933 4849 1061 4900 nullam¹¹
1115 4853 1168 4902 tum
1186 4847 1305 4904 Mucium
1340 4849 1371 4902 In
1394 4845 1530 4900 vendendo
1553 4845 1635 4900 fundo
1653 4843 1783 4914 quaedam
1800 4845 1920 4902 ebamsi

255 4917 429 4970 venditionem
452 4921 536 4980 stare,
561 4917 584 4970 si
605 4921 662 4972 tota
686 4917 778 4972 domus
801 4919 864 4968 ante
886 4915 1062 4968 venditionem
1114 4933 1168 4970 non
1192 4915 1357 4982 dicanturffl,
1382 4915 1542 4986 praestanda
1563 4920 1638 4980 sunt,
1661 4913 1743 4968 veluti
1765 4931 1799 4970 no
1820 4913 1920 4972 laudm

256 4989 347 5038 exusta
371 4983 418 5038 sit:
443 4983 467 5038 si
489 4999 550 5038 vero
574 4989 787 5054 quantacumque
809 4997 872 5050 pars
890 4981 1004 5038 aedificii
1020 4999 1061 5038 re·
1114 4985 1251 5038 enecatur
1268 4989 1316 5038 aut
1329 5001 1393 5038 usus
1406 4983 1510 5038 fructus
1524 4981 1589 5048 eius,
1607 4983 1737 5050 quaedam
1753 4983 1792 5038 ita
1805 4983 1918 5050 demum,

254 5057 373 5116 maneat,
398 5057 426 5104 et
449 5055 521 5106 stare
537 5051 713 5106 venditionem
731 5059 757 5106 et
772 5049 935 5106 venditorem
953 5051 1063 5120 emptori
1115 5053 1138 5106 si
1155 5053 1226 5108 dicta
1244 5053 1311 5118 sint,
1333 5053 1413 5108 veluti
1436 5053 1504 5106 uam
1527 5053 1578 5104 iter
1600 5057 1689 5104 actum
1706 5067 1792 5122 aquae
1809 5053 1919 5108 ductum

254 5119 269 5168 2
304 5119 375 5188 quod
396 5119 507 5174 interest
529 5119 676 5174 restituere.
712 5119 795 5174 Simili
812 5133 917 5188 quoque
933 5119 1011 5172 modo
1031 5133 1063 5172 ex
1114 5125 1251 5190 praestata
1265 5121 1311 5176 iri:
1325 5121 1395 5176 idem
1409 5119 1477 5174 etin
1492 5119 1661 5174 servitutibus
1670 5123 1832 5178 urbanorum
1840 5137 1917 5194 prae·

255 5287 638 5352 {ildumibireliuquuntursca
689 5291 913 5354 tiladquireturF
953 5291 1059 5352 (ιιεειε-
1113 5290 1183 5356 plum
1197 5293 1251 5342 eius
1268 5293 1356 5356 quanti
1372 5293 1472 5340 emisset
1485 5291 1512 5340 ιε
1522 5293 1644 5344 aerarium
1652 5295 1746 5346 interra
1755 5299 1884 5362 cogeretur
1894 5299 1919 5344 et

254 5355 322 5404 ritF
425 5359 457 5420 (4)
477 5357 539 5408 Cum
549 5373 567 5406 s.
578 5373 609 5420 c.,
619 5359 686 5422 quod
695 5359 787 5410 factum
798 5363 834 5408 est
844 5357 953 5406 Hosidio
963 5359 1026 5406 Geta
1036 5361 1062 5406 st
1113 5359 1167 5410 eius
1182 5359 1225 5424 qui
1235 5359 1389 5410 vendidisset
1397 5359 1474 5408 inrita
1484 5359 1553 5410 fieret
1562 5363 1680 5414 venditio.
1699 5365 1749 5416 SC.
1764 5365 1918 5416 Volusianum

254 5419 470 5488 braguenses.
488 5461 549 5476 .....
559 5431 660 5476 auctore
675 5425 733 5476 divo
749 5425 853 5476 Claudio
869 5429 971 5476 cautum
987 5429 1060 5488 esset,
1114 5445 1171 5494 ap.
1185 5427 1493 5492 electorali-insertiri)
1540 5431 1572 5496 (5)
1590 5431 1791 5498 provincialesF
1838 5431 1871 5496 (t)
1889 5437 1919 5482 ut

254 5503 284 5536 ue
293 5493 348 5554 quis
358 5493 459 5544 domum
468 5493 582 5544 villamve
593 5493 703 5544 timuerat
713 5497 771 5560 qu[o
781 5495 848 5558 plus]
858 5493 908 5542 sibi
918 5493 1061 5558 adquireret
1114 5495 1229 5546 inaHal.
1281 5497 1314 5558 (t)
1323 5495 1479 5546 concurrerit
1487 5497 1526 5548 F²
1577 5501 1763 5566 ts)vendidit8
1809 5499 1918 5560 ttlhano

255 5557 291 5614 (ut
300 5559 421 5612 diruendo
431 5561 488 5626 plus
497 5561 641 5624 adquireret
654 5579 727 5626 quam
737 5563 825 5626 quanti
835 5563 936 5612 emisset
944 5559 1059 5612 serta.
1112 5563 1138 5614 F
1193 5565 1237 5626 (1οι
1247 5563 1288 5624 sit,
1298 5567 1393 5626 quanta
1402 5565 1448 5616 ina.
1509 5569 1549 5632 (ιι)
1560 5569 1711 5620 nullomodo
1720 5587 1767 5620 scr.
1823 5569 1918 5632 (itliu-

254 5625 374 5680 sidiuaum
394 5633 481 5694 ipsum)
502 5629 795 5694 nevequisuegotiandi
811 5645 985 5680 causasarum
1000 5629 1062 5692 quid
1113 5629 1333 5680 diciumScamB
1421 5635 1464 5698 (13)
1484 5635 1577 5688 titioF
1649 5639 1692 5700 (itt
1710 5635 1920 5686 vendendissatF

254 5701 344 5746 emeret
357 5697 512 5758 vanderetre,
527 5711 658 5764 poenaque
672 5699 699 5746 in
709 5701 844 5762 emptorem
854 5697 897 5760 qui
908 5697 1025 5746 adversus
1034 5695 1062 5746 id
1114 5703 1158 5758 ιιιι
1176 5697 1242 5760 quod
1250 5701 1288 5760 ut]
1298 5713 1360 5760 quas
1370 5703 1398 5750 tu
1408 5701 1466 5754 dett.
1525 5705 1569 5770 (lb)
1586 5705 1753 5770 ateaqaoe'
1804 5707 1848 5770 (ιι)
1866 5719 1918 5754 nou

254 5773 273 5814 t.
282 5775 303 5812 a.
312 5761 414 5818 iecisset
423 5765 563 5816 constituta
572 5769 637 5816 esset
647 5765 717 5830 [haec
725 5767 765 5826 ut]
776 5767 819 5830 qni
829 5765 890 5832 quid
899 5765 1000 5816 emisset
1014 5763 1062 5814 du·
1113 5763 1278 5816 conticentur
1286 5765 1312 5814 F
1318 5765 1326 5796 ¹

1682 5857 1713 5908 36
