4366 6258
263 369 372 422 causrs
393 373 539 422 umonns
1075 349 1117 418 63
1821 357 1886 418 -1ΠΙ
1908 361 1928 420 6

261 537 333 592 ‘dolo
351 537 433 604 ipsius
448 539 518 592 actio
533 541 656 606 exempta
669 553 728 590 esee
742 535 858 590 dicetur:
878 551 1066 590 earumremm
1117 535 1145 588 id
1169 541 1210 590 est
1233 539 1266 592 ab
1289 539 1411 592 hostibus
1436 543 1538 606 captus.
1572 549 1634 586 nam
1657 533 1800 600 transfugis
1824 535 1926 588 nullum

261 605 406 658 ‘actionem
422 605 493 658 intra
510 621 622 668 annum,
641 619 693 670 quo
710 601 824 670 primum
842 603 875 656 de
892 619 924 656 ea
941 619 969 656 re
986 617 1066 670 expe·
1118 603 1277 658 credendum
1294 613 1335 660 est
1349 605 1506 660 beneficium
1522 601 1610 668 tribui,
1629 601 1726 680 quibus
1743 607 1867 668 negatum
1886 607 1926 656 est

262 671 488 750 ‘riundipotestas
503 673 561 736 erit,
578 671 642 724 item
656 671 678 724 si
693 685 746 740 qua
761 669 813 724 alia
826 669 1066 724 mihiiustacausa
1116 669 1313 738 postliminium.
1359 679 1465 730 oterant
1481 679 1580 736 tamen,
1606 667 1697 738 quiin
1713 667 1925 736 bostiumpotes·

261 749 331 796 ‘esse
347 739 487 804 videbitur,
504 739 533 790 in
548 739 680 806 integrum
690 739 837 804 restituam,
873 739 927 816 uod
945 739 1000 792 eius
1016 753 1065 806 per
1115 741 1173 790 tate
1206 745 1302 804 esseut,
1319 691 1365 794 1111
1382 747 1461 810 parte
1478 739 1559 796 edicti
1576 735 1712 802 contineri,
1738 751 1792 806 qua
1808 737 1927 808 loquitur

262 811 342 876 ‘leges
365 805 450 874 plebis
473 805 542 862 scita
564 811 674 860 senatus
700 805 822 860 consulta
890 811 934 860 cta
958 805 1065 860 decreta
1117 805 1150 860 de
1166 805 1208 860 his
1244 807 1271 860 ui
1285 807 1315 860 in
1331 809 1458 864 sertimte
1475 811 1581 864 fuerint.

261 875 421 948 ‘principum
437 871 546 928 licebit’
891 901 892 904 ¹
1153 871 1191 930 15
1235 871 1839 934 11111υεί1111(111111111101111111111111
1880 873 1925 928 Ab

293 941 312 1000 2
332 939 981 996 Cunnrsrnaruslc'trosecundocoltctimonitorti
1003 939 1063 994 Hoc
1116 941 1239 996 hostibus
1256 945 1344 994 autem
1362 943 1448 1010 captis
1465 945 1624 1012 postliminio
1637 941 1748 998 reversis
1762 941 1927 994 succimitur
1970 1001 1977 1006 .

260 1013 381 1074 edictum,
405 1009 496 1078 quod¹
519 1007 554 1060 ad
572 1023 617 1062 eos
633 1007 758 1078 pertinet,
781 1009 826 1078 qui
844 1007 868 1062 ei
885 1007 1064 1074 continentur,
1117 1015 1164 1064 aut
1172 1009 1209 1062 ibi
1218 1009 1339 1072 mortuis,
1349 1009 1410 1077 quia
1419 1025 1470 1064 nec
1477 1019 1677 1078 procuratorem
1685 1009 1786 1066 habere
1795 1013 1925 1078 possunt:

260 1081 343 1138 minus
361 1077 389 1130 iu
405 1093 457 1132 usu
473 1075 670 1144 frequentatur:
688 1075 840 1130 huiusmodi
857 1075 927 1130 enim
943 1075 1064 1144 personis
1117 1091 1177 1132 cum
1191 1075 1250 1132 aliis
1264 1075 1467 1146 suprascriptis
1483 1079 1561 1132 etiam
1576 1097 1624 1148 per
1631 1081 1832 1150 procuratorem
1840 1077 1928 1146 possit

260 1153 333 1204 extra
358 1145 477 1198 ordinem
499 1143 541 1198 ius
566 1145 664 1198 dicitur
689 1159 723 1198 ex
748 1149 858 1198 senatus
884 1143 1013 1204 consultis
1039 1149 1065 1198 et
1116 1143 1249 1200 subveniri
1266 1149 1440 1214 praeterens,
1459 1145 1685 1214 quiinservitute
1700 1145 1858 1204 detinentur.
1877 1159 1925 1216 ego

261 1225 271 1272 1
290 1213 480 1284 principalibus
506 1213 748 1268 constitutionibus.
783 1213 844 1268 Hoc
867 1217 956 1268 autem
979 1211 1065 1282 capite
1117 1219 1206 1268 autem
1223 1211 1302 1268 etiam
1319 1211 1425 1266 nomine
1442 1213 1506 1278 eins,
1525 1213 1569 1280 qui
1584 1215 1700 1272 hostium
1717 1217 1818 1286 potitus
1836 1219 1884 1280 est,
1903 1213 1926 1268 si

260 1285 414 1342 1111111111
431 1279 567 1350 inprimis
591 1279 627 1348 hi,
652 1279 696 1348 qui
713 1285 799 1336 metus
818 1297 902 1336 causa
918 1279 1063 1336 afuissent:
1117 1285 1224 1336 curator
1232 1283 1272 1346 tut
1279 1279 1530 1350 plerumquetiuerit
1537 1281 1612 1336 bonis
1622 1285 1791 1350 constitutus,
1800 1283 1926 1338 amilium

260 1347 1070 1412 1111111111111111111111111111111111111111111111.
1119 1353 1129 1400 t
1167 1355 1317 1418 competere
1327 1349 1456 1402 existimo.
1491 1351 1552 1402 Non
1565 1349 1652 1404 minus
1661 1359 1751 1408 autem
1760 1352 1794 1408 ab
1802 1351 1926 1408 hostibus

292 1415 478 1476 3111111111
497 1367 567 1472 11111
590 1417 747 1472 duodecino
772 1417 810 1472 od
825 1417 940 1472 edictum
974 1417 1065 1472 Metus
1117 1423 1196 1486 capto
1214 1417 1313 1486 qnam⁷
1335 1417 1373 1470 ibi
1390 1423 1464 1480 nato,
1507 1417 1536 1470 ui
1551 1417 1739 1486 postliminium
1756 1421 1846 1486 habet,
1864 1435 1925 1474 suc·

259 1491 344 1544 autem
362 1499 444 1540 causa
461 1483 555 1540 abesse
571 1483 684 1550 videtur,
708 1485 754 1554 qui
770 1485 841 1540 iusto
859 1483 956 1540 timone
971 1485 1064 1540 mortis
1117 1489 1131 1538 2
1168 1499 1275 1540 cursum
1297 1483 1408 1540 videtur.
1444 1483 1473 1538 si
1490 1433 1586 1538 1111111
1607 1483 1700 1540 iniecti
1722 1489 1819 1544 missus
1846 1487 1926 1542 sitin

259 1555 297 1612 tel
319 1553 450 1608 cruciatus
470 1551 588 1622 corporis
606 1553 765 1606 conterritus
789 1555 882 1606 abest:
906 1557 933 1606 et
955 1555 1008 1608 boc
1032 1569 1065 1606 ex
1116 1553 1197 1606 aedes
1213 1553 1317 1618 militis,
1342 1553 1365 1606 si
1388 1552 1494 1622 quidem
1518 1555 1658 1622 praesente
1674 1567 1705 1606 en
1722 1555 1800 1610 iussit
1817 1561 1927 1626 praetor

258 1621 353 1678 affectu
370 1621 426 1674 eius
443 1619 610 1690 intellegitur.
629 1621 746 1676 sednon
764 1621 866 1674 sufficit
879 1621 997 1690 quolibet
1010 1627 1064 1676 tar·
1115 1621 1255 1690 possideri,
1265 1637 1319 1676 non
1326 1621 1484 1686 restituitur,
1493 1621 1536 1672 sin
1544 1635 1604 1674 vero
1615 1619 1725 1674 absente
1734 1637 1774 1686 eo,
1784 1623 1926 1680 dicandum

257 1705 315 1746 rore
331 1687 476 1742 abductum
492 1687 619 1754 timuisse,
643 1687 690 1742 sed
706 1689 785 1744 huius
803 1689 842 1744 rei
860 1687 1006 1758 disquisitio
1024 1689 1064 1742 iu·
1116 1695 1132 1744 3
1167 1689 1301 1744 subreniri
1319 1689 1343 1744 ei
1361 1687 1464 1752 debere.
1490 1687 1543 1742 Sed
1559 1687 1630 1756 quod
1647 1687 1801 1756 simpliciter
1816 1699 1927 1758 praeter

259 1757 320 1812 dicis
337 1761 384 1810 est.
1117 1755 1200 1810 edixit
1216 1757 1359 1826 ‘posteave’
1376 1757 1415 1810 ita
1433 1753 1615 1822 accipiendum
1633 1759 1682 1820 est,
1699 1759 1737 1820 nt,
1755 1755 1779 1810 si
1794 1757 1923 1814 inchoata

289 1821 308 1878 4
327 1821 977 1880 Carrrsrmmstttrosemndoedtatmoattort
997 1823 1065 1880 item
1117 1825 1152 1880 sit
1169 1823 1256 1878 bonae
1264 1825 1325 1880 fidei
1333 1823 1496 1894 possessoris
1511 1823 1656 1878 demutatio
1671 1827 1733 1876 aute
1748 1823 1895 1880 absentiam
1905 1827 1923 1892 ⁸,

257 1891 291 1956 bi,
309 1891 353 1960 qui
368 1891 408 1944 rei
427 1891 551 1960 publicae
568 1907 651 1948 causa
668 1891 726 1948 sine
749 1891 810 1946 dolo
827 1893 899 1948 malo
924 1891 1063 1948 afuissent.
1115 1891 1192 1946 finita
1201 1899 1411 1958 autemrererso,
1420 1891 1593 1948 restitutionis
1601 1891 1926 1948 auxiliumlocumhabeat

258 1959 343 2014 dolum
365 1959 464 2014 malum
490 1975 521 2014 eo
546 1961 678 2028 pertinere
704 1959 811 2028 accepi,
843 1965 875 2014 ut
899 1961 944 2030 qui
968 1959 1065 2016 reverti
1116 1975 1171 2014 uon
1180 1963 1346 2032 quandoque,
1364 1961 1413 2014 sed
1426 1961 1465 2014 ita
1475 1961 1587 2026 demum,
1605 1959 1707 2014 siiutra
1715 1959 1849 2014 modicum
1857 1965 1925 2014 tem-

257 2030 644 2150 ttttstttttttttt
662 2029 903 2152 11111111
914 2029 1065 2152 bittit
1116 2027 1925 2164 11111111111111111111111111

257 2161 360 2218 alterius
377 2163 484 2230 grandis
509 2137 648 2218 commodi’
663 2163 789 2232 captandi
812 2165 899 2234 gratia
921 2163 950 2218 id
974 2165 1062 2234 egerit,
1115 2179 1178 2218 nam
1196 2179 1263 2230 eum,
1281 2137 1326 2234 qu’i
1343 2163 1432 2218 differt
1448 2137 1650 2230 restitutionem,
1668 2179 1723 2218 non
1740 2155 1797 2218 esse
1815 2161 1925 2218 audieu-

257 2231 338 2284 atrei
356 2233 480 2298 publicae
498 2247 580 2286 causa
597 2233 711 2296 abesset,
736 2233 780 2286 et2
803 2237 948 2288 revocatur
962 2233 996 2288 ab
1010 2233 1063 2288 isto
1116 2231 1179 2284 dum
1195 2233 1322 2288 Neratius
1340 2233 1441 2286 scribit.

257 2297 399 2368 privilegio,
1152 2297 1191 2356 16
1208 2299 1328 2356 Pennus
1339 2299 1407 2356 libro
1423 2299 1579 2356 duodecimo
1595 2299 1632 2354 ud
1640 2299 1754 2354 edictum
1779 2299 1842 2354 Non
1856 2299 1926 2354 enim

288 2363 473 2420 itineratus
492 2367 561 2422 libro
584 2367 740 2422 duodecimo
764 2367 802 2422 od
823 2367 938 2422 relictam
969 2367 1065 2436 etqui
1115 2367 1314 2436 relegentibus
1338 2369 1502 2434 subvenitur,
1527 2369 1575 2422 sed
1590 2367 1748 2422 necessitate
1765 2383 1853 2422 rerum
1875 2367 1924 2420 im-

257 2431 315 2486 data
338 2449 420 2512 epera
443 2439 471 2490 et
493 2435 551 2492 siue
571 2435 646 2490 lucro
669 2437 722 2490 hoc
746 2433 924 2514 affectaverit:
953 2437 994 2490 vel
1019 2435 1065 2504 qni
1116 2451 1151 2516 pe
1172 2435 1222 2490 '‘tis.
1241 2439 1377 2558 totumque
1385 2435 1458 2492 istud
1466 2437 1575 2490 arbitrio
1584 2435 1714 2506 praetoris
1724 2435 1926 2504 temperabitur,

258 2505 384 2578 maturius
408 2503 546 2574 profectus
572 2509 627 2560 est:
653 2503 695 2558 vel
720 2503 774 2558 litrs
799 2503 885 2572 gratia
911 2505 1001 2572 coepit
1025 2503 1065 2560 rei
1115 2503 1144 2558 rd
1161 2509 1203 2558 est
1218 2509 1251 2558 ut
1265 2503 1305 2558 ita
1341 2519 1428 2560 smum
1444 2505 1575 2570 restituat,
1595 2503 1860 2572 aiuouueglegentia
1879 2503 1926 2560 sed

257 2567 374 2642 pubhcae
392 2587 475 2626 causa
489 2575 591 2626 abesse.
611 2571 658 2626 sed
671 2573 738 2626 haec
754 2571 868 2626 adiectio
884 2571 938 2626 doli
952 2573 1014 2626 mali
1028 2571 1065 2626 ad
1115 2573 1241 2638 temporis
1259 2573 1381 2640 angustia
1398 2589 1454 2628 non
1470 2577 1616 2644 potueruut
1631 2573 1704 2626 litem
1722 2571 1873 2626 contestari.

257 2639 291 2692 rei
308 2639 431 2708 publicae
449 2655 532 2696 causa
548 2641 672 2694 absentes
689 2639 817 2704 refertur,
843 2655 899 2692 nou
926 2641 1006 2694 etiam
1029 2639 1064 2694 ad
1151 2637 1189 2698 17
1214 2641 1598 2708 Utrrmuslibroduodccimo
1614 2639 1780 2696 adralistum
1805 2639 1926 2694 lulianus

257 2723 319 2770 eum,
336 2709 381 2828 lqni
398 2713 485 2762 metus
503 2723 601 2764 causa:
620 2707 744 2776 quoniam
762 2707 852 2762 nullus
869 2713 956 2786 metus
974 2713 1023 2774 est,
1040 2707 1065 2764 si
1114 2707 1182 2764 libro
1201 2713 1295 2776 quarto
1314 2707 1407 2764 scribit
1424 2725 1479 2762 unu
1496 2709 1582 2764 solum
1599 2709 1726 2764 adversus
1742 2723 1926 2776 possessorem

258 2781 268 2828 t
303 2775 377 2830 dous
403 2775 552 2830 intercedit
597 2775 650 2830 Sed
675 2775 720 2844 qui
746 2775 849 2830 Romae
875 2789 915 2830 re1
939 2775 1064 2844 publicae
1114 2775 1270 2830 hereditatis
1296 2777 1528 2830 111111111111111
1557 2777 1647 2842 militi,
1678 2791 1770 2830 rerum
1796 2774 1925 2830 aduersus

257 2845 350 2896 causa³
374 2857 483 2910 operam
501 2843 574 2908 daut,
598 2843 636 2896 rei
650 2843 775 2912 publicae
789 2857 872 2898 causa
886 2857 941 2896 non
956 2843 1063 2908 absunt,
1115 2857 1161 2898 cos
1180 2859 1299 2912 quoque,
1325 2845 1370 2913 qui
1386 2859 1403 2898 a
1420 2859 1575 2914 possessore
1592 2849 1726 2910 emerunt,
1749 2849 1781 2896 ut
1796 2843 1926 2898 vindicari

287 2907 304 2968 6
322 2909 440 2968 Pactus
459 2911 528 2968 libro
552 2911 709 2968 duodecimo
733 2911 771 2966 ad
791 2911 906 2968 edictum
946 2917 977 2964 ut
1001 2917 1064 2966 sunt
1115 2927 1158 2966 res
1175 2913 1287 2980 possint,
1305 2911 1420 2968 similes
1438 2913 1611 2968 hereditatem
1628 2911 1796 2980 adgnoterit:
1814 2911 1926 2980 quodsi

259 2995 297 3034 ma
316 2979 432 3034 'stratus
994 3035 996 3038 ,
1114 2979 1340 3048 nonadgnovsrit,
1358 2995 1392 3034 ex
1426 2981 1550 3036 estfacto
1564 2983 1754 3050 usucapionem
1763 2981 1927 3050 processisse

287 2995 471 3104 lngnmsnus
486 3047 555 3102 libro
572 3047 729 3102 duodecimo
747 3047 786 3100 ool
806 3049 923 3102 cdo'ctum
962 3047 1063 3100 Milites
1117 3053 1128 3102 1
1165 3047 1359 3102 manifestatur.
1420 3067 1465 3102 um
1490 3063 1595 3128 quoque
1612 3049 1656 3102 cui
1678 3049 1716 3104 sic
1741 3049 1857 3118 legatum
1874 3049 1926 3102 sita

257 3119 342 3186 plane,
369 3117 414 3184 qui
431 3115 534 3170 Romae
557 3115 684 3182 militant,
710 3131 759 3184 pro
782 3115 821 3168 rei
838 3115 963 3184 publicae
980 3129 1064 3170 causa
1115 3115 1170 3170 ‘rel
1193 3115 1222 3170 in
1247 3131 1331 3172 annos
1355 3115 1488 3184 singulos,
1512 3117 1608 3184 quibus
1630 3117 1755 3172 initalia
1772 3115 1866 3182 esset'‚
1883 3133 1926 3170 re-

257 3183 404 3238 abseutibus
422 3183 563 3238 habentur.
1114 3183 1291 3250 mittendum,
1315 3187 1346 3238 ut
1364 3183 1467 3252 capiat,
1492 3191 1573 3262 atque
1590 3185 1613 3238 si
1628 3183 1658 3238 in
1673 3185 1753 3238 italia
1770 3183 1881 3248 inisset,
1900 3187 1927 3238 et

287 3247 440 3308 8Pnuncs
462 3251 531 3306 libro
560 3253 639 3304 tertio
665 3249 782 3306 brevium
822 3249 862 3304 Le
881 3251 932 3304 atis
957 3265 1063 3320 qunque
1113 3251 1206 3306 Labeo
1224 3251 1318 3306 scribit
1335 3257 1363 3304 et
1378 3253 1498 3306 Iulianus
1515 3253 1584 3308 hbro
1602 3257 1698 3322 quarto
1717 3257 1745 3306 et
1760 3251 1927 3320 Pomponius

257 3319 452 3388 municipiorum
467 3317 835 3388 succturiturexprincipum
875 3319 931 3372 arci
946 3317 1063 3372 110111-
1113 3319 1182 3374 libro
1197 3317 1347 3400 trigensimo
1360 3319 1586 3400 primoprobaut:
1604 3319 1738 3376 nonenim
1749 3319 1926 3376 dissectionis

257 3387 322 3442 modi
339 3387 538 3442 constitutione.
871 3451 872 3454 Ἴ
1115 3387 1177 3452 exit,
1196 3387 1243 3442 ubr
1250 3393 1381 3456 praetoms
1391 3389 1519 3442 auxilium
1528 3389 1708 3442 necessarium
1724 3395 1789 3454 erat,
1805 3387 1853 3444 sed
1862 3403 1926 3442 con-

287 3453 303 3514 9
323 3453 969 3510 01111111111111111111111111111111111111111
995 3453 1061 3508 Suc·
1115 3455 1184 3508 dicio
1202 3457 1230 3508 iu
1248 3469 1331 3510 causa
1349 3459 1397 3510 est.

257 3525 365 3576 curritur
382 3523 462 3576 etiam
481 3523 518 3588 ei,
543 3523 589 3592 qui
606 3523 635 3574 in
656 3523 769 3576 maculis
786 3521 891 3576 fnisset.
920 3521 991 3592 quod
1008 3537 1062 3574 uon
1151 3517 1189 3580 18
1207 3521 1326 3578 Pennus
1337 3523 1405 3578 libro
1421 3523 1577 3578 duodecimo
1592 3523 1630 3578 cd
1643 3523 1758 3580 edictum
1786 3523 1927 3580 Sciendum

257 3591 335 3646 solum
349 3591 453 3646 adeum
467 3589 591 3658 pertinet,
611 3589 656 3657 qui
663 3589 772 3658 publica
782 3589 905 3644 custodia
914 3595 1061 3652 coercetur,
1115 3595 1168 3656 est,
1188 3589 1260 3658 quod
1275 3589 1304 3644 in
1320 3589 1362 3644 bis
1381 3589 1488 3646 casibus
1505 3591 1680 3646 restitutionis
1698 3591 1826 3646 auxilium
1842 3593 1926 3648 maio-

257 3659 298 3714 sed
311 3659 345 3712 ad
360 3673 543 3728 eumquoqua,
561 3657 608 3728 qui
623 3673 640 3712 a
653 3657 803 3712 latronibus
818 3661 867 3712 aut
881 3657 1062 3724 praedonibus
1113 3657 1188 3712 ribus
1211 3657 1313 3724 damus,
1336 3657 1365 3712 in
1388 3657 1485 3728 quibus
1508 3659 1549 3712 rei
1573 3659 1713 3712 dumtaxat
1729 3661 1927 3730 persequendae

257 3727 294 3784 rel
317 3727 486 3796 potentiore⁴
516 3727 543 3780 ni
572 3741 717 3796 oppressus
740 3725 853 3780 maculis
878 3725 1060 3780 coercebatur.
1112 3725 1364 3796 gratiaquernntur,
1381 3743 1437 3786 non
1451 3743 1512 3780 oum
1528 3733 1554 3782 et
1567 3727 1635 3782 lucri
1649 3727 1926 3782 faciendiexalterius

257 3795 412 3850 vinculomm
438 3799 527 3848 autem
551 3793 695 3874 appellatio
721 3793 801 3848 latius
827 3793 974 3862 accipitur:
1000 3809 1062 3846 nam
1112 3809 1202 3862 poena
1224 3795 1265 3848 vel
1288 3795 1383 3850 damno
1409 3795 1536 3850 auxilium
1554 3795 1604 3850 sibi
1619 3795 1749 3864 impertiri
1766 3795 1925 3852 desiderant.

257 3865 329 3918 etiam
353 3863 471 3916 inclusos
497 3861 579 3916 veluti
603 3861 738 3918 lautumiis
771 3863 921 3916 vinctorum
951 3877 1060 3916 numero
1150 3859 1188 3920 19
1206 3861 1392 3918 Parrnmnds
1406 3863 1475 3918 libro
1494 3865 1572 3918 tertio
1591 3865 1778 3934 quaestionum
1802 3863 1926 3934 Denique

255 3931 341 3986 haberi
357 3931 453 4000 placet,
473 3931 536 4000 quia
552 3931 618 3984 nihil
634 3931 747 3998 intersit,
764 3929 912 4000 parietibus
937 3945 973 3984 an
990 3945 1062 3984 com·
1114 3931 1137 3984 si
1160 3935 1281 4000 emptor,
1303 3931 1459 4000 priusquam
1476 3947 1524 4000 per
1540 3947 1619 3986 usum
1635 3931 1686 3988 sibi
1703 3933 1867 4002 adquireret,
1892 3933 1927 3988 ab

255 3999 360 4066 pedibus
382 4003 513 4054 teneatur.
541 3997 690 4054 custodiam
713 4003 803 4054 autem
825 3997 911 4054 solam
927 3997 1062 4066 publicam
1112 3999 1235 4054 hostibus
1254 4005 1349 4068 captus
1367 4001 1415 4066 sit,
1434 3999 1523 4068 placet
1539 3999 1714 4070 interruptam
1730 4001 1927 4070 pussessionem

256 4069 336 4136 accipi
352 4067 444 4122 Labeo
462 4071 548 4136 putat.
1112 4065 1275 4136 postliminio
1293 4083 1348 4122 uon
1364 4067 1482 4134 restitui,
1508 4069 1571 4136 quia
1592 4069 1660 4122 haec
1682 4069 1740 4124 sine
1778 4069 1926 4124 essessioue

290 4135 325 4192 10
356 4135 503 4190 Utrrsncs
526 4135 594 4190 libro
626 4135 783 4192 duodecimo
809 4133 848 4188 od
872 4133 987 4190 edictam
1030 4135 1062 4186 In
1112 4135 1729 4204 1111111111,111111111111111111111
1758 4137 1812 4192 acti
1829 4136 1927 4190 habet:

256 4203 341 4258 eadam
367 4219 449 4258 causa
473 4207 536 4258 suut
561 4207 588 4258 et
611 4203 657 4272 qui
682 4219 699 4258 a
716 4201 843 4258 militibus
861 4203 1062 4270 stateribusque
1115 4217 1197 4258 causa
1214 4219 1277 4258 vero
1293 4203 1361 4258 iacti
1377 4219 1432 4258 nou
1450 4205 1601 4258 continetur
1616 4205 1788 4274 postliminio.

254 4273 292 4324 rel
306 4271 535 4340 amunicipaiibus
545 4271 697 4326 ministeriis
708 4273 894 4338 adservantur,
913 4271 1060 4342 siprobeu·
1148 4267 1188 4330 20
1204 4271 1359 4326 Innmlibro
1367 4273 1446 4342 111111
1455 4271 1557 4328 decimo
1566 4273 1751 4342 quaestionum
1768 4269 1825 4326 Neo
1835 4271 1927 4324 utilem

254 4345 294 4394 tur
306 4339 343 4394 rei
358 4355 423 4394 suae
437 4355 641 4408 superessenon
655 4339 784 4408 potuisse.
801 4339 830 4394 in
845 4339 958 4396 vinculis
971 4345 1062 4396 autom
1114 4341 1246 4394 actionem
1264 4339 1288 4394 ei
1304 4339 1387 4396 tribui
1404 4345 1518 4408 oportet,
1537 4357 1597 4394 cum
1613 4339 1649 4394 sit
1665 4339 1858 4408 iniquissimum
1877 4355 1925 4392 au-

254 4409 327 4462 etiam
344 4423 388 4462 eos
407 4409 567 4478 accipimus,
593 4407 639 4478 qui
662 4409 701 4462 ita
725 4407 825 4476 alligati
850 4411 927 4474 sunt,
951 4413 983 4462 ut
1004 4409 1062 4462 sine
1112 4407 1183 4462 ferre
1200 4407 1323 4474 domno,
1348 4409 1420 4478 quod
1443 4423 1509 4462 usus
1526 4423 1581 4462 nou
1598 4407 1721 4462 abstulit:
1739 4421 1833 4486 'neque
1856 4405 1926 4462 enim

254 4475 376 4530 dedecore
392 4477 422 4528 in
438 4477 546 4544 publico
563 4489 660 4546 parere
675 4477 856 4544 nonpossint.
1111 4475 1273 4600 intellessltur
1290 4477 1426 4542 amissum,
1445 4477 1515 4546 quod
1534 4477 1653 4530 ablatum
1670 4475 1747 4552 altem
1763 4489 1818 4528 nou
1836 4481 1884 4528 est.

287 4541 320 4600 11
344 4543 557 4600 cinamomum
579 4543 649 4600 libro
674 4543 792 4600 secondo
817 4543 901 4600 edicti
925 4545 1063 4600 monitoria*
1147 4543 1185 4600 21
1232 4559 1358 4600 arianus
1382 4545 1441 4600 ibro
1458 4543 1614 4598 duodecimo
1632 4543 1670 4596 ool
1685 4541 1801 4596 adortum
1832 4543 1926 4608 ‘item'‚

253 4609 284 4664 si
300 4627 350 4680 quo
370 4627 404 4666 ue
422 4611 603 4678 succurritur,
645 4611 675 4666 ui
696 4611 726 4666 in
742 4613 870 4668 servitute
887 4611 982 4678 inerit,
1006 4613 1061 4668 sive
1112 4615 1151 4666 ait
1167 4617 1284 4684 praetor,
1303 4615 1335 4668 ‘si
1352 4613 1411 4684 quis
1421 4615 1443 4646 ¹⁰
1459 4627 1511 4666 usu
1529 4627 1606 4666 suum
1621 4609 1770 4676 fecissem,
1789 4615 1836 4664 aut
1853 4613 1926 4680 quod

253 4629 387 4734 11111111
404 4681 502 4734 serviat
518 4681 597 4735 homo
615 4629 691 4746 111111,
710 4681 765 4736 sire
783 4681 906 4736 detentus
924 4681 968 4736 sit.
1112 4687 1176 4736 ‘non
1192 4681 1292 4738 utendo
1310 4681 1345 4736 sit
1362 4681 1490 4758 amissum
1513 4681 1671 4756 consecutus
1678 4717 1689 4756 ,Ι
1709 4677 1848 4734 actioneve
1871 4697 1926 4750 qua

284 4743 321 4804 12
344 4747 564 4804 Uunrsncsb'bro
574 4747 732 4804 duodecimo
740 4749 902 4804 meledictum
925 4749 1059 4816 Isautem,
1112 4753 1225 4806 ‘solutus
1243 4751 1277 4804 ob
1294 4749 1337 4816 id,
1361 4747 1433 4816 quod
1456 4747 1512 4800 drea
1538 4759 1594 4800 erus
1611 4749 1717 4810 extent,
1742 4761 1803 4802 cum
1827 4747 1926 4804 absens

252 4813 991 4954 1111111111.1111111111111111
1002 4819 1060 4942 ts
1111 4813 1925 4954 111111111111111111111111,11111

251 4951 356 5018 ridetur,
374 4953 500 5022 quamdiu
517 4969 573 5006 nou
590 4957 632 5008 est
648 4953 777 5008 eiusmodi
793 4953 825 5010 iis
844 4959 950 5022 coepta.
1110 4927 1150 5008 ue'
1169 4955 1323 5022 capiantur,
1346 4953 1386 5006 ita
1412 4957 1439 5004 et
1461 4949 1587 5006 adversus
1610 4951 1682 5022 ipsas
1700 4953 1870 5020 succurtitffl,
1889 4927 1925 5008 ne'

284 5017 320 5076 13
343 5019 462 5076 Portas
484 5021 553 5076 libro
579 5019 738 5076 duodecimo
764 5023 801 5076 od
825 5023 942 5078 edictum
975 5021 1060 5076 Recte
1112 5029 1125 5076 t
1163 5023 1279 5092 capiant
1319 5019 1358 5074 Et
1382 5019 1433 5074 erit
1454 5019 1615 5086 notandum,
1639 5023 1711 5091 quod
1732 5023 1793 5092 plus
1815 5027 1926 5092 praetor

251 5083 336 5140 Labeo
355 5089 392 5142 ait
410 5103 471 5144 eum
487 5105 542 5144 nou
560 5089 704 5152 contineri,
728 5089 775 5158 qui
791 5089 859 5144 liber
879 5095 907 5144 et
923 5089 1001 5144 heres
1018 5089 1059 5144 in-
1112 5089 1251 5158 expressit,
1260 5103 1321 5142 cum
1330 5087 1458 5142 adversus
1469 5103 1513 5142 eos
1521 5087 1645 5156 restituit,
1661 5105 1740 5158 quam
1755 5107 1816 5146 cum
1827 5089 1894 5158 ipsis
1904 5091 1926 5122 ¹³

251 5155 354 5208 stitutus
370 5157 413 5222 sit,
430 5162 575 5226 antequam
589 5155 625 5210 sit
640 5155 726 5234 heres,
741 5155 808 5276 ¹spuis
821 5157 1061 5212 neubonahabeat
1111 5157 1249 5212 subvenit:
1273 5171 1336 5210 nam
1359 5155 1403 5208 bic
1426 5171 1482 5234 uon
1505 5161 1591 5212 certas
1601 5167 1602 5170 ’
1614 5173 1744 5226 personas
1763 5159 1926 5212 enumerarit

252 5223 262 5270 1
299 5227 324 5276 et
345 5229 454 5292 praetor
477 5225 510 5278 de
533 5223 625 5278 liberis
648 5227 749 5276 bomini
767 5238 801 5278 us
817 5221 952 5292 loquatur.
988 5225 1059 5278 Puto
1111 5225 1239 5278 adversus
1257 5239 1327 5292 quas
1341 5223 1533 5290 subvemt„ut
1550 5239 1646 5296 supra,
1670 5227 1718 5282 sed
1736 5227 1833 5280 adiecit
1850 5225 1924 5280 clau-

249 5291 361 5344 111111·
377 5293 462 5346 filium
479 5293 595 5348 familias
612 5293 641 5346 in
659 5291 790 5346 castrensi
801 5291 907 5362 peculio
926 5293 1059 5362 pertinere
1111 5293 1206 5358 sulam,
1224 5305 1278 5362 qua
1292 5305 1384 5348 omues
1398 5291 1445 5362 qui
1459 5293 1581 5350 absentes
1596 5311 1652 5350 non
1667 5293 1926 5350 defendunturoom·

251 5357 282 5410 ad
298 5359 349 5414 hoc
368 5359 492 5416 edictum.
1111 5365 1127 5414 2
1161 5359 1256 5430 plexus
1274 5365 1322 5416 est.
1357 5359 1433 5416 Haec
1457 5365 1547 5416 autem
1568 5363 1701 5418 restitutio
1723 5363 1812 5416 locum
1833 5361 1925 5428 habet,

284 5425 320 5482 it
345 5427 559 5488 Omnrsrnarcs
580 5431 648 5486 libro
672 5425 791 5484 ternodo
816 5425 900 5482 edicti
922 5429 1062 5484 monitorit
1111 5429 1167 5484 sive
1184 5443 1233 5496 per
1250 5443 1278 5482 se
1295 5429 1350 5484 sire
1387 5445 1416 5484 er
1433 5431 1568 5486 subiectas
1592 5431 1644 5486 sibi
1659 5445 1789 5500 personas
1806 5445 1859 5482 usu
1876 5429 1925 5482 ad-

250 5489 312 5548 itam
335 5497 360 5550 ei
382 5499 558 5566 succurritur,
582 5499 627 5568 qui
644 5497 977 5564 1111111111111111111115
998 5495 1059 5562 fuit,
1111 5495 1269 5566 quisierunt,
1287 5497 1333 5566 qui
1349 5447 1474 5556 11111111
1491 5515 1546 5556 nou
1559 5497 1777 5562 defendebantur,
1796 5501 1824 5554 et
1837 5497 1884 5562 ita,
1902 5497 1926 5550 si

251 5665 278 5728 (1)
295 5669 360 5730 quod
368 5667 435 5734 Μ,
446 5685 508 5732 quos
518 5671 564 5734 F1,
575 5671 658 5734 quoad
666 5689 713 5722 aar.
851 5667 883 5732 (t)
902 5665 1056 5720 1111111111.
1107 5667 1193 5718 minus
1202 5671 1285 5720 autem
1294 5683 1370 5734 quam
1379 5671 1409 5722 ab
1418 5669 1535 5722 hortibus
1544 5673 1674 5734 captoacr.
1733 5669 1767 5730 (1)
1785 5665 1926 5716 absentiam

250 5733 279 5796 (3)
298 5737 498 5790 causadel.Hul.
541 5735 780 5806 (t)ponteutiore1¹'
821 5735 1056 5800 (4'Jtamen1etiam
1108 5735 1155 5788 dol.
1226 5737 1260 5800 (9)
1279 5741 1478 5790 succurrendiF
1541 5739 1586 5800 (1ο)
1596 5737 1658 5800 qnid
1667 5737 1713 5786 ias.
1777 5735 1817 5794 (11)
1836 5731 1926 5782 iecisse

251 5821 295 5854 arr.
344 5807 375 5868 (s)
393 5807 566 5870 postestatel?
613 5809 646 5870 (6)
665 5803 913 5868 adedladictumF
954 5803 986 5866 (t)
1004 5819 1056 5854 non
1107 5821 1156 5856 sor.
1227 5805 1271 5868 (12)
1289 5807 1491 5870 succurratHal.
1562 5805 1606 5866 (te)
1625 5801 1711 5866 ipsiF
