4366 6258
251 371 291 420 bn
312 369 594 420 sniaannionusns
634 401 636 404 -

251 549 263 598 a
294 535 384 592 iubeat
409 551 469 592 eum
491 533 558 588 nihil
580 533 706 590 minuere.
742 535 819 604 Quod
841 537 866 592 si
887 553 937 592 nec
959 535 1050 616 inopia

250 611 409 670 laborantem
433 619 493 658 eum
517 601 661 658 creditores
680 605 819 658 ostendere
836 607 986 674 potuerint,
1008 621 1049 658 m·

250 675 371 738 lunarum
388 671 494 726 actione
512 671 535 724 ei
551 671 721 726 tenebuntur.

280 739 319 802 32
337 741 455 796 Pinnos
476 739 543 794 libro
564 739 701 808 stapulori
719 739 876 810 repuleram
911 739 1050 808 Privilegia

250 829 298 874 non
311 827 344 866 ex
356 813 410 862 tem
429 821 476 862 cre
488 805 670 870 aestimantur,
689 807 736 862 sed
749 823 782 862 eir
795 823 885 872 causa,
903 813 930 862 et
945 807 967 862 si
980 807 1050 862 eius-

251 887 303 940 dem
320 877 390 930 tituli
407 825 523 940 dierunt,
543 879 714 940 concurrunt,
731 875 793 930 licet
806 875 970 930 diversitates
984 879 1049 928 tem·

251 949 315 1024 poris
332 945 360 1000 in
377 943 419 998 his
437 941 545 996 fuerint.

279 1011 316 1074 33
341 1011 485 1068 Uarianos
506 1009 573 1066 libro
592 1011 670 1066 tertio
687 1009 844 1084 repulerunt
884 1009 913 1064 Si
932 1009 1049 1080 pupillus

251 1105 279 1144 cr
295 1085 434 1138 contractu
451 1095 500 1132 suc
518 1095 572 1134 nou
590 1079 748 1134 defendatur
769 1079 883 1146 ideoque
904 1079 975 1134 bona
993 1079 1050 1132 eius

251 1149 387 1210 creditores
405 1147 543 1218 possidere
560 1149 710 1218 coeperint,
730 1147 874 1202 deminutio
893 1163 926 1200 ex
942 1147 984 1200 his
1002 1147 1049 1202 bo-

254 1231 261 1278 1
295 1219 335 1272 nis
353 1217 410 1270 fieri
428 1215 507 1270 debet
524 1217 648 1270 vescendi
665 1215 759 1284 pupilli
777 1231 867 1268 causa.
902 1213 1050 1270 Defendens

251 1285 388 1346 debitorem
406 1285 476 1340 sicut
493 1291 562 1350 ante,
581 1299 660 1354 quam
678 1285 750 1338 bona
766 1283 824 1336 eius
841 1281 1048 1350 possiderentur,

251 1359 318 1420 licet,
341 1355 380 1408 ita
402 1357 464 1422 post
486 1351 617 1408 bonorum
635 1367 738 1420 qnoque
755 1351 950 1420 possessionem
967 1351 1023 1406 eius
1033 1355 1049 1420 ¹,

251 1429 298 1482 circ
313 1423 372 1492 ipsc
389 1423 444 1486 sui,
469 1421 522 1476 sive
545 1421 613 1476 alius
638 1419 817 1474 defensionem
839 1419 895 1476 eius
913 1419 1048 1490 suscipiat,

250 1493 321 1550 debet
338 1489 481 1556 satisdare,
503 1495 534 1544 ut
556 1489 729 1544 satisdatione
749 1489 906 1558 interposita
923 1487 1049 1546 iudicium

251 1561 302 1618 acci
320 1559 390 1614 intur
408 1565 434 1614 et
452 1575 468 1612 a
485 1557 653 1628 possessione
671 1557 831 1612 discedatur.

278 1577 318 1684 31
335 1627 511 1682 Marcianos
527 1627 594 1682 libro
608 1627 702 1696 quinto
716 1627 873 1696 repuleram
902 1627 979 1696 Quod
991 1629 1049 1696 quis

249 1695 317 1752 navis
335 1695 507 1752 fabricandae
524 1695 564 1750 vel
582 1693 708 1750 emendae
725 1695 766 1750 vel
785 1695 927 1752 armandae
950 1695 991 1750 vei
1007 1697 1047 1750 in-

250 1765 384 1820 struendae
402 1779 484 1818 censa
500 1765 559 1818 vel²
577 1781 629 1834 quc
648 1779 683 1818 uc
701 1765 780 1820 niodo
799 1763 940 1820 crediderit
956 1765 997 1820 vel
1014 1765 1048 1820 ob

250 1847 335 1888 navem
352 1833 485 1888 venditam
499 1837 582 1902 petat,
599 1779 680 1888 hader
692 1833 858 1902 privilep'um
872 1837 934 1904 post
945 1833 1047 1888 fiscum.

278 1897 315 1956 35
334 1899 414 1954 loen
433 1901 501 1956 libro
518 1903 654 1972 sircynlori
669 1903 707 1954 cd
721 1903 870 1972 formulam
888 1901 1049 1984 hypotheca-

249 1969 310 2022 n'om
344 1967 429 2032 Eum,
455 1969 550 2036 quiin
572 1969 766 2038 possessionem
788 1971 884 2024 missus
908 1971 960 2024 srt³
983 1971 1047 2034 eius,

251 2033 290 2104 qui
306 2035 344 2090 rei
360 2035 486 2104 publicae
504 2053 586 2092 causa
604 2035 679 2104 afuit,
698 2037 720 2092 si
738 2039 893 2108 apparuerit
911 2053 971 2092 eum
988 2037 1048 2092 dolo

250 2101 312 2156 malo
330 2105 509 2172 reipublicae
527 2107 735 2170 consentanee,
759 2107 816 2160 iure
837 2107 865 2158 in
881 2107 1050 2174 possessione

248 2185 301 2224 csse
318 2173 414 2240 placet,
433 2173 517 2226 donec
533 2173 647 2228 solidum
662 2175 794 2228 solvatur:
814 2189 873 2228 eum
889 2180 984 2236 autem,
1004 2175 1049 2242 qui

248 2253 331 2294 rerum
347 2239 417 2306 eius,
442 2241 489 2308 qui
512 2241 569 2296 sine
592 2241 654 2296 dolo
676 2243 745 2296 malo
769 2241 948 2322 reipublicae
967 2257 1049 2296 causa

248 2305 321 2370 afuit,
342 2307 371 2360 iu
392 2309 589 2378 possessionem
611 2309 706 2362 missus
728 2309 776 2376 sit,
800 2327 896 2380 pignus
913 2325 967 2366 non
986 2327 1048 2364 con·

248 2373 348 2428 trahere
365 2381 392 2430 et
408 2377 468 2432 ideo
487 2377 624 2432 discedere
642 2393 657 2432 c
677 2381 765 2432 crtere
782 2377 814 2432 de
831 2379 1008 2446 possessione.

267 2437 316 2522 ι315
340 2443 484 2506 Uarianos
504 2445 571 2500 libro
594 2395 801 2516 qanvdropesi'mo
826 2447 918 2518 quinto
942 2447 978 2500 cd
998 2445 1048 2500 nas

248 2511 332 2566 bonam
366 2511 445 2578 Eum,
465 2513 510 2580 qui
527 2513 599 2566 circa
613 2512 749 2566 columnas
763 2529 792 2568 se
806 2515 929 2578 occultet,
947 2517 977 2566 ut
991 2529 1048 2568 cre·

248 2577 354 2632 ditcrem
370 2579 463 2644 evitet,
483 2581 590 2634 latitare
606 2581 709 2650 placet:
733 2597 794 2634 nam
813 2587 926 2648 etcum,
962 2583 990 2636 ui
1007 2597 1048 2634 rc-

248 2645 325 2710 cedit,
354 2647 405 2700 hoc
429 2653 471 2702 est
492 2647 555 2716 quii
578 2647 748 2716 supterfugit,
772 2665 807 2704 ne
829 2665 919 2704 secum
942 2649 1071 2716 a'quai‘

249 2713 311 2768 actio
335 2719 486 2778 moveatur,
509 2713 616 2768 latitare
641 2715 742 2784 placet:
770 2719 843 2770 tami
867 2723 894 2770 et
917 2717 961 2784 qui
983 2717 1050 2770 urbe

248 2779 370 2848 profugit,
388 2783 480 2850 utique
497 2781 641 2836 fraudandi
659 2797 752 2838 causa:
776 2799 826 2838 nec
844 2785 913 2836 enim
930 2785 1048 2848 interest,

248 2847 312 2916 quod
335 2849 431 2904 attinet
455 2851 490 2904 ad
512 2851 684 2914 latitandum,
708 2857 798 2906 utrum
821 2851 879 2919 quis
902 2851 1049 2922 profugerit

248 2933 279 2970 cn
294 2931 355 2972 vero
374 2917 476 2972 Romae
493 2933 573 2986 agens
593 2917 756 2986 copiamsui
773 2935 828 2974 non
844 2919 918 2974 facit.

278 2979 315 3042 37
338 2983 523 3040 Papinianus
548 2987 615 3040 libro
638 2987 739 3040 decimo
762 3003 953 3058 responsorum
992 2987 1048 3040 An·

248 3053 416 3106 tiochensinm
439 3053 534 3108 Coelae
556 3053 648 3124 Syriae
671 3053 782 3118 civitati,
808 3055 879 3122 quod
903 3055 977 3134 ⁷lege
1001 3069 1050 3108 sua

248 3121 405 3190 privilegium
425 3121 454 3172 in
476 3121 553 3174 bouis
576 3121 695 3174 defuncti
717 3121 844 3176 debitoris
866 3127 984 3190 accepit,
1007 3123 1048 3176 ius

247 3187 416 3258 persequendi
433 3187 569 3256 pignoris⁸
586 3187 683 3242 durare
701 3189 829 3242 constitit.
915 3255 918 3258 Ι

277 3253 315 3316 38
333 3255 452 3310 Pinnos
467 3255 534 3310 libro
548 3257 639 3326 nmmo
656 3257 849 3310 sententiarum
886 3255 968 3310 Bonis
986 3271 1048 3310 ven-

250 3329 259 3378 1
293 3323 354 3378 ditis
365 3321 534 3390 excipiuntur
545 3323 693 3376 concubina
705 3327 732 3376 et
743 3321 822 3376 liberi
832 3325 976 3380 naturales.
994 3323 1049 3378 Res

248 3391 348 3462 publica
363 3391 489 3446 creditrix
503 3391 625 3446 omnihus
638 3391 861 3460 chirographariis
874 3391 1048 3446 creditoribus

248 3461 399 3532 praefertur.

278 3525 315 3586 39
339 3525 420 3580 Ionii
444 3523 511 3580 libro
536 3529 630 3596 quinto
652 3525 843 3580 secarentur-cm
883 3523 1005 3592 Pupillus
1027 3527 1050 3580 si

248 3613 297 3652 non
314 3593 485 3658 defendatur,
507 3593 536 3646 in
559 3593 726 3662 possessione
751 3591 927 3646 creditoribus
951 3593 1049 3646 consti·

1040 291 1104 420 ca

1658 351 1816 414 xxxiii
1839 355 1905 416 ae
1962 331 1963 336 ‘

1101 535 1199 588 ditores
1221 535 1275 590 Seii
1297 537 1477 594 desiderantes
1500 533 1693 604 separationem
1713 529 1800 586 audiri
1823 535 1905 602 impe·

1101 607 1224 670 uereque
1241 619 1259 656 a
1275 613 1410 670 praetore,
1434 611 1464 660 ut
1481 601 1624 674 separatim
1641 603 1767 670 quantum
1778 601 1798 632 ¹⁵
1816 601 1904 664 cuius

1088 673 1116 724 i
1151 685 1203 736 qne
1221 671 1395 726 creditoribus
1412 679 1571 752 praestetur.
1604 669 1647 722 Ex
1666 667 1798 722 contrario
1817 673 1905 722 autern

1102 737 1245 792 creditores
1264 737 1328 790 Titii
1344 755 1398 792 non
1415 741 1595 808 impetrabunt
1613 735 1820 806 separationem:
1844 751 1905 790 nam

1100 805 1163 858 licet
1185 803 1265 858 aheni
1286 805 1423 860 adiciendo
1446 809 1497 862 sibi
1520 809 1675 862 creditorem
1702 801 1839 858 creditoris
1865 805 1906 856 sui

1101 871 1191 926 facere
1212 871 1369 926 deteriorem
1391 875 1581 928 condicionem.
1616 875 1719 942 atquill
1739 871 1819 940 igitur
1840 871 1905 922 adit

1101 939 1274 994 hereditatem
1292 937 1418 992 debitoris
1436 943 1498 1008 mei,
1521 957 1574 994 non
1592 943 1674 996 faciet
1690 957 1775 994 meam
1793 937 1904 994 deterio-

1101 1023 1156 1062 rem
1175 1007 1353 1062 ccudicioncm
1371 1005 1501 1072 adeundo,
1520 1009 1583 1077 quia
1599 1011 1662 1066 licet
1678 1009 1742 1065 mibi
1760 1007 1905 1078 separatio-

1101 1091 1161 1132 nem
1178 1077 1332 1146 impetrare,
1355 1089 1419 1130 suos
1441 1091 1503 1130 vero
1526 1079 1669 1134 creditores
1688 1079 1818 1144 oneravit,
1844 1077 1906 1132 dum

1101 1145 1166 1200 adiit
1178 1143 1351 1198 hereditatem
1364 1159 1434 1212 quae
1446 1145 1569 1200 solvendo
1583 1165 1637 1202 nou
1649 1153 1695 1212 est,
1715 1165 1763 1204 nec
1781 1149 1906 1216 poterunt

1103 1219 1117 1270 3
1152 1213 1295 1270 creditores
1310 1213 1367 1268 eius
1382 1213 1577 1280 separationem
1590 1215 1740 1284 impetrare.
1766 1215 1906 1270 Sciendum

1103 1287 1143 1338 est
1164 1287 1266 1348 autem,
1289 1281 1392 1336 edamsi
1414 1279 1532 1348 obligata
1553 1297 1596 1336 res
1614 1297 1672 1338 esse
1688 1291 1854 1354 proponatur
1872 1285 1905 1336 ab

1101 1351 1197 1408 herede
1215 1351 1272 1406 iure
1288 1351 1406 1432 pignoris
1423 1349 1463 1402 vel
1481 1349 1653 1428 hypothecae,
1673 1359 1797 1420 attamen,
1818 1353 1842 1408 ei
1858 1353 1905 1408 he·

1101 1421 1227 1476 reditaria
1244 1417 1302 1486 fuit,
1319 1435 1378 1474 rure
1391 1423 1566 1498 separatione
1579 1419 1768 1488 hypothecario
1784 1421 1906 1476 creditori

1100 1489 1231 1560 potiorem
1250 1505 1308 1544 esse
1326 1503 1398 1552 eum,
1422 1503 1467 1556 qm
1484 1489 1678 1556 separationem
1695 1489 1857 1560 impetravit:
1881 1497 1907 1544 et

1101 1563 1116 1612 4
1151 1561 1189 1612 ita
1202 1557 1313 1612 Severus
1327 1563 1354 1612 et
1366 1555 1517 1610 Antoninus
1533 1555 1732 1624 rescripserunt.
1761 1559 1812 1614 sed
1828 1561 1907 1614 etiam

1101 1627 1227 1682 adversus
1244 1627 1338 1680 fiscum
1355 1631 1383 1678 et
1399 1625 1545 1694 municipes
1562 1623 1778 1692 impetraretur¹⁷
1798 1643 1906 1696 separa·

1101 1699 1116 1748 5
1152 1695 1197 1750 tio.
1234 1693 1388 1762 Quaesitum
1411 1699 1464 1762 est,
1490 1709 1525 1746 au
1547 1691 1679 1746 interdum
1701 1693 1779 1748 etiam
1802 1697 1906 1750 heredis

1103 1765 1245 1818 creditores
1269 1769 1383 1832 possunt
1402 1761 1596 1832 separationem
1613 1761 1767 1830 impetrare,
1792 1765 1815 1816 si
1838 1763 1907 1818 forte

1100 1833 1144 1888 ille
1170 1833 1200 1888 in
1226 1831 1347 1886 fraudem
1376 1831 1494 1902 ipsorum
1522 1829 1616 1886 adierit
1643 1829 1824 1888 hereditatem.
1861 1833 1908 1888 sed

1101 1901 1203 1954 nullum
1220 1899 1362 1954 remedium
1379 1905 1421 1954 est
1437 1899 1585 1968 proditum:
1610 1899 1662 1954 sibi
1682 1899 1751 1952 euim
1768 1899 1905 1968 imputent,

1101 1969 1146 2038 qui
1170 1985 1231 2024 curn
1251 1969 1299 2022 tali
1322 1975 1526 2024 contraxerunt:
1554 1967 1605 2024 nisi
1633 1967 1656 2022 si
1685 1973 1761 2022 extra
1790 1969 1908 2022 ordinem

1100 2043 1224 2104 putamus
1247 2041 1398 2106 praetorem
1421 2037 1546 2092 adversus
1571 2035 1739 2090 calliditatem
1764 2035 1820 2088 eius
1844 2037 1905 2090 sub·

1100 2107 1197 2172 venire,
1217 2107 1266 2174 qui
1278 2107 1359 2158 talem
1376 2105 1497 2158 fraudem
1515 2111 1677 2160 commentus
1696 2109 1749 2158 est:
1769 2103 1839 2170 quod
1853 2121 1907 2158 non

1103 2179 1118 2228 6
1154 2173 1232 2228 facile
1249 2173 1392 2228 admissum
1410 2179 1459 2228 est.
1495 2173 1547 2228 Sed
1565 2175 1588 2228 si
1607 2173 1665 2242 quis
1688 2179 1839 2240 suspectam
1860 2173 1906 2226 he·

1100 2241 1239 2296 reditatern
1258 2241 1348 2296 dicens
1367 2243 1519 2310 compulsus
1536 2241 1617 2296 fuerit
1634 2239 1707 2296 adire
1725 2247 1752 2294 et
1766 2239 1906 2294 restituere

1100 2311 1287 2378 hereditatem,
1310 2311 1404 2364 deinde
1421 2325 1475 2364 non
1492 2311 1527 2364 sit
1544 2311 1587 2364 cui
1603 2311 1737 2374 restituat,
1761 2323 1794 2362 ex
1812 2307 1907 2376 quibus

1102 2379 1208 2432 casibus
1219 2379 1239 2410 ¹⁸
1257 2377 1325 2434 solet
1341 2379 1392 2432 hoc
1411 2379 1523 2432 evenne.
1559 2385 1585 2432 et
1607 2377 1659 2446 ipsi
1682 2377 1787 2446 qmdem
1805 2375 1906 2454 deside-

1100 2447 1170 2498 ranti
1196 2447 1317 2500 succurri
1343 2447 1393 2500 sibi
1417 2445 1543 2500 adversus
1566 2447 1710 2500 creditores
1733 2443 1907 2498 hereditarios

1101 2515 1299 2568 subveniemus:
1317 2515 1369 2568 hcc
1388 2519 1414 2566 et
1427 2515 1502 2568 divus
1514 2515 1578 2568 Pius
1592 2513 1735 2582 rescripsit,
1754 2517 1785 2566 ut
1798 2511 1907 2580 perinde

1101 2581 1236 2636 testatoris
1259 2582 1329 2636 bona
1355 2581 1487 2646 venirent,
1517 2587 1596 2650 atque
1624 2581 1646 2634 si
1674 2581 1746 2634 adita
1773 2579 1906 2632 hereditas

1101 2665 1155 2700 non
1172 2647 1273 2702 luisset.
1311 2649 1485 2704 creditoribus
1504 2665 1608 2716 quoque
1629 2647 1779 2702 huiusmodi
1801 2647 1907 2700 heredis

1102 2715 1314 2770 desiderantibus
1331 2717 1383 2772 hcc
1397 2715 1468 2770 idem
1483 2717 1671 2786 praestandum
1683 2721 1757 2784 puto,
1775 2715 1838 2768 licet
1850 2715 1907 2782 ipse

1100 2799 1155 2836 non
1173 2783 1339 2848 desideravit,
1357 2789 1388 2838 ut
1405 2785 1482 2852 quasi
1499 2785 1632 2854 separatio
1647 2785 1776 2852 quaedam
1787 2789 1907 2850 praeste-

1101 2855 1114 2902 7
1151 2855 1203 2904 tur.
1235 2851 1302 2904 item
1319 2851 1463 2916 videamus,
1482 2853 1505 2904 si
1523 2851 1580 2921 quis
1598 2853 1674 2906 heres
1691 2851 1797 2920 parenti
1814 2851 1907 2912 extite-

1100 2917 1143 2982 rit,
1163 2935 1223 2972 cum
1241 2925 1311 2974 esset
1326 2919 1460 2986 impubes,
1479 2919 1574 2972 deinde
1591 2919 1661 2972 intra
1677 2921 1844 2986 pubertatem
1862 2917 1906 2972 de·

1101 2985 1212 3040 cesserit
1232 2991 1259 3040 et
1280 2987 1418 3040 substituti
1439 2987 1511 3040 bona
1534 2991 1661 3052 veneant,
1691 2989 1736 3054 qni
1763 2985 1908 3054 impuberis

1101 3053 1275 3106 hereditatem
1293 3053 1371 3120 adiit,
1394 3069 1430 3106 an
1445 3053 1531 3122 patris
1550 3055 1692 3106 creditores
1709 3053 1812 3122 possint
1829 3069 1907 3122 sepa·

1100 3121 1230 3172 radonem
1244 3121 1280 3172 im
1299 3125 1393 3172 strare.
1423 3127 1449 3174 et
1461 3127 1526 3188 puto
1537 3135 1630 3188 posse:
1648 3121 1700 3172 hoc
1715 3121 1828 3188 amplius
1842 3127 1907 3190 puto

1101 3187 1180 3240 etiam
1203 3137 1347 3254 impudens
1372 3187 1516 3242 creditores
1540 3201 1619 3254 posse
1642 3187 1837 3254 separationem
1861 3187 1907 3240 ad-

1102 3257 1116 3306 8
1151 3269 1244 3308 versus
1262 3253 1406 3308 creditores
1424 3253 1529 3308 heredis
1547 3255 1603 3308 eius
1620 3253 1771 3322 impetrare.
1807 3253 1907 3308 Secun-

1102 3319 1164 3374 dum
1187 3321 1254 3374 haec
1274 3321 1422 3388 videamus,
1445 3321 1469 3374 si
1490 3319 1594 3374 Primus
1613 3321 1764 3376 Secundum
1785 3321 1908 3376 heredem

1101 3387 1245 3456 scripserit,
1265 3385 1403 3442 Secundus
1418 3387 1538 3442 Tertium
1555 3393 1582 3440 et
1596 3387 1680 3442 Tertii
1697 3389 1767 3442 bona
1784 3397 1908 3454 veneant,

1101 3457 1147 3524 qui
1173 3455 1316 3510 creditores
1342 3455 1447 3524 possint
1475 3455 1668 3522 separationem
1697 3457 1846 3522 impetrare.
1883 3463 1909 3510 et

1100 3529 1205 3592 putem,
1234 3523 1257 3576 si
1280 3523 1386 3588 quidem
1409 3521 1492 3574 Primi
1519 3523 1662 3576 creditores
1682 3529 1788 3592 petant,
1817 3523 1908 3592 utique

1101 3589 1248 3644 audiendos
1262 3595 1288 3644 et
1303 3589 1428 3642 adversus
1442 3587 1557 3642 Secundi
1573 3595 1600 3642 et
1613 3589 1739 3644 adversus
1751 3589 1836 3644 Tertii
1851 3607 1908 3646 cre·

1102 3657 1215 3712 ditores:
1239 3655 1263 3710 si
1279 3671 1341 3712 vero
1359 3655 1475 3712 Secundi
1493 3655 1635 3712 creditores
1652 3662 1759 3724 petent,
1783 3657 1908 3714 adversus

1102 3725 1185 3778 Tertii
1208 3723 1299 3792 utique
1322 3739 1368 3778 ecs
1391 3723 1534 3790 impetrare
1556 3739 1649 3792 posse,
1676 3725 1803 3778 adversus
1826 3725 1908 3778 Primi

1102 3797 1191 3846 autern
1208 3807 1263 3846 non
1276 3807 1365 3858 posse.
1390 3791 1419 3844 in
1432 3805 1535 3844 summa
1549 3791 1632 3844 Primi
1645 3791 1749 3858 quidem
1765 3793 1908 3850 creditores

1102 3859 1228 3914 adversus
1247 3873 1337 3912 omnes
1353 3859 1495 3924 impetrare
1505 3863 1624 3978 lpossunt
1640 3859 1842 3928 separationem,
1862 3859 1908 3914 Se·

1103 3927 1184 3982 cundi
1201 3925 1344 3980 creditores
1361 3925 1488 3980 adversus
1528 3925 1587 3992 rimi
1603 3931 1794 3994 nonpossint,
1817 3925 1908 3982 adver-

1103 3999 1117 4050 9
1153 4009 1198 4050 sus
1214 3993 1298 4048 Tertii
1311 3999 1432 4062 possunt.
1460 3991 1488 4046 Si
1504 3993 1551 4048 lilii
1568 3993 1680 4066 familias
1698 3995 1769 4048 bona
1786 4001 1907 4060 veneant,

1103 4063 1148 4132 qni
1166 4067 1299 4118 castrense
1335 4061 1448 4116 eculium
1466 4061 1554 4126 hahet,
1574 4077 1608 4114 an
1625 4077 1654 4116 se
1673 4063 1758 4118 aratio
1776 4063 1824 4118 fiat
1839 4063 1908 4118 inter

1103 4135 1253 4186 castrenses
1271 4145 1314 4186 cre
1335 4129 1414 4186 'tores
1433 4135 1600 4198 ceterosque,
1619 4129 1644 4184 vi
1663 4147 1753 4186 eamus
1766 4131 1794 4186 13.
1830 4129 1908 4184 simul

1102 4215 1164 4268 ergo
1183 4197 1364 4264 admittentur,
1382 4197 1532 4262 dummodo,
1550 4199 1574 4252 si
1589 4197 1633 4266 qui
1646 4213 1707 4252 cum
1721 4213 1752 4252 ec
1769 4203 1908 4252 contraxe-

281 4275 294 4332 1
320 4273 465 4330 Uarianos
479 4269 547 4324 libro
565 4271 753 4342 recuperatione
770 4273 867 4340 quarto
886 4267 923 4322 cd
936 4267 1049 4324 edictam
1102 4271 1176 4334 runt,
1200 4273 1342 4334 antequam
1359 4267 1495 4330 militaret,
1514 4265 1627 4322 fortasse
1645 4267 1758 4320 debeant
1775 4267 1907 4336 separari:

251 4343 384 4398 Sciendum
402 4345 443 4396 est
461 4339 655 4408 separationem
677 4339 762 4392 solere
785 4337 921 4408 impetrari
942 4335 1050 4390 decreto
1103 4335 1174 4404 quod
1187 4333 1439 4404 pntoprobandum.
1466 4351 1528 4402 ergo
1542 4335 1587 4404 qui
1598 4339 1659 4390 ante
1673 4339 1872 4396 contraxerunt,
1885 4333 1908 4386 si

252 4415 261 4462 l
312 4409 433 4466 rectoris.
471 4407 544 4460 Solet
566 4411 654 4462 autem
676 4407 809 4474 separatio
831 4405 947 4474 permitti
965 4405 1049 4458 credi·
1102 4405 1173 4460 bona
1189 4403 1335 4458 castrensia
1349 4403 1538 4468 distrahantur,
1553 4407 1728 4472 nonpossint
1742 4401 1831 4458 venire
1847 4417 1907 4456 cum

250 4429 346 4534 nudus
365 4493 397 4532 cx
413 4477 455 4530 his
474 4475 574 4528 causis:
592 4479 705 4542 utputa
723 4475 869 4528 debitorem
887 4471 1050 4552 qnis'Seium
1103 4471 1284 4528 castrensibus
1302 4471 1484 4552 creditoribus.
1511 4471 1574 4526 item
1592 4471 1617 4552 si
1633 4471 1696 4542 quid
1712 4471 1740 4526 in
1754 4487 1810 4550 rein
1824 4471 1908 4552 patris

250 4543 352 4600 habuite
369 4545 414 4598 hic
432 4543 559 4600 decessit:
578 4543 654 4598 heres
672 4543 697 4598 ei
714 4543 801 4598 extitit
818 4543 918 4598 Titiusz
936 4543 979 4596 hic
996 4557 1050 4594 nou
1102 4557 1206 4596 versum
1224 4545 1277 4606 cst,
1300 4539 1368 4596 forte
1385 4547 1529 4610 potentat
1547 4539 1672 4598 creditori
1691 4537 1849 4604 contradici,
1874 4555 1908 4594 ne

251 4617 287 4666 est
308 4613 447 4666 solvendo:
471 4611 572 4682 patitur
595 4611 726 4666 bonorum
747 4609 938 4666 venditionem:
965 4609 1050 4664 credi·
1103 4615 1238 4666 castrense
1263 4609 1397 4678 peculium
1421 4609 1562 4678 mouent,
1591 4613 1680 4664 ²⁰cum
1706 4607 1792 4676 possit
1817 4607 1906 4676 potius

251 4685 315 4734 tores
333 4681 386 4736 Seii
405 4681 497 4732 dicum
514 4681 585 4732 bona
603 4679 656 4734 Seii
677 4679 801 4734 sufficere
818 4679 882 4744 sibi,
906 4677 1050 4734 creditores
1105 4683 1135 4732 10
1172 4693 1232 4732 cum
1268 4683 1325 4732 atre
1342 4679 1464 4748 experiri.
1499 4679 1569 4732 lllud
1586 4677 1720 4732 sciendum
1741 4681 1782 4730 est
1798 4691 1844 4730 ecs
1862 4675 1907 4730 de-

248 4745 309 4798 uitii
326 4751 464 4802 contentos
483 4761 540 4800 esse
563 4747 659 4800 dehere
679 4747 756 4802 bonis
776 4747 840 4800 Titii
863 4753 890 4800 et
912 4747 951 4800 sic
964 4745 1051 4814 ¹quasi
1103 4763 1174 4800 mum
1199 4695 1341 4802 creditores
1363 4761 1442 4816 posse
1466 4747 1607 4816 impetrare
1631 4743 1836 4812 separationem,
1861 4745 1907 4814 qui

251 4811 357 4868 duorum
374 4813 432 4868 fieri
449 4815 581 4868 bonorum
594 4813 778 4870 venditionem.
804 4813 863 4868 fieri
874 4813 942 4870 enim
953 4819 1049 4882 potest,
1067 4873 1069 4876 ,
1085 4869 1087 4874 ,
1103 4829 1157 4870 non
1180 4815 1296 4870 notandi
1319 4815 1406 4870 aniam
1428 4815 1462 4870 ab
1480 4813 1576 4870 herede
1592 4811 1713 4878 stipulati
1730 4817 1800 4864 sunt.
1837 4819 1906 4868 cete·

251 4885 277 4930 m
293 4881 368 4936 Seius
392 4881 498 4950 quidem
520 4879 643 4934 solvendo
666 4879 746 4936 fuerit
770 4883 939 4952 potueritque
955 4881 1050 4936 satis¹²
1102 4899 1161 4936 rum
1178 4885 1202 4940 si
1219 4899 1279 4938 curn
1296 4885 1347 4940 hoc
1366 4885 1452 4938 animo
1471 4881 1648 4942 sanctisunt,
1667 4879 1813 4934 amiserunt
1829 4895 1906 4952 sepa·

251 4947 420 5022 creditoribus
438 4949 493 5004 suis
511 4949 609 5002 velita
626 4949 744 5014 semele,
770 4951 819 5002 etsi
839 4967 894 5004 non
911 4951 939 5004 iu
956 4965 1050 5016 assem,
1102 4951 1212 5008 rationis
1235 4953 1401 5008 commodum
1425 4951 1532 5020 (quippe
1553 4965 1614 5004 cum
1631 4949 1715 5004 secuti
1732 4953 1794 5004 sunt
1811 4967 1907 5016 nomen

251 5027 275 5090 ln
290 5015 390 5084 aliquid
407 5023 496 5070 tarum
510 5017 671 5082 satisfacere,
689 5015 811 5072 admissis
824 5023 912 5071 autem
927 5017 1050 5070 commix-
1102 5021 1247 5088 heredisl²¹
1271 5037 1321 5076 nec
1344 5025 1456 5092 possunt
1478 5021 1532 5074 iam
1554 5033 1583 5072 se
1601 5015 1634 5070 ab
1652 5033 1683 5074 eo
1701 5033 1837 5086 separare,
1862 5023 1906 5090 qui

251 5081 330 5158 teque
358 5083 534 5140 creditoribus
557 5083 621 5138 Titii
630 5085 651 5116 1³
676 5083 764 5158 minus
793 5083 846 5138 siut
875 5085 1051 5152 consecuturi,
1103 5089 1296 5158 quodammodo
1314 5105 1375 5144 eum
1391 5089 1536 5156 elegerunt.
1562 5085 1610 5140 sed
1626 5091 1653 5140 et
1670 5085 1693 5140 si
1709 5103 1804 5144 usuras
1822 5089 1856 5146 ab
1874 5107 1905 5144 ec

251 5161 308 5224 quia
330 5149 373 5204 ille
397 5167 452 5206 non
474 5157 516 5206 est
538 5151 661 5206 solvendo
679 5151 828 5206 autminus
848 5159 1051 5220 consequantur,
1103 5173 1135 5212 ee
1151 5163 1239 5212 mente
1257 5159 1333 5226 quasi
1350 5173 1410 5212 enm
1427 5155 1546 5224 eligendo
1565 5159 1742 5224 exegerunt²⁹‚
1766 5157 1836 5212 idem
1857 5159 1907 5214 erit

251 5227 308 5278 quia
324 5217 414 5290 pimes
431 5225 495 5276 sunt
512 5221 594 5276 hic²t
629 5223 669 5274 est
690 5221 771 5288 igitur
788 5219 975 5288 aequissimum
993 5237 1050 5276 ore·
1104 5231 1133 5280 11
1171 5227 1347 5296 probandum.
1376 5225 1444 5280 item
1462 5225 1605 5294 ornentur,
1623 5225 1647 5282 si
1663 5227 1728 5282 satis
1745 5233 1907 5298 acceperunt

249 3657 306 3718 tutis
327 3661 474 3718 minoribus
482 3661 500 3728 1,
530 3677 562 3714 ex
586 3661 627 3716 his
650 3677 681 3716 us
699 3675 733 3714 ue
755 3661 790 3714 ad
810 3661 978 3728 pubertatem
1001 3659 1069 3722 ali·¹

239 3739 260 3786 ‘1
294 3737 381 3784 menta
403 3729 564 3800 praestanda
587 3733 656 3784 sunt.
722 3727 780 3794 ius,
803 3727 849 3794 qui
872 3729 906 3782 ab
927 3727 1049 3782 hostibus

249 3803 412 3922 ddnmdltsurfflt’
436 3799 507 3852 bona
529 3799 618 3854 venire
641 3811 695 3852 non
714 3801 842 3868 possunt,
866 3795 990 3906 quamdiu
1007 3811 1050 3850 re-

606 4071 685 4134 Ἦιοι
708 4097 709 4100 ,
745 4063 746 4066 ’

469 4171 516 4222 Dii
533 4171 827 4222 surnannionfflns

252 5385 277 5444 111
294 5385 354 5452 eius]
370 5389 589 5468 ε1.εον.“(είτηίἰίιον
606 5389 741 5468 Gaudenti)
827 5389 859 5452 (a)
878 5387 917 5440 nel
932 5391 978 5442 dcl.
995 5393 1049 5444 edd.
1101 5411 1147 5446 nus
1157 5395 1426 5458 ...hicihioreditorcs
1436 5393 1494 5464 F²ll
1503 5397 1635 5466 requiritur
1648 5407 1691 5454 aut
1699 5403 1781 5454 minus
1789 5401 1906 5452 solvendo

252 5453 279 5508 131
296 5459 509 5508 13111311333311·
567 5527 573 5540 Ι
612 5461 643 5522 111
662 5457 801 5536 (1111111311
899 5459 930 5520 131
947 5457 998 5508 3113
1010 5459 1050 5512 F'
1103 5461 1260 5540 (1131333131
1291 5529 1296 5540 ,
1341 5463 1385 5530 115)
1404 5469 1630 5536 quantumcumque
1642 5493 1689 5526 scr.
1703 5473 1821 5538 (similiter
1833 5473 1907 5534 Hal.)

251 5515 282 5578 (a)
295 5521 402 5596 tamin.
473 5525 504 5588 (t)
517 5523 553 5602 'de
562 5545 607 5578 aas.
617 5525 655 5578 133
723 5529 757 5590 (s)
775 5525 1050 5592 mspersequendrprg-
1099 5533 1147 5594 [ie]
1166 5529 1245 5594 atqui]
1255 5545 1299 5594 qm
1307 5549 1353 5586 scr.
1424 5537 1467 5598 (tt)
1485 5537 1632 5604 impetretur
1642 5541 1680 5594 F²
1749 5543 1796 5604 (ts).
1812 5539 1906 5602 exqui-

251 5593 315 5636 11οΠ8
323 5591 368 5638 ded.
439 5593 472 5652 (9)
490 5591 638 5658 mlnoribus]
647 5593 769 5644 11011ῠῖ11111
778 5593 830 5644 61118
838 5605 885 5644 ddi*-
1101 5597 1147 5648 bus
1155 5596 1252 5648 Gadibus
1259 5599 1306 5650 ded.
1393 5603 1437 5668 (19)
1455 5619 1500 5656 nee
1507 5609 1724 5676 putossspprpndos
1733 5609 1905 5658 Sdmdlt'ssw'lld·

283 5657 324 5716 dib)
342 5657 424 5716 Eoi-13
443 5659 469 5708 P
467 5677 507 5722 11]).
518 5671 581 5722 2m53
596 5661 767 5738 Ἰ181111.6ι“1ι·“··“
782 5663 846 5714 Bas·
857 5661 1050 5724 9,'d,38mdd.-
1102 5665 1149 5724 120)
1168 5663 1298 5716 811118ιῇἬ
1382 5667 1426 5740 (Ἃ)
1445 5673 1536 5740 quippe
1544 5691 1601 5728 Qum
1610 5677 1689 5728 secuti
1697 5677 1755 5728 sunt
1764 5687 1854 5724 110an
1862 5673 1905 5722 ho-

254 5715 429 5800 31001111
501 5727 543 5786 111)
560 5725 684 5792 araon,
697 5731 830 5782 iacere‘ias.
841 5727 882 5780 F²
953 5729 996 5790 (iat
1014 5729 1051 5778 ita
1101 5729 1167 5780 redis
1176 5731 1222 5782 del.
1292 5731 1338 5800 (aa)
1358 5741 1484 5804 exegerint
1494 5743 1533 5796 F²

252 5787 452 5854 lemellmassem
460 5791 500 5842 nel
509 5795 635 5846 Heroides
692 5797 735 5862 (13)
752 5797 831 5848 iidoc.
890 5795 934 5860 (td)
953 5795 1051 5844 autmi-
1070 5805 1071 5808 ’

1655 5891 1708 5944 db*
