4366 6258
287 349 503 460 Digestorum
524 377 604 442 baec
626 375 723 442 editio
744 377 847 444 minor
873 381 905 438 et
932 393 1024 458 para·
1070 381 1137 462 ipso
1177 383 1216 446 Di
1238 391 1375 448 catorum
1406 383 1647 448 Iustiniancrum
1686 379 1868 460 archetype,

228 465 297 528 bilis
323 467 540 544 repraesentat
566 461 630 526 fere
658 463 774 526 librum
795 459 1022 526 Florentinum.
1070 403 1268 538 corrupteiae
1301 459 1456 526 eiusmodi
1489 455 1679 540 antiquiores
1716 479 1737 522 a
1767 471 1869 544 poste-

227 569 297 614 nam
332 565 518 628 quamquam
552 565 623 610 eum
653 563 778 628 quoque
808 543 927 628 passim
959 565 1024 610 eor·
1070 541 1188 608 riorum
1219 541 1418 608 librariorum
1448 541 1605 610 erroribus
1635 547 1670 606 ut
1697 541 1869 626 distingue-

227 637 347 714 ruptum
369 649 438 694 esse
459 633 584 694 constat
611 649 682 694 cum
710 629 950 712 compilatorum
977 649 1023 694 er·
1071 631 1193 706 rentur,
1228 625 1320 690 buius
1355 629 1503 694 editionis
1535 627 1672 692 rationes
1706 627 1773 708 pati
1805 649 1870 690 non

227 715 345 780 roribus
373 713 444 778 aliis
472 713 675 778 translatioiis
703 713 775 778 aliis
797 711 936 796 ipsorum
957 719 1023 778 tum
1070 709 1268 774 videbantur.
1313 711 1426 774 Graeci
1447 713 1518 776 libri
1541 729 1622 792 quae
1643 711 1806 776 coniemnt
1828 711 1871 774 ad

227 799 418 864 librariorum
440 795 575 876 incuria,
605 801 713 862 tamen
741 797 878 862 mammo
905 797 939 862 iu
966 797 1024 862 tali
1070 793 1269 874 Digestorum
1292 793 1561 878 emendationem,
1590 795 1664 860 item
1692 813 1794 878 pauca
1822 813 1869 874 ea,

227 901 326 964 opere,
342 879 490 966 primario
508 879 594 946 fonte
611 881 685 946 iuris
696 881 831 946 Romani
848 887 879 946 et
896 887 1025 964 propter
1070 897 1151 958 quae
1179 897 1218 942 ex
1245 875 1377 942 secundi
1405 877 1524 944 ordinis
1553 879 1710 946 codicibus
1737 877 1872 944 adscisci

227 987 325 1030 rerum
354 965 498 1030 notitiam
526 965 722 1046 potissimum
750 965 889 1032 lectitata
911 985 1023 1032 caven·
1069 963 1260 1044 probarique
1286 967 1470 1044 potuerunt,
1503 963 1536 1026 in
1565 963 1625 1028 bac
1652 965 1790 1030 editione
1817 967 1872 1026 aut

227 1051 297 1114 dum
324 1057 372 1114 est
398 1069 419 1114 a
445 1049 544 1114 nimia
570 1049 763 1114 emendandi
785 1051 912 1132 fiducia,
931 1069 1030 1132 ‘quae‘
1070 1047 1103 1110 iu
1130 1045 1241 1112 ordine
1267 1043 1434 1110 verborum
1462 1047 1609 1126 leguntur
1635 1055 1691 1114 aut
1719 1051 1752 1114 iu
1775 1049 1872 1112 adno-

226 1135 356 1200 traditae
388 1133 533 1198 lectionis
566 1135 715 1198 lectorem
746 1155 811 1200 non
842 1135 1034 1216 admoneat,
1070 1131 1189 1196 tatione
1215 1129 1299 1196 inter
1324 1131 1463 1210 reliquas
1494 1131 1734 1198 emendationes
1760 1133 1872 1216 proba·

226 1219 279 1286 sed
309 1219 343 1282 id
374 1225 447 1300 agat
473 1225 508 1282 ut
536 1239 606 1282 eam
633 1219 807 1302 oblitterat,
842 1225 1024 1304 terrentque
1070 1217 1151 1282 biles
1168 1219 1386 1298 proponuntur
1401 1213 1587 1280 auctoritate
1603 1217 1779 1300 adscripta:
1802 1217 1872 1300 ipsa

226 1303 355 1384 vestigia
383 1321 504 1384 eorum,
540 1303 593 1384 qni
624 1303 720 1368 hodie
750 1303 784 1368 in
815 1303 875 1370 has
901 1305 1024 1388 potissi·
1070 1301 1275 1366 Basilicorum
1318 1299 1510 1382 comparatio
1554 1305 1586 1364 et
1623 1301 1871 1368 Bononiensium

226 1409 305 1452 mum
335 1387 458 1452 litteras
488 1393 686 1472 grassantur,
722 1387 797 1454 dum
828 1387 923 1454 modo
954 1411 1024 1474 pro·
1070 1386 1240 1450 lectionum
1266 1383 1424 1468 allegatio¹
1445 1383 1575 1450 huiusce
1598 1383 1743 1450 editionis
1764 1387 1872 1450 modu-

226 1471 353 1552 habilia,
392 1473 513 1536 incerta
544 1477 667 1552 tamen,
707 1473 801 1538 modo
833 1493 915 1556 quae
945 1475 1023 1558 ipsis
1070 1471 1134 1534 lum
1164 1467 1317 1534 excedere
1345 1469 1434 1552 meae
1461 1475 1549 1550 suut,
1580 1471 1613 1532 et
1641 1469 1721 1532 baec
1748 1489 1872 1552 quoque

225 1555 296 1622 solis
323 1554 450 1638 placere
479 1557 603 1640 possint
630 1557 850 1622 commentiolo
870 1575 930 1622 nee
950 1577 1023 1624 raro
1071 1573 1134 1618 non
1165 1559 1229 1618 tam
1260 1573 1324 1618 uon
1355 1551 1518 1636 profutura
1550 1573 1619 1618 esse
1652 1571 1746 1632 quam
1777 1555 1871 1618 etiam

224 1659 370 1722 perversa
395 1639 430 1704 in
457 1639 561 1722 ipsum
589 1641 756 1708 verborum
784 1641 927 1708 ordinem
948 1641 1025 1708 reci·
1070 1639 1214 1702 offutura.
1245 1657 1321 1702 nam
1341 1637 1463 1702 variam
1485 1637 1650 1702 lectionem
1669 1637 1775 1716 talem,
1799 1657 1872 1718 qua·

224 1727 310 1806 piunt
346 1731 377 1790 et
413 1725 459 1788 ita
494 1725 612 1792 tirones
649 1745 752 1806 neque
789 1727 922 1792 tirones
939 1727 1023 1792 solos
1070 1723 1109 1788 lis
1132 1729 1181 1786 est
1202 1721 1424 1788 Gebaueriana
1447 1729 1479 1788 et
1499 1721 1575 1788 inde
1596 1727 1721 1804 sumpta
1742 1721 1872 1804 Kriege-

224 1827 447 1892 saepenumero
468 1807 593 1874 fallunt.
632 1831 727 1894 quam
753 1811 794 1876 ob
823 1831 890 1876 rem
917 1831 938 1876 a
962 1817 1023 1876 tra·
1069 1807 1166 1888 liaua,
1189 1815 1221 1874 et
1241 1807 1413 1890 philologis
1435 1814 1466 1872 et
1486 1807 1563 1870 imis
1584 1805 1733 1872 studiosis
1754 1807 1872 1888 pariter

224 1893 287 1958 dita
318 1894 453 1960 lectione
479 1895 640 1960 rarissime
667 1897 798 1978 recessi,
835 1915 896 1962 nee
929 1897 1024 1960 facile
1070 1891 1213 1956 inutilem
1250 1911 1320 1958 esse
1356 1891 1452 1958 hodie
1486 1893 1568 1956 iuter
1600 1911 1708 1956 omnes
1740 1897 1871 1956 constat.

224 1983 303 2044 certe
323 1979 357 2042 in
377 1977 588 2062 grauiombus,
611 1981 675 2044 nisi
695 1981 750 2046 ubi
770 1987 898 2066 praeter
919 1981 1024 2046 lectio·
1069 1975 1172 2042 neutri
1202 1977 1284 2042 enim
1316 1975 1483 2058 quicquam
1514 1975 1711 2062 proiecerunt
1747 1995 1788 2040 ex
1818 1975 1872 2040 ad-

224 2065 270 2128 nis
290 2063 546 2144 probabilitatem
569 2065 686 2130 diserta
707 2065 906 2146 testimonia,
929 2065 1024 2132 Grae·
1069 2061 1195 2144 seriptis
1235 2061 1278 2126 ibi
1321 2061 1520 2126 librariorum
1563 2061 1680 2128 saeculi
1718 2059 1801 2126 XIII
1841 2067 1873 2126 et

225 2167 324 2212 corum
352 2149 507 2230 maxime,
543 2149 798 2214 emendationem
825 2149 1024 2216 commenda·
1068 2145 1206 2212 maxime
1233 2145 1389 2212 editorum
1416 2167 1498 2212 saec.
1521 2145 1583 2210 XV
1604 2151 1636 2210 et
1657 2145 1735 2210 XVI
1759 2167 1780 2208 a
1801 2145 1872 2208 Flo-

224 2239 297 2298 rent.
340 2231 529 2314 ubicumque
557 2240 662 2297 antem
692 2233 789 2300 editio
820 2235 900 2300 hacc
921 2253 1024 2316 neque
1068 2229 1194 2294 rentina
1210 2231 1346 2296 lectione
1364 2229 1623 2310 dissensionibus,
1643 2249 1724 2312 quae
1740 2227 1874 2296 redeunt

224 2317 351 2398 primam
377 2317 546 2382 lectionem
568 2317 785 2384 Florentinam
809 2319 949 2400 sequitur
970 2339 1024 2384 ue·
1068 2315 1134 2380 iere
1165 2311 1209 2378 ad
1238 2313 1389 2380 minutias
1422 2321 1490 2380 tam·
1517 2315 1629 2380 inanes
1660 2321 1690 2380 et
1721 2317 1873 2380 molestas
1981 2371 1983 2374 .

224 2419 279 2482 que
300 2401 486 2482 secundam,
515 2401 558 2464 ad
580 2401 818 2470 emendationes
840 2421 951 2468 omnes
971 2403 1024 2468 rel
1068 2419 1163 2482 quam
1196 2399 1287 2464 nulla
1317 2399 1443 2464 testium
1476 2399 1662 2464 auctoritate
1693 2399 1761 2464 sive
1792 2417 1871 2464 com-

224 2485 338 2548 minimi
354 2485 516 2566 momenti,
540 2485 680 2570 exceptis
703 2485 955 2572 orthographicis
977 2505 1025 2552 so·
1067 2483 1234 2548 mendatas
1256 2483 1323 2548 sive
1345 2489 1523 2548 excusatas.
1563 2485 1676 2566 quibus
1697 2483 1872 2566 marginem

224 2569 274 2650 lis,
302 2569 420 2634 tradita
446 2569 541 2636 lectio
568 2569 602 2632 iu
630 2569 837 2638 adnotatione
863 2571 1026 2654 adscripta
1067 2569 1131 2632 iam
1161 2573 1366 2632 exoneratum
1396 2587 1466 2632 esse
1494 2575 1526 2634 et
1551 2569 1590 2632 iis
1621 2569 1723 2634 locum
1755 2569 1872 2648 datum,

225 2659 276 2720 est.
312 2653 462 2720 iudicium
484 2653 525 2718 de
541 2653 715 2720 Florentiui
731 2655 805 2722 libri
821 2655 1025 2722 emendatore
1067 2671 1149 2734 quae
1170 2657 1239 2716 utut
1259 2659 1341 2732 sunt,
1365 2659 1451 2716 certe
1472 2671 1542 2716 cum
1564 2653 1786 2734 australique
1805 2671 1873 2734 per·

225 2737 388 2822 petendum
411 2745 459 2804 est
482 2757 522 2804 ex
545 2739 683 2804 editione
704 2757 777 2806 mea
804 2741 939 2820 maiore,
969 2739 1024 2806 ubi
1066 2735 1257 2818 pendantur,
1279 2735 1347 2800 veri
1363 2735 1537 2822 prudentes
1556 2737 1668 2818 opinor
1683 2737 1873 2820 probabunt.

225 2823 433 2890 demonstravi
462 2823 648 2908 saepissime
678 2841 750 2890 eum
782 2831 837 2890 aut
867 2825 937 2888 falli
968 2829 1025 2890 aut
1130 2819 1164 2884 Si
1197 2837 1278 2902 quae
1308 2827 1437 2902 recepta
1467 2819 1501 2884 in
1528 2821 1662 2902 Digesta
1691 2821 1767 2886 item
1796 2821 1874 2884 alibi

224 2909 343 2974 tallere:
370 2907 577 2974 nihilominus
599 2909 666 2974 eius
688 2907 756 2974 sive
778 2907 1023 2974 correctionibus
1067 2903 1147 2982 (sive
1169 2903 1255 2986 apud
1276 2905 1352 2968 iuris
1374 2909 1518 2968 auctores
1546 2905 1600 2986 qui
1616 2909 1731 2970 extant
1752 2903 1820 2970 sive
1841 2907 1872 2968 iu

224 2995 287 3060 sive
310 2993 609 3076 interpolationibus
636 2993 670 3058 iu
696 2993 781 3058 notis
809 2995 906 3058 etiam
930 2993 1024 3058 buius
1067 2989 1343 3072 compilationibus
1370 2988 1443 3052 aliis
1471 2989 1541 3052 sire
1567 2987 1600 3052 in
1627 2987 1705 3072 ipsis
1733 2989 1873 3072 Digestis

223 3079 363 3144 editionis
384 3079 571 3160 plerumque
591 3077 695 3142 locum
717 3077 801 3156 dedi,
826 3097 897 3142 cum
914 3097 1023 3144 earum
1067 3073 1131 3138 alio
1164 3073 1246 3150 loco)
1282 3073 1335 3138 vel
1367 3073 1503 3138 redeunt
1538 3073 1591 3138 vel
1625 3079 1709 3140 certe
1740 3075 1875 3140 citantur

223 3163 387 3228 lectionum
403 3163 462 3228 etsi
480 3181 521 3228 ex
536 3169 627 3246 parte
642 3163 852 3244 pessimarum
873 3169 982 3228 tamen
1004 3183 1024 3226 a
1067 3155 1196 3224 nomine
1217 3157 1353 3222 auctoris
1375 3157 1515 3230 adiecto,
1546 3155 1588 3220 ad
1610 3157 1764 3224 eiusmodi
1786 3159 1872 3226 locos

223 3247 450 3314 iureconsultis
472 3245 644 3328 diligenter
664 3247 745 3310 ratio
766 3247 877 3312 baberi
898 3247 1023 3314 debeat.
1067 3239 1213 3304 lectorem
1237 3237 1398 3304 remittere
1421 3237 1695 3306 11116118111681·
1732 3241 1803 3320 iau⁰
1825 3259 1870 3304 Or-

224 3331 369 3418 odsoripsi
396 3337 564 3414 praeterea
589 3331 623 3396 in
648 3331 854 3398 adnotatione
876 3331 1023 3398 emenda·
1067 3323 1141 3388 dine
1156 3341 1233 3406 quae
1248 3323 1345 3388 libret
1361 3325 1584 3406 compilatores
1598 3321 1806 3404 adhibuerint,
1824 3323 1871 3388 in·

224 3417 319 3484 tiones
335 3417 402 3482 sive
418 3433 507 3480 meae
525 3415 593 3482 sive
609 3415 744 3480 aliorum
763 3415 842 3480 mihi
862 3417 1022 3500 probatas,
1067 3405 1153 3472 dices
1176 3405 1236 3472 duo
1259 3407 1423 3472 declarant
1444 3427 1464 3472 a
1484 3407 1630 3472 Bluhmio
1652 3407 1816 3490 compositi
1835 3409 1870 3472 in

224 3501 283 3566 fore
309 3509 343 3566 ot
370 3501 552 3584 propositae
579 3507 652 3566 sunt
677 3499 711 3562 in
731 3499 870 3566 editione
892 3501 1023 3582 maiore,
1066 3489 1290 3556 additamentis
1319 3493 1412 3558 huius
1437 3491 1587 3558 editionis
1615 3499 1743 3556 (tutante
1771 3493 1871 3556 Paule

224 3585 326 3668 paucis
347 3591 459 3668 postea
480 3585 532 3650 vel
556 3583 735 3668 suppressis
754 3585 955 3652 velationis
971 3585 1023 3650 vel
1067 3575 1209 3658 Kruoger
1223 3575 1371 3658 repetiti-l
1393 3575 1581 3642 adiecissem
1597 3575 1871 3658 ausingulosotu-

224 3669 352 3734 mombis.
386 3689 461 3734 nam
484 3667 517 3732 in
540 3667 726 3752 corruptelis
747 3669 950 3752 Digestorum
971 3667 1024 3734 de·
1065 3659 1114 3724 10⁸
1141 3659 1277 3742 partium
1299 3665 1455 3740 quattuor,
1485 3661 1518 3724 111
1539 3679 1617 3742 <luas
1644 3657 1870 3742 landemarum

224 3753 453 3834 prehendendis
476 3761 507 3820 et
528 3751 681 3818 tollendis
702 3771 819 3836 magna
835 3773 911 3838 pars
929 3753 1023 3820 etiam
1067 3745 1287 3826 compilatores
1311 3751 1435 3810 constat
1463 3743 1662 3826 prudentium
1689 3743 1787 3808 libros
1809 3741 1871 3808 dis-

223 3839 293 3904 iuris
313 3837 502 3922 prudentiae
523 3843 681 3920 versatur,
711 3856 902 3922 quamquam
929 3839 1024 3922 pluri.
1067 3829 1230 3910 tribuisse,
1265 3829 1460 3894 sabiniassae
1493 3825 1644 3894 Eliissiaiifl
1675 3827 1701 3892 P
1701 3825 1871 3924 ibpilliall‘cbfl

223 3923 278 3988 mis
299 3923 390 4006 locis,
424 3943 494 3988 oum
523 3921 564 3988 de
591 3923 698 3988 verbis
725 3943 807 4006 quae
829 3923 955 3990 fuerunt
976 3943 1024 3988 ro·
1067 3913 1261 3998 appendicis
1283 3913 1518 3996 iudicationem,
1541 3919 1576 3978 ut
1590 3931 1652 3994 qua
1665 3917 1870 4010 aaronem·

223 4007 404 4090 cuperandis
427 4007 662 4090 desperandum
683 4007 732 4088 sit,
757 4009 860 4074 omnis
876 4009 1024 4074 emenda·
1066 3998 1133 4080 guli
1147 3997 1229 4078 1111111
1243 3999 1408 4082 ο(111111191ῒί
1423 4005 1529 4066 efflent
1541 3997 1617 4062 111116
1631 4001 1764 4078 Datalei-
1792 4001 1869 4060 1tem

222 4089 263 4156 tic
284 4111 321 4156 ec
342 4093 535 4172 continetur,
560 4099 596 4156 ut
617 4091 797 4158 coniectura
818 4111 1026 4176 assequamur
1067 4081 1110 4148 ad
1131 4083 1272 4166 singulos
1292 4085 1400 4150 titulos
1422 4083 1516 4148 citavi
1533 4081 1737 4178 Basilieorum
1757 4079 1810 4162 qui
1824 4099 1871 4144 re-

222 4177 406 4242 sententiam
443 4177 671 4258 perturbatam.
716 4195 848 4258 quorum
886 4177 1026 4244 virorum
1068 4167 1225 4252 spondent
1245 4167 1353 4234 titulos
1374 4167 1544 4250 titulosque
1559 4165 1790 4230 Institutionum
1812 4163 1869 4228 Oo-

224 4257 379 4324 dootorum
408 4259 647 4326 emendationes
672 4263 945 4346 eomprobeesem‚
976 4283 1026 4328 00.
1068 4251 1208 4336 dicique
1218 4251 1452 4336 inscriptionem
1465 4257 1549 4316 certe
1559 4249 1693 4316 similem
1704 4249 1868 4318 habentes.

222 4363 285 4408 rum
315 4345 445 4410 nomina
476 4351 510 4410 ut
541 4365 599 4426 par
635 4351 704 4410 erat
741 4347 921 4412 enuntiari:
961 4367 1026 4414 cm·-
1069 4337 1205 4420 denique
1226 4337 1416 4402 Graecorum
1440 4335 1617 4402 versionem
1642 4333 1744 4402 adieci
1766 4355 1869 4420 neque

223 4427 372 4492 rectiones
401 4429 471 4494 sine
497 4429 626 4492 nomine
651 4431 799 4510 prolatae
830 4451 922 4498 meae
953 4439 1028 4498 sont
1068 4423 1236 4486 barbaram
1257 4421 1375 4486 saeculi
1396 4419 1476 4500 XII,
1504 4421 1591 4486 cuius
1612 4421 1771 4506 specimen
1794 4421 1869 4486 dedi

223 4513 357 4594 exeeptis
379 4513 578 4594 pervulgata
601 4517 633 4576 et
653 4533 711 4594 per
731 4517 861 4580 saecula
881 4515 946 4582 iam
967 4522 1028 4582 tra
1066 4505 1101 4570 in
1123 4503 1261 4570 edififfllss
1281 4505 1410 4584 malma
1432 4521 1536 4586 thue
1554 4507 1715 4592 vulgarem
1738 4529 1779 4574 θΧ
1799 4507 1869 4572 bar·

222 4593 306 4674 ditis,
344 4615 474 4678 quorum
518 4603 677 4660 auctorem
713 4617 818 4682 neque
848 4599 943 4664 feeile
974 4621 1028 4666 ex.
1067 4591 1146 4654 bara
1166 4589 1224 4654 illa
1244 4593 1275 4654 et
1301 4587 1509 4672 posteriomm
1532 4593 1775 4660 correctionibus
1797 4613 1870 4660 eon-

221 4679 321 4756 quiras
341 4699 399 4744 neo
420 4683 574 4762 requiras.
614 4681 671 4746 sed
694 4701 764 4746 cum
782 4703 879 4768 saepe
896 4691 1027 4762 constet,
1067 4675 1263 4754 eminatam,
1288 4673 1344 4738 Sed
1367 4693 1449 4758 (111ἣο
1470 4675 1548 4744 mihi
1568 4679 1759 4762 probaretur·

226 4763 358 4828 maxime
395 4783 435 4828 ex
474 4783 631 4828 consensu
664 4765 858 4832 Graecorum
892 4775 924 4832 et
954 4769 1028 4832 libri

227 4849 412 4930 Florentini,
449 4851 598 4914 traditam
637 4847 806 4912 lectionem
838 4865 1028 4930 quamquam
1133 4841 1271 4906 Berclini
1301 4841 1332 4906 d.
1362 4845 1413 4908 20.
1440 4845 1509 4914 Iun.
1544 4871 1572 4916 a.
1604 4853 1699 4918 1868:
1736 4851 1810 4918 item
1841 4851 1872 4916 d.

229 4939 399 5010 corruptam
431 4939 537 4998 tamen
564 4933 610 4996 ita
636 4929 843 5014 perscriptam
871 4931 969 4996 luisse
994 4931 1026 4994 in
1071 4927 1122 4988 24.
1138 4925 1228 4990 Mart
1250 4945 1279 4990 a.
1304 4927 1402 4994 1872:
1422 4929 1499 5000 item
1521 4933 1552 5000 d.
1574 4935 1714 5010 natur·
1734 4939 1871 5002 a1877·
