4366 6258
252 371 296 418 os
316 367 624 424 nxnnaonmrnans
644 373 837 426 on1n11rmos
1044 353 1113 426 w785
1185 417 1186 420 ,
1228 315 1229 318 ¹
1595 351 1782 418 XXXXVII
1807 361 1855 420 10.
1874 361 1910 420 11

254 535 409 594 iniuriarum
424 541 513 610 potest
531 539 674 594 conveniri.
707 537 755 592 red
773 545 861 596 utrum
878 541 984 612 posito¹
1001 555 1058 594 ma·
1144 539 1184 598 45
1202 541 1458 598 Hnnrooanmros
1473 539 1541 594 libro
1559 537 1651 608 quinto
1669 535 1845 604 cpilcmorum
1873 539 1914 594 De

252 607 364 676 gistratu
380 619 495 660 ansero
513 613 541 662 et
558 607 684 674 quamdiu
701 607 742 658 est
757 607 786 658 iu
802 609 978 676 mag'stratut
1011 607 1058 660 sed
1108 607 1205 664 iniuria
1222 627 1293 666 nnnc
1311 613 1388 664 extra
1405 607 1523 664 ordinem
1540 621 1574 660 ex
1590 617 1673 660 causa
1688 605 1716 658 et
1729 617 1845 670 persona
1859 611 1914 658 sta·

252 673 338 730 verius
356 677 409 738 est,
434 673 497 728 siis
512 673 684 742 magistratus
702 675 755 736 est,
779 675 824 794 (οἱ
845 677 902 730 sine
919 675 1014 730 fraude
1029 673 1059 728 in
1109 677 1150 730 tui
1175 679 1250 732 solet.
1292 683 1319 732 et
1344 675 1413 732 serri
1428 673 1545 744 quidem
1625 669 1692 750 allis.
1707 669 1778 724 oaesi
1803 669 1915 750 dominis

251 745 293 800 ius
317 739 407 794 vocari
429 755 483 794 nou
505 743 606 808 potest,
636 743 783 806 exspectan
800 757 846 794 um
869 757 941 808 esse,
971 741 1059 812 quoad
1109 743 1293 810 restituuntur,
1311 745 1388 798 liberi
1404 757 1466 796 vero
1484 739 1632 796 humilicus
1648 737 1753 808 qudem
1768 737 1821 790 lom
1834 737 1914 790 furti-

253 807 408 878 magistratu
429 807 536 862 abeat2.
572 805 644 874 quod
668 807 711 860 et³
732 805 756 860 si
779 823 813 862 ex
833 809 980 864 minoribus
1001 823 1058 862 ma·
1109 809 1160 864 bus
1185 811 1365 878 subiciuntur,
1394 809 1476 864 ceteri
1502 815 1593 864 antem
1613 807 1656 862 rel
1676 805 1755 862 exilio
1775 805 1915 874 temporali

252 875 405 948 gismadbus
423 871 482 940 erit,
500 871 528 926 id
545 877 586 928 est
604 873 649 940 qui
667 873 723 928 sine
739 873 850 944 imperio
864 883 912 930 aut
925 879 1059 946 potestate
1110 877 1151 930 uel
1167 877 1353 934 interdictione
1370 883 1459 934 certae
1476 877 1515 932 rei
1533 879 1697 932 commutor.

253 949 315 1004 sunt
330 943 501 1024 magistratus
509 943 528 1006 ⁴,
551 947 579 996 et
601 939 709 1012 inipso
732 941 890 1012 magistratu
910 959 990 1012 posse
1013 957 1059 998 eos

254 1025 393 1070 convcnnr.

286 1075 326 1202 {131
343 1077 462 1132 Pronus
482 1075 550 1198 ³²¹?ss
563 1077 675 1178 5decimo
698 1075 735 1130 ad
750 1075 885 1198 διιέιίοοοὶι1
920 1075 996 1144 Quod
1019 1075 1059 1130 rei
1471 1081 1551 1144 xpt,

270 1165 288 1202 u
327 1161 375 1200 cae
390 1159 505 1200 reneran
542 1159 556 1198 e
595 1159 678 1200 causa
701 1159 783 1200 secun
802 1161 847 1198 um
888 1159 954 1198 onos
971 1159 1058 1198 mores

253 1167 294 1282 it,
318 1213 421 1270 ebamsi
443 1213 478 1268 ad
501 1213 688 1268 contumeliam
709 1213 821 1270 annuus
845 1213 974 1282 pertinet,
997 1213 1059 1294 quia
1209 1179 1257 1228 DE
1273 1179 1587 1234 mmmmm
1604 1181 1812 1234 GRIMIMBUS'

253 1293 341 1340 temen
362 1297 417 1336 non
440 1297 472 1336 aa
488 1287 576 1336 mente
592 1281 761 1350 magistratus
778 1279 856 1348 facit,
881 1285 912 1334 ut
933 1279 1059 1336 iniuriam
1146 1277 1300 1356 anonos
1319 1279 1387 1336 libro
1410 1283 1534 1350 quinto¹⁵
1554 1283 1745 1336 sententiarum
1783 1281 1913 1338 Sollicita·

254 1351 359 1416 tacisti,
383 1349 431 1404 sed
452 1347 489 1402 sd
509 1347 652 1402 vindictam
668 1347 813 1402 maiestatis
831 1349 957 1418 publicae
973 1351 1058 1420 raspi-
1109 1351 1182 1400 tores
1202 1345 1349 1400 aheuarum
1370 1349 1523 1416 nuptiarum
1547 1349 1663 1418 itemque
1688 1351 1914 1404 matrimoniorum

254 1421 313 1484 ciat,
332 1417 436 1472 acdona
452 1417 610 1472 iniuriarum
626 1431 681 1470 non
696 1419 810 1472 tenetur.
1109 1411 1329 1484 interpellatores
1342 1421 1369 1468 et
1391 1417 1415 1470 si
1437 1417 1534 1472 effectu
1556 1416 1662 1472 sceleris
1684 1417 1765 1488 potiri
1782 1433 1836 1472 uon
1852 1433 1914 1486 pos·

286 1483 326 1544 34
345 1485 437 1540 Garun
457 1483 525 1540 libro
543 1487 621 1540 tertio
638 1485 740 1540 destino
764 1485 801 1540 ad
816 1483 932 1540 edentum
943 1487 1058 1568 prom'n·
1109 1487 1185 1548 sunt,
1208 1487 1319 1552 propter
1340 1483 1503 1540 voluntatem
1525 1483 1689 1554 perniciosae
1706 1485 1821 1542 libidinis
1839 1491 1915 1540 erma

252 1555 320 1612 ciam
353 1553 383 1608 Si
403 1553 495 1624 pluras
515 1555 584 1608 sarri
608 1553 685 1608 simul
706 1551 821 1676 aliquem
843 1553 988 1610 ceciderunt
1012 1559 1059 1608 aut
1112 1559 1122 1606 1
1160 1549 1279 1630 ordinem
1295 1551 1450 1630 puniuntur.
1475 1553 1521 1606 Fit
1538 1553 1634 1608 iniuria
1649 1559 1742 1610 eontra
1757 1555 1842 1610 bonos
1857 1571 1914 1608 mo-

253 1621 399 1678 conuicium
422 1621 501 1676 alicui
523 1621 648 1690 fecerint,
672 1621 747 1690 singu
759 1639 835 1678 erum
857 1623 995 1692 proprium
1019 1627 1059 1676 ast
1109 1635 1164 1684 res,
1187 1619 1268 1684 relutr
1285 1635 1310 1672 οι
1326 1633 1385 1696 qurs
1401 1617 1464 1674 fimo
1481 1627 1608 1690 corrupto
1625 1621 1740 1690 aliquem
1758 1621 1914 1690 perfuderit,

253 1689 409 1746 maleficium
426 1693 454 1744 ct
469 1693 546 1744 tanto
562 1689 647 1744 maior
664 1689 768 1760 iniuria,
787 1697 888 1774 quanto
906 1691 1058 1762 apluribus
1110 1703 1192 1744 caeno
1209 1687 1266 1740 luto
1285 1687 1417 1768 obmedt
1427 1689 1465 1752 ²⁶,
1478 1705 1562 1758 aquas
1585 1691 1749 1768 spumaverit
1757 1693 1786 1756 ¹⁷,
1808 1687 1914 1744 fistulas

253 1759 368 1814 admissa
384 1763 434 1816 est
467 1757 548 1814 immo
566 1759 645 1812 etiam
662 1763 703 1814 tot
719 1759 831 1816 imuuae
848 1765 923 1826 sunt,
948 1765 1014 1828 quot
1031 1765 1059 1812 et
1109 1753 1653 1824 lacusquidte¹⁸al1udad¹⁹iniur1am
1687 1757 1803 1814 ublioam
1821 1765 1914 1814 conta-

252 1841 381 1900 persouae
397 1825 522 1884 miuriam
539 1825 701 1882 iacientium.
1109 1829 1124 1878 2
1159 1823 1312 1878 minareritz
1329 1821 1357 1876 in
1372 1839 1438 1892 quos
1451 1825 1567 1894 graviter
1578 1773 1749 1882 animadverti
1762 1825 1838 1882 solat.
1863 1825 1915 1894 Qui

286 1889 325 1950 35
348 1893 493 1950 Uarianos
508 1893 576 1950 libro
594 1897 672 1950 tertio
690 1895 861 1952 decennibus
879 1897 1059 1952 tribunalibus
1108 1893 1224 1960 puerc²⁰
1248 1895 1369 1960 stuprum
1377 1893 1398 1924 ²¹
1422 1893 1539 1948 abducto
1561 1892 1595 1947 ab
1618 1907 1648 1947 eo
1666 1895 1708 1948 sel
1724 1899 1850 1962 corrupto
1868 1909 1914 1948 co·

254 1961 281 2014 Si
305 1961 364 2032 quis
391 1963 514 2016 iniuriam
544 1967 661 2018 atrocem
686 1963 792 2030 fecerit,
820 1963 867 2032 qui
890 1967 1059 2018 contemnere
1109 1961 1173 2014 mite
1188 1959 1353 2028 persuaserit
1369 1961 1446 2014 aut²²
1466 1959 1602 2014 mulierem
1622 1961 1769 2028 puellamve
1788 1961 1914 2028 interpel-

252 2029 406 2084 ioiuriarum
432 2029 560 2086 iudicium
584 2031 671 2100 possit
698 2031 732 2086 ob
761 2031 897 2086 miamiam
926 2047 1002 2098 suam
1031 2035 1059 2086 et
1108 2027 1204 2082 laverit
1227 2027 1323 2096 quidve
1344 2025 1554 2096 impudicitiae²³
1574 2025 1662 2096 gratia
1681 2027 1789 2094 fecerit,
1816 2027 1914 2082 donum

254 2101 405 2166 egestatem,
423 2105 531 2168 praetor
548 2099 645 2154 aeriter
662 2099 756 2168 exequi
773 2101 844 2154 hano
860 2117 917 2154 rem
935 2099 1014 2154 debet
1031 2103 1059 2152 et
1109 2095 1262 2164 praebuerit
1284 2095 1443 2164 pretiumve,
1467 2111 1519 2164 quo
1537 2095 1560 2150 is
1577 2095 1775 2164 persuadeant,
1799 2095 1914 2152 dederit:

253 2181 306 2230 eos,
324 2167 370 2234 qui
385 2167 509 2222 iniuriam
525 2167 657 2232 iecerunt,
674 2183 805 2222 coercere.
1047 2191 1048 2194 ι
1128 2163 1228 2218 effecto
1246 2161 1346 2232 flagitio
1364 2163 1473 2234 punitur
1490 2163 1616 2232 capite²⁵,
1632 2161 1779 2232 inperfecto
1796 2163 1825 2218 in
1841 2163 1914 2218 insu·

285 2227 324 2290 36
343 2233 486 2290 Ioarnros
500 2233 567 2290 libro
586 2233 811 2306 quadragensimo
830 2237 924 2304 quinto
942 2235 1058 2306 digesto·
1136 2247 1162 2284 m
1187 2231 1356 2300 deportatur:
1385 2231 1506 2300 comupti
1527 2231 1635 2284 comites
1657 2245 1759 2284 summo
1783 2229 1914 2300 supplicio

252 2317 311 2354 rann
343 2299 546 2356 Sifiliinomiue
558 2317 618 2356 cum
629 2305 707 2370 patre
719 2301 875 2356 iniuriarum
889 2303 1059 2372 agerevelim
1110 2299 1280 2356 adficiuntur.

253 2371 279 2422 et
295 2367 317 2422 is
334 2375 535 2436 procuratorem
548 2369 600 2436 det,
617 2369 845 2440 nonintellegitur
857 2371 928 2424 filius
944 2371 1057 2438 defendi,
1143 2365 1162 2424 2
1186 2367 1331 2424 Uarianos
1346 2365 1413 2422 libro
1428 2371 1526 2438 quarto
1544 2365 1731 2448 ορίοἰοιοιοοῖὃ
1766 2363 1822 2444 Sub
1836 2381 1914 2434 prae·

253 2435 303 2488 nisi
318 2435 464 2490 iudicatum
479 2437 543 2492 solui
557 2435 714 2492 satisdator:
734 2443 760 2492 et
771 2437 831 2494 ideo
845 2439 915 2494 actio
931 2439 1058 2494 adversus
1109 2441 1185 2490 textu
1207 2437 1341 2506 religionis
1362 2435 1404 2492 rel
1424 2437 1475 2490 sub
1496 2449 1585 2504 specle
1608 2431 1727 2488 solvendi
1746 2435 1800 2488 rob
1822 2437 1914 2488 coetus

252 2503 342 2568 filium,
360 2509 531 2574 tamquama
566 2511 623 2560 atre
640 2521 695 2560 non
713 2503 879 2572 defendatur,
898 2507 986 2562 danda
999 2507 1056 2562 erit.
1109 2505 1215 2560 illicitos
1223 2507 1246 2538 ²⁷
1263 2521 1313 2560 nec
1331 2519 1347 2558 a
1364 2503 1495 2560 veteranis
1513 2509 1566 2558 tem
1585 2503 1668 2558 tari²⁸
1685 2505 1798 2572 oportet

287 2567 325 2626 37
336 2571 519 2650 ,Msaornros
540 2521 609 2628 liora
645 2577 724 2626 narro
741 2575 843 2630 decimo
862 2575 1058 2630 institutionum
1144 2569 1262 2636 dolonn
1280 2575 1348 2628 libro
1367 2521 1646 2650 emtiofldonclnilems
1678 2569 1851 2650 dtebionamq
1874 2569 1914 2626 rel

254 2637 491 2694 constitutionibus
515 2641 636 2710 principa
650 2641 708 2696 'bus
731 2647 841 2698 caretur
863 2659 908 2710 ea,
932 2659 1002 2712 quae
1017 2643 1059 2698 in·
1109 2657 1143 2696 ex
1161 2641 1241 2694 llatae
1268 2639 1425 2696 hereditatis
1451 2639 1551 2694 rudicia
1580 2643 1778 2694 accusationem
1808 2637 1911 2706 qudem

253 2707 369 2760 famandi
385 2707 495 2762 alterius
514 2723 596 2762 causa
611 2709 640 2762 in
657 2715 827 2764 monumenta
863 2713 953 2766 ubbca
969 2711 1059 2780 posita
1109 2657 1216 2772 briant,
1235 2709 1282 2764 sed
1299 2725 1353 2764 nou
1370 2713 1434 2764 sunt
1449 2707 1566 2776 publica.

256 2779 265 2826 l
302 2781 377 2842 sunt,
404 2775 464 2830 tolli
489 2775 522 2830 de
548 2777 643 2830 medio.
683 2777 774 2830 Etiam
800 2793 833 2832 ex
843 2727 912 2848 1iege
935 2779 1059 2834 Cornelia
1143 2773 1362 2832 4Mrrrorrros
1392 2775 1460 2830 libro
1481 2777 1575 2846 primo
1601 2775 1757 2846 regularum
1801 2773 1915 2830 1)(ιοο29

252 2841 406 2898 iniuriarum
433 2843 502 2896 actio
530 2843 640 2898 civiliter
664 2845 762 2898 moveri
785 2851 874 2914 potest
898 2845 1057 2902 condemna·
1109 2843 1221 2898 Severus
1240 2849 1266 2898 et
1283 2843 1434 2898 Antoninus
1451 2843 1645 2912 rescripserunt
1667 2857 1735 2908 eam,
1759 2857 1827 2910 quac
1852 2841 1915 2896 data

253 2909 323 2962 tione
341 2911 524 2964 aestimatione
541 2911 636 2966 indicis
654 2911 783 2966 facienda.
1109 2925 1191 2980 opera
1214 2911 1315 2980 abegit,
1340 2925 1356 2964 a
1376 2911 1498 2980 praeside
1514 2911 1543 2964 in
1559 2911 1707 2980 temporale
1723 2911 1831 2964 exilium
1848 2911 1913 2964 dan-

286 2971 324 3034 38
344 2977 512 3032 ⁷Sosnronr
537 2977 605 3034 libro
628 2983 725 3048 quarto
747 2979 904 3050 regularum
944 2981 1058 3036 Senatus
1109 2977 1183 3032 dam:
1206 2977 1342 3046 indignum
1364 2977 1434 3032 enim
1454 2977 1536 3032 videri
1553 2983 1642 3046 potest
1658 2977 1766 3046 impune
1782 2993 1841 3032 eam
1857 2993 1913 3032 ma·

254 3045 374 3100 consudto
398 3051 519 3112 caretur,
543 3061 577 3100 ne
601 3047 659 3114 quis
680 3047 820 3114 imaginem
841 3049 1009 3118 imperatoris
1030 3049 1059 3102 in
1108 3045 1188 3100 ritum
1205 3045 1296 3100 liberis
1312 3045 1461 3100 fraudasse.

252 3111 374 3168 invidiam
392 3113 501 3168 alterius
518 3119 652 3194 portaret:
675 3119 702 3170 ct
723 3115 768 3184 qui
790 3115 1006 3184 contrafecerit,
1030 3117 1059 3170 in
1142 3111 1161 3172 5
1190 3111 1335 3168 Unrrrrrs
1361 3111 1428 3168 libro
1450 3111 1544 3182 quinto
1570 3111 1604 3166 de
1628 3111 1722 3182 officio
1738 3113 1915 3184 proconsulis

253 3181 356 3236 vincrrla
391 3181 480 3236 ublica
497 3187 624 3234 mutetur.
1108 3181 1234 3244 Iasum,
1262 3181 1338 3234 ouius
1364 3179 1492 3236 instinctu
1520 3179 1556 3234 ad
1576 3179 1757 3236 mfumandum
1780 3179 1914 3236 dominum

287 3245 326 3304 39
375 3263 520 3302 rronsros
540 3249 608 3304 libro
625 3249 741 3304 secundo
754 3251 927 3322 publicorum
946 3251 1057 3306 indicio·
1109 3265 1200 3304 servus
1218 3249 1252 3302 ad
1271 3251 1386 3302 statuam
1401 3247 1551 3316 confugisse
1565 3253 1716 3316 compertus
1732 3247 1790 3312 erit,
1807 3253 1914 3316 praeter

254 3333 310 3370 rnna
344 3315 453 3370 Vestem
469 3315 605 3370 sordidam
620 3317 661 3370 rei
674 3317 779 3372 nomine
793 3319 822 3370 in
835 3317 943 3398 publico
959 3319 1058 3372 babere
1109 3315 1227 3384 corrupti
1253 3315 1322 3370 servi
1344 3315 1486 3382 ardonem,
1514 3329 1581 3382 quae
1608 3331 1643 3368 ex
1668 3315 1755 3370 edicto
1784 3321 1913 3384 perpetuo

254 3383 409 3454 capillumro
430 3383 593 3438 summittere
613 3385 679 3438 nulli
701 3385 777 3450 licet,
800 3385 853 3440 nim
873 3385 913 3440 ita
931 3385 1058 3442 coniunc-
1109 3381 1243 3454 competit,
1262 3397 1351 3436 severe
1370 3381 1593 3436 animadvertitur.

253 3451 314 3506 tusi
331 3457 372 3508 est
387 3451 545 3516 adfinitaiii,
568 3457 600 3504 ut
619 3451 717 3506 invitus
738 3453 767 3508 in
786 3469 863 3508 reum
880 3453 1059 3508 testimonium
1142 3447 1257 3508 (iinon
1274 3449 1341 3506 libro
1357 3455 1450 3504 octavo
1464 3451 1497 3504 do
1511 3449 1606 3520 officio
1615 3451 1788 3520 proconsulis
1821 3451 1912 3506 Anno·

254 3521 340 3574 dicere
357 3519 416 3588 cogi
431 3535 486 3574 non
502 3519 596 3586 possit.
1109 3535 1170 3572 nam
1194 3517 1360 3586 adtemptare
1386 3521 1413 3570 et
1435 3531 1531 3572 vexare
1558 3515 1599 3572 rel
1623 3517 1737 3572 maxima
1763 3517 1913 3574 dardanarii

286 3585 325 3644 40
347 3585 453 3640 Macra
477 3587 545 3640 libro
567 3587 684 3640 saturnio
700 3587 874 3656 publicorum
897 3589 1058 3644 indiciorum
1109 3585 1207 3640 solent:
1232 3601 1343 3654 quorum
1362 3585 1488 3638 auantiae
1505 3583 1608 3640 obsum
1625 3583 1690 3640 itum
1708 3589 1749 3640 est
1766 3589 1821 3640 tam
1838 3601 1913 3640 man-

254 3653 453 3710 DirusSererus
463 3653 591 3724 Dionysio
603 3653 716 3720 Diogeni
727 3655 765 3708 ita
775 3655 882 3724 scripsit
890 3655 924 3708 ¹⁰:
945 3655 1058 3710 ‘Atracis
1109 3653 1178 3706 datis
1199 3667 1279 3720 quam
1301 3651 1544 3724 constitutionibus.
1582 3651 1713 3706 mandetis
1740 3653 1800 3706 deni
1819 3667 1852 3706 ue
1874 3655 1914 3706 ita

254 3721 372 3778 ‘iniuriae
394 3723 537 3776 damnatus
559 3721 588 3772 in
610 3721 702 3776 ordine
725 3721 897 3776 decurionum
923 3739 982 3778 esse
1004 3739 1058 3776 non
1110 3725 1232 3772 caretur:
1251 3719 1402 3774 ‘Praeterea
1421 3719 1529 3774 debebis
1547 3719 1692 3786 custodire,
1710 3735 1744 3774 no
1762 3721 1809 3774 dar
1846 3721 1914 3774 narii

254 3791 388 3858 ‘potest¹¹.
422 3805 473 3844 nec
493 3787 621 3856 prodesse
642 3789 691 3842 tibi
714 3787 792 3844 debet
815 3805 891 3844 error
907 3789 1059 3856 praesidum
1109 3787 1195 3842 ‘ullius
1223 3787 1319 3840 merois
1346 3787 1412 3852 sint,
1441 3801 1475 3842 nc
1497 3789 1545 3840 aut
1568 3787 1602 3840 ab
1625 3787 1680 3852 bis,
1708 3787 1755 3856 qui
1777 3803 1851 3842 coem
1870 3793 1912 3842 tas

254 3865 308 3912 ‘aut
325 3859 388 3924 eius,
407 3859 453 3926 qui
470 3857 503 3912 de
520 3863 548 3910 te
563 3855 664 3926 aliquid
680 3857 869 3928 pronuntiarit,
893 3863 941 3910 ant
958 3871 1057 3924 eorum,
1109 3859 1218 3910 ‘merces
1237 3853 1413 3924 supprimunt,
1431 3859 1479 3908 aut
1496 3871 1512 3908 a
1529 3853 1756 3922 locupletioribus,
1778 3855 1824 3924 qui
1885 3871 1912 3910 c·

262 3927 307 3994 qui
329 3931 422 3980 contra
441 3925 555 3980 formam
576 3925 642 3980 iuris
663 3925 792 3982 mansisse
813 3931 840 3980 te
856 3927 885 3978 in
902 3925 994 3980 ordine
1012 3925 1057 3980 de·
1109 3927 1160 3976 ‘tus
1178 3937 1240 3976 suos
1257 3923 1348 3988 aequis
1366 3921 1458 3992 preliis
1477 3923 1590 3976 vendere
1606 3925 1719 3988 nollent,
1741 3921 1805 3976 dum
1826 3923 1911 3976 minus

254 3995 401 4048 ‘eumenum
417 3993 594 4062 putauerunt'.
1109 3991 1213 4044 ‘uberes
1238 3997 1381 4058 proventus
1407 3997 1577 4058 exspectant,
1608 3991 1743 4046 80οιιιιοιιο
1769 3991 1911 4044 oneretnr’.

286 4059 323 4118 41
344 4061 497 4116 Nanassos
516 4061 585 4114 libro
604 4063 697 4130 quinto
714 4061 930 4116 membranarum
967 4059 1057 4126 Pater,
1108 4071 1195 4126 poena
1211 4063 1301 4110 autem
1316 4057 1410 4112 iubos
1427 4057 1500 4112 varie
1517 4057 1656 4112 statuitur:
1674 4057 1911 4126 namplerumqus,

254 4129 329 4184 cuius
352 4129 407 4184 lilio
428 4129 503 4184 iacta
524 4133 564 4182 est
584 4127 694 4192 iniuria,
723 4143 777 4182 non
802 4133 844 4182 est
866 4125 1056 4208 impediendus,
1109 4123 1132 4180 si
1154 4125 1320 4192 negotiantes
1343 4129 1418 4190 sunt,
1445 4127 1623 4194 negotiatione
1645 4123 1683 4180 eis
1703 4129 1808 4179 tantum
1829 4123 1911 4180 inter-

254 4213 305 4266 que
326 4199 412 4252 minus
435 4195 539 4252 duobus
561 4195 666 4250 iudiciis
689 4199 716 4250 et
734 4211 810 4250 suam
827 4195 951 4250 iniuriam
967 4211 1057 4264 perse·
1109 4191 1372 4258 murcomannum
1395 4197 1422 4246 et
1442 4191 1554 4262 relegari
1577 4195 1674 4258 solent,
1700 4191 1853 4246 humiliores
1877 4191 1913 4246 ad

254 4269 351 4334 quatur
368 4269 394 4318 et
411 4263 467 4318 b'lii.
1112 4265 1122 4312 l
1160 4275 1226 4330 opus
1249 4261 1386 4330 publicum
1406 4261 1472 4314 dari.
1508 4261 1626 4316 Onerant
1647 4275 1779 4314 annonrmr
1802 4259 1911 4314 etiam³²

288 4329 327 4390 42
346 4333 464 4386 Pronus
479 4333 546 4388 libm
563 4333 657 4402 quinto
668 4333 689 4366 ¹²
705 4333 895 4388 sententiarum
924 4331 1010 4386 ludici
1022 4333 1057 4388 ab
1109 4331 1224 4382 staterae
1242 4327 1415 4396 adulterinae,
1436 4327 1582 4396 dequibus
1600 4327 1673 4384 divus
1691 4327 1823 4382 Traianus
1841 4327 1910 4382 edic·

1109 4395 1912 4466 ,u

286 4533 325 4592 43
346 4535 437 4592 omos
459 4509 526 4590 libro
544 4537 621 4588 tertrb
640 4535 795 4606 regularum
830 4535 882 4604 Qui
900 4535 1057 4590 iniuriarum
1109 4481 1413 4588 testamentumpialsum
1435 4479 1586 4600 scripserit
1610 4531 1740 4600 signasset
1763 4479 1910 4598 maireium,

254 4603 383 4658 actionem
395 4619 444 4672 per
456 4603 615 4658 calumniam
626 4603 749 4668 instituit,
763 4609 839 4660 extra
851 4603 971 4660 ordinem
983 4603 1056 4658 dam·
1109 4603 1124 4654 2
1160 4599 1299 4654 damnatus
1325 4605 1403 4654 esset.
1439 4599 1491 4654 Sed
1519 4603 1545 4654 et
1570 4597 1646 4654 dirus
1667 4597 1818 4654 Hadrianus
1841 4615 1909 4666 eum,

254 4677 345 4726 natur:
368 4669 396 4726 id
419 4677 460 4726 est
482 4673 587 4726 exilium
610 4677 657 4724 aut
677 4671 864 4738 relegationem
887 4677 935 4726 aut
959 4671 1056 4728 ordinis
1109 4667 1155 4738 qui
1171 4667 1251 4724 falsas
1270 4683 1407 4724 mensuras
1424 4667 1525 4732 babuit,
1543 4667 1572 4720 in
1588 4667 1702 4722 insulam
1718 4667 1851 4736 relegavit.

254 4741 411 4792 amotionem
428 4739 555 4806 patiatur.
1143 4733 1161 4792 7
1179 4735 1258 4790 loun
1277 4735 1344 4790 libro
1361 4753 1432 4792 nono
1449 4735 1482 4790 da
1498 4735 1593 4858 afflicto
1606 4735 1776 4806 proconsulis
1811 4735 1911 4792 Saccu-

287 4805 327 4862 44
344 4807 510 4860 innormans
526 4805 593 4860 libro
610 4823 681 4860 naono
699 4809 942 4878 exportationibus
956 4807 1056 4864 babeo·
1108 4805 1206 4870 larii³²,
1247 4805 1275 4858 ui
1296 4805 1389 4858 vatins
1406 4803 1434 4858 in
1450 4819 1512 4858 saec
1542 4819 1572 4858 os
1590 4807 1659 4858 artes
1677 4811 1830 4860 exercentes
1847 4821 1910 4874 por·

253 4873 294 4926 nis
328 4873 356 4928 Si
375 4873 531 4928 inferiorum
552 4873 672 4928 dominus
695 4873 800 4930 aedium
817 4875 960 4942 superioris
978 4875 1058 4930 vieini
1107 4879 1161 4928 tem
1178 4821 1341 4936 subinnuat,
1365 4877 1468 4942 partem
1485 4871 1659 4936 subtrahunt,
1676 4871 1739 4926 item
1756 4873 1801 4942 qui
1819 4873 1909 4930 derec-

253 4939 397 5008 fumigandi
414 4957 495 4996 causa
512 4941 614 4996 fumum
630 4941 738 5008 faceret,
757 4947 805 4996 aut
818 4943 843 4996 si
857 4943 980 5022 superior
993 4945 1056 4998 vici·
1106 4941 1168 4994 tarii
1185 4939 1364 5010 appellantur,
1382 4941 1434 4994 boc
1451 4945 1492 4996 est
1508 4939 1551 5004 bi,
1572 4939 1617 5008 qui
1634 4939 1662 4996 in
1678 4939 1765 4996 aliena
1781 4945 1909 4998 cenacula

253 5023 302 5062 nus
328 5009 387 5062 iu²³
415 5007 555 5064 inferiores
583 5009 661 5064 aedes
689 5009 752 5078 quid
774 5015 823 5065 aut
845 5011 987 5080 prorecerit
1010 5017 1057 5066 aut
1107 5025 1136 5064 se
1154 5009 1269 5076 dirigunt
1286 5007 1391 5062 furandi
1409 5007 1505 5074 animo,
1523 5009 1584 5076 plus
1601 5025 1679 5078 quarn
1695 5009 1768 5064 furas
1783 5011 1910 5080 puniendi

253 5073 390 5144 infuderit,
415 5083 494 5146 negat
514 5075 606 5132 Labeo
628 5077 785 5134 iniuriarum
806 5077 848 5146 agi
869 5095 962 5146 posse:
986 5079 1057 5150 quod
1107 5083 1182 5134 sunt:
1200 5077 1352 5156 idcircoque
1367 5077 1461 5150 autad
1475 5077 1908 5150 tempusinopusdanturpubli-

253 5139 349 5198 falsum
371 5149 449 5214 puto,
472 5145 495 5200 si
516 5151 606 5200 tamen
626 5145 738 5200 iniuriae
761 5145 899 5202 faciendae
917 5163 999 5204 causa
1015 5149 1056 5204 in·
1109 5145 1374 5212 oum,autfust1bus
1393 5145 1558 5214 casngautur
1574 5149 1601 5202 et
1618 5145 1791 5216 dimittuntur,
1811 5149 1910 5204 autad

252 5209 372 5266 mittitur.
1107 5221 1211 5288 tempus
1227 5215 1386 5284 relegantur.
1400 5217 1403 5224 “

252 5381 282 5440 (li
299 5381 458 5448 depositor*
519 5389 551 5448 ta)
569 5387 869 5452 mugtauatumbeatffl,
883 5389 1056 5452 magistratum
1108 5385 1275 5440 oblineritF²
1332 5385 1376 5452 (lt)
1394 5387 1586 5452 spargareriiF
1632 5387 1678 5454 (te)
1695 5385 1914 5452 latusquidrelli'

253 5445 392 5502 irinati*²
455 5455 501 5518 ta)
519 5457 543 5506 et
557 5455 603 5506 del.
685 5455 717 5518 tr)
734 5455 901 5522 magistrtus]
916 5457 995 5522 magis
1008 5477 1055 5508 scr.
1107 5461 1152 5522 (ιο)
1164 5455 1338 5524 adlinPoalus
1364 5455 1412 5518 (no)
1421 5457 1576 5520 praetextato
1584 5457 1726 5508 inaPoalns
1754 5459 1796 5518 (οι)
1810 5453 1908 5504 aliudve

254 5515 286 5578 (⁵)
302 5517 654 5590 mammoneamque
698 5521 731 5590 (6)
744 5523 840 5574 tath
881 5527 912 5588 ti)
929 5525 1004 5594 cle.
1013 5527 1056 5590 48,
1106 5525 1229 5590 flagitium
1238 5527 1283 5574 ins.
1293 5523 1386 5574 Paulus
1436 5525 1482 5588 (iii
1501 5523 1701 5576 automPaatas
1753 5523 1800 5584 (23)
1818 5521 1908 5582 quidve

254 5593 286 5648 1⁹,
293 5595 353 5666 ‚²⁸2st
399 5591 432 5654 (8)
449 5589 580 5644 impactus
588 5591 629 5644 ΡΞ
675 5593 709 5654 (9)
726 5591 851 5644 adimari
860 5593 906 5644 det
953 5597 999 5658 (lo)
1016 5611 1056 5644 re·
1106 5593 1242 5660 pudiddaa
1258 5591 1451 5656 corrumpendae
1468 5593 1563 5644 Paulus
1673 5591 1721 5654 (nt)
1737 5585 1912 5662 persuadebit'

252 5655 397 5718 scruputi?²
437 5659 477 5722 (11)
489 5663 560 5724 potes
568 5663 621 5714 edd.
664 5661 844 5722 cintriacum
886 5663 930 5728 ito)
943 5659 1062 5716 inomlf
1106 5663 1152 5726 (25)
1171 5659 1366 5728 capitapunitur
1374 5659 1468 5714 Paulas
1510 5661 1558 5724 (no)
1576 5653 1752 5724 opiniorumF
1791 5651 1842 5730 (27(
1856 5653 1908 5702 dh-

287 5721 329 5788 itti
347 5725 410 5792 Pop.
419 5737 484 5788 ans
503 5729 563 5780 sao.
574 5729 771 5782 2...1o.-··Bos.
782 5731 824 5794 to,
833 5739 860 5782 aa
935 5733 978 5794 (rs)
996 5733 1056 5784 arm
1106 5731 1203 5782 citusF
1245 5729 1293 5792 (ne)
1310 5729 1465 5792 temptarer
1504 5731 1552 5788 (aa)
1570 5725 1677 5776 dura.
1725 5719 1772 5780 (8⁰)
1790 5719 1912 5770 necaro

255 5799 304 5840 ab.
314 5801 346 5842 13.
356 5803 380 5844 rt
423 5793 468 5858 (tt)
486 5793 628 5848 oblienierit
640 5797 713 5848 Pauli
722 5797 780 5848 libri
788 5797 850 5858 bonai,
860 5797 1055 5862 oblinueritffl,
1106 5799 1150 5864 (il)
1169 5797 1289 5848 eiiamF
1348 5797 1395 5860 (32)
1412 5793 1594 5846 arcamariani*
1691 5865 1707 5912 9
