4366 6258
254 379 292 426 on
314 375 449 434 ancum.
473 375 670 420 1111111111.
692 373 838 424 rosanae.

281 541 318 600 64
344 541 474 604 (11111111
497 537 614 592 Mucius
638 535 789 596 Scaeuola
820 539 888 594 l'hro
917 541 1053 610 sircpalma'

253 609 318 686 ὅρων
347 605 651 672 ’(11111111111111111111
667 603 695 656 in
710 619 819 660 censum
836 605 950 670 deducit,
968 607 1050 660 nihilo

253 697 289 736 na
308 677 328 730 's
347 675 403 728 eius
421 671 496 728 fiunt.

301 743 318 802 5
341 743 441 796 harno
462 739 529 792 libro
553 743 631 792 sexto
650 737 785 808 pittancia
808 759 826 796 α
847 741 947 796 Prono
968 741 1050 812 epito-

252 819 376 872 matorem
409 805 597 886 §igpistfflm
614 805 664 860 tihi
679 809 784 876 misero,
806 823 861 862 non
879 809 928 862 erit
946 823 978 862 ea
994 813 1049 874 tua,

252 889 386 946 antequam
398 875 447 928 trbi
461 863 565 928 reddita
571 859 669 928 dreni.
698 875 829 930 Plutus:
845 875 924 932 immo
942 881 1048 928 contra:

252 965 306 1008 nam
326 945 350 1000 si
372 943 475 998 miseris
499 941 534 994 ad
557 955 599 994 me
622 943 790 998 tabellarium
806 949 882 996 tuum
898 949 924 998 et
941 959 990 1010 ego
1007 957 1058 996 re»

253 1011 376 1078 scribendi
388 1027 470 1066 causa
482 1009 585 1064 litteras
598 1009 649 1066 tibi
662 1011 765 1074 misero,
785 1009 863 1066 simui
875 1015 954 1078 atque
965 1011 1050 1066 tabel-

252 1077 705 1144 (11101110111111111111111111111.
741 1077 811 1132 idem
830 1077 937 1148 ¹accidet
959 1079 987 1130 in
1008 1077 1050 1130 his

251 1149 346 1216 litteris,
365 1163 432 1216 quas
449 1153 513 1200 tuae
530 1147 668 1200 dumtaxat
683 1145 723 1200 rei
738 1147 825 1214 111111
840 1147 945 1212 misero,
968 1145 1050 1202 ueluti

253 1217 393 1288 spetieris
410 1231 427 1268 a
444 1231 497 1280 me,
521 1215 561 1270 uti
577 1219 605 1270 te
622 1213 701 1268 alicui
718 1213 942 1280 commendarem,
961 1219 987 1268 et
1004 1229 1050 1270 eas

254 1297 262 1342 1
295 1283 526 1340 commendaticias
548 1283 598 1336 tihi
619 1283 714 1336 misero
738 1281 850 1336 litteras.
886 1281 915 1336 st
936 1297 990 1350 qua
1007 1281 1049 1336 in-

252 1357 303 1412 sula
319 1355 346 1406 in
362 1351 471 1406 flumine
487 1351 597 1420 propria
616 1353 733 1414 tuaest,
756 1349 822 1402 nihil
843 1349 871 1402 in
894 1365 926 1404 ea
948 1349 1050 1420 publici

252 1427 294 1476 est.
329 1419 458 1472 Parrus:
484 1421 563 1472 inuno
584 1417 613 1470 in
636 1433 667 1472 eo
688 1431 784 1486 genere
805 1417 954 1474 insularum
975 1419 1050 1488 ripae

251 1487 344 1546 lumini
366 1493 393 1540 et
413 1487 493 1540 litora
514 1485 582 1540 mari
608 1485 729 1554 proxima
754 1487 864 1554 publica
890 1493 966 1552 sunt,
995 1503 1049 1542 non

251 1563 263 1612 2
294 1571 369 1610 scens
388 1559 468 1624 atque
485 1553 513 1608 111
531 1553 677 1608 continenti
693 1567 756 1622 agro
774 1555 845 1608 idern
861 1555 926 1612 iuris
944 1561 992 1612 cst.
1022 1555 1049 1610 si

251 1639 297 1694 qua
318 1623 405 1678 insula
425 1625 454 1678 iu
476 1621 585 1678 flumine
606 1621 714 1690 publico
738 1623 861 1690 proxima
889 1629 936 1680 tuo
964 1623 1048 1678 fundo

251 1699 307 1748 nata
322 1695 371 1756 est,
389 1707 421 1746 ea
437 1697 485 1744 tna
502 1697 550 1746 est.
578 1691 708 1746 Paetus:
726 1693 862 1748 videamus
879 1709 914 1748 ne
929 1695 981 1748 hoc
998 1693 1047 1746 fal-

251 1777 302 1816 sum
319 1759 353 1812 sit
370 1757 402 1812 de
420 1775 452 1814 ea
471 1759 570 1824 insula,
594 1773 663 1828 qnae
683 1775 738 1814 non
759 1761 812 1828 ipsi
835 1763 909 1816 alveo
932 1761 1049 1816 fluminis

251 1827 378 1894 cohaeret,
396 1827 444 1882 sed
462 1827 580 1896 virgultis
599 1831 645 1880 aut
663 1825 715 1882 alia
734 1831 851 1896 qualibet
868 1831 918 1884 levi
935 1831 1047 1884 materia

251 1897 284 1950 ita
300 1895 444 1948 sustinetur
460 1895 489 1948 in
505 1895 627 1962 flumine,
650 1903 680 1948 ut
700 1897 787 1952 solum
804 1899 861 1952 eius
879 1915 932 1954 non
949 1903 1048 1966 tangat,

251 1969 323 2032 atque
340 1963 399 2032 ipsa
413 1969 546 2018 movetur:
564 1965 632 2020 hacc
649 1963 719 2018 enim
736 1967 925 2034 propemodum
942 1967 1050 2036 publica

251 2037 263 2086 3
294 2035 372 2098 atque
384 2031 470 2100 ipsius
481 2031 597 2086 fluminis
609 2039 651 2088 est
662 2035 757 2088 insula
775 2035 818 2088 Pl
824 2049 856 2088 11
862 2049 906 2088 us:
923 2035 951 2088 Si
962 2035 1050 2088 insula

251 2097 395 2154 influmine
413 2105 477 2154 nata
494 2107 542 2156 tua
557 2097 648 2166 fuerit,
667 2099 761 2156 deinde
777 2103 846 2156 inter
864 2117 921 2156 eam
935 2103 1049 2158 insulam

251 2173 273 2220 et
287 2167 445 2222 contrariam
463 2169 549 2236 ripam
566 2167 618 2222 alia
634 2167 722 2224 insula
738 2177 802 2224 nata
818 2169 906 2236 fuerit,
925 2185 1050 2226 mensura

251 2235 396 2290 eonomine
414 2237 464 2290 erit
481 2237 636 2292 instruenda
654 2253 670 2290 a
686 2243 735 2290 tua
750 2239 846 2302 insula,
865 2255 918 2292 non
932 2239 966 2290 ab
984 2255 1048 2306 agro

250 2311 303 2366 tuo,
326 2309 436 2372 propter
460 2321 537 2372 quem
560 2321 591 2358 ea
612 2305 764 2360 insulatus
782 2305 964 2360 factaiuerit:
987 2321 1049 2360 nam

251 2371 307 2438 quid
326 2371 450 2436 interest,
480 2373 565 2440 qualis
590 2389 653 2440 ager
676 2373 723 2438 sit,
752 2375 828 2428 ouius
853 2379 963 2444 propter
986 2391 1049 2444 pro·

250 2437 417 2506 pinquitatem
444 2441 577 2508 posterior
599 2441 687 2494 insula
714 2441 789 2496 cuius
820 2443 855 2494 sit
886 2443 1048 2508 quaeratur?

251 2513 263 2558 1
294 2505 407 2560 11111(
431 2509 499 2562 libro
522 2509 613 2562 eodem
648 2507 676 2560 Si
698 2509 726 2560 id
749 2509 821 2578 qnod
837 2509 866 2562 in
882 2509 989 2578 publico
1007 2509 1047 2562 111-

250 2579 333 2626 natum
352 2581 399 2628 aut
416 2575 584 2630 aedificatum
599 2581 648 2638 est,
665 2575 802 2644 publicum
815 2583 864 2644 est,
881 2579 968 2632 insula
982 2593 1047 2646 quo-

250 2657 397 2764 adaquas
414 2643 441 2696 in
458 2643 566 2698 flumine
583 2643 690 2712 publico
708 2649 772 2698 nata
790 2651 842 2710 est,
865 2647 972 2714 publica
991 2661 1049 2700 esse

265 2725 329 2764 ee.

279 2773 316 2836 dd
343 2777 513 2832 Vnuunnrus
538 2779 604 2834 libro
632 2785 710 2834 scorto
740 2781 942 2836 interdictorum
983 2781 1050 2834 Cum

250 2861 372 2914 praegnas
389 2847 484 2902 mulier
500 2847 588 2916 legata
605 2851 651 2902 aut
664 2857 797 2918 usucapio
809 2851 893 2902 aliove
906 2867 957 2918 quo
970 2851 1047 2904 modo

250 2915 357 2968 ahenata
373 2915 469 2984 pariat,
487 2917 543 2968 eius
561 2915 643 2968 fient²
659 2921 762 2984 partus,
781 2917 857 2972 cuius
875 2925 915 2972 est
929 2933 969 2980 ea,
989 2935 1049 2970 eum

251 2983 386 3036 eniteretur
393 2983 413 3046 ³,
430 2999 485 3038 non
503 2983 578 3038 cuius
596 2989 660 3036 tunc
677 2983 783 3050 inisset,
806 3001 866 3038 curn
888 2985 1047 3052 conciperet.

618 3189 673 3250 11⁴.

227 3271 249 3380 (Ι
277 3291 321 3340 nn
338 3289 563 3346 nncurnnnnl
581 3289 870 3406 rsffimrrrnunn
887 3289 1018 3340 1011111-

282 3455 294 3512 1
316 3457 432 3508 11111111
452 3453 520 3508 libro
541 3455 781 3524 quinquepertitae
800 3461 897 3524 quarto
921 3455 959 3508 od
980 3455 1050 3510 edir-

252 3531 299 3578 tcm
338 3523 476 3578 Possessio
498 3523 633 3602 appellata
656 3527 710 3586 est,
737 3529 768 3576 ut
791 3529 818 3576 et
840 3523 930 3588 1111119
954 3523 1005 3588 ait,
1034 3539 1051 3576 a

251 3593 368 3646 sedibus⁵
386 3591 463 3660 quasi
479 3591 585 3658 positio,
604 3589 666 3658 quia
682 3591 840 3646 naturaliter
852 3597 957 3646 tenetur
972 3593 1006 3646 ah
1019 3607 1049 3646 eo

254 3669 262 3712 1
295 3663 338 3730 qui
356 3661 380 3712 ei
396 3659 503 3724 insistit,
522 3673 602 3726 quam
620 3659 714 3730 Graeci
729 3659 847 3726 ,κατοχήν
865 3659 964 3712 dicunt.
994 3659 1049 3714 Do-

251 3731 403 3796 miniumque
430 3741 519 3780 rerum
545 3741 578 3778 ex
599 3725 717 3780 naturali
729 3725 908 3792 “petistisione
930 3727 1050 3794 coepisse

251 3797 331 3850 Nerva
354 3795 425 3850 1111111
447 3793 486 3848 111
506 3793 615 3862 eiusque
638 3793 677 3848 rei
699 3795 836 3862 vestigium
861 3809 996 3848 remanere
1022 3797 1050 3848 in

250 3853 385 3934 iis'Jiquae
409 3869 481 3916 terra
497 3861 566 3916 mari
588 3863 714 3930 caeloque
732 3865 887 3932 capiuntur:
905 3877 966 3916 nam
983 3863 1050 3916 haee

251 3933 364 4000 protinus
383 3947 474 3984 eorum
491 3929 571 3994 finnt,
590 3931 635 3998 qui
652 3931 730 4000 primi
747 3931 941 4000 possessionem
959 3947 1050 3984 eorum

252 3999 474 4070 adprehenderint.
509 3999 572 4050 item
595 3999 663 4052 bello
688 4003 768 4066 capta
793 4005 819 4054 et
835 3999 921 4052 insula
938 3999 966 4052 in
983 3999 1051 4052 mari

252 4075 323 4122 enata
344 4075 371 4122 et
390 4081 507 4134 gemmae
528 4067 612 4134 lapilli
633 4065 793 4134 margaritae
816 4067 843 4120 in
865 4067 987 4120 litoribus
1010 4067 1049 4120 in-

252 4143 338 4192 tentae
360 4135 417 4190 eius
440 4133 521 4198 finnt,
548 4135 594 4212 qni
617 4135 717 4202 primns
740 4149 833 4190 eorum
857 4135 1050 4204 possessionem

252 4207 264 4256 t
296 4211 406 4258 nanctus
425 4207 474 4258 est.
509 4201 662 4270 Aprscimur
679 4207 768 4256 antem
785 4203 979 4270 possessiouem
1002 4219 1050 4270 per

253 4277 264 4324 3
296 4279 397 4326 nosmet
413 4273 495 4340 ipsos.
530 4271 674 4332 Furiosus,
697 4279 724 4324 et
745 4273 863 4340 pupillus
881 4271 937 4326 sine
954 4271 1050 4324 tutoris

253 4341 411 4406 auctoritate,
430 4357 484 4394 non
498 4345 588 4408 potest
600 4339 719 4408 incipere
732 4339 876 4408 possidere,
896 4339 957 4408 quia
970 4339 1050 4394 affec-

253 4409 343 4464 tionem
364 4407 471 4462 tenendi
494 4423 547 4462 non
575 4407 688 4474 habent,
719 4407 782 4462 licet
802 4409 915 4462 maxime
939 4423 1051 4476 corpore

252 4491 294 4532 sno
311 4495 366 4530 rem
384 4477 551 4544 contingant,
574 4475 653 4530 sicuti
675 4477 775 4544 siquis
794 4477 933 4532 dormienti
950 4477 1050 4546 aliquid

251 4543 369 4600 1111111111
386 4549 477 4612 ponat.
509 4543 557 4598 sed
573 4545 690 4612 pupdlus
707 4549 797 4600 tutore
815 4551 924 4600 auctore
941 4543 1051 4612 incipiet

253 4615 387 4678 possidere.
425 4611 516 4666 Ofilius
535 4611 641 4680 quidem
659 4619 686 4666 et
702 4611 792 4666 Nerva
809 4615 879 4668 filius
896 4615 976 4668 etiam
994 4615 1051 4666 siue

253 4681 339 4736 tutoris
357 4681 518 4736 auctoritate
535 4681 670 4748 possidere
688 4681 805 4750 incipere
822 4697 902 4750 posse
920 4681 1050 4750 pupilium

252 4747 330 4804 aiunt:
350 4765 408 4802 eam
425 4749 494 4802 enirn
511 4763 567 4800 rem
581 4747 654 4814 iacti,
671 4765 726 4802 non
740 4751 805 4804 iuris
819 4765 890 4804 esse:
908 4765 976 4818 quae
990 4765 1049 4804 sen·

253 4817 328 4870 tenda
345 4817 428 4884 recipi
444 4821 547 4884 potest,
569 4815 593 4870 si
610 4815 665 4868 eius
683 4817 779 4872 aetatis
797 4819 862 4886 sint,
885 4823 915 4870 ut
931 4817 1049 4872 intellec-

254 4885 266 4934 t
297 4891 352 4938 tum
374 4885 489 4954 capiant.
526 4883 554 4938 Si
570 4883 611 4936 vir
628 4885 704 4936 uxori
722 4885 800 4938 cedat
817 4887 985 4954 possessione
1002 4885 1049 4942 do-

254 4951 359 5028 nationis
378 4969 474 5016 causa,
491 4951 611 5020 plerique
626 4957 722 5020 putant
738 4955 876 5032 possidere
893 4969 964 5020 eam,
985 4971 1050 5024 quo-

254 5031 316 5072 mam
339 5037 381 5074 111
404 5021 470 5074 faeti
492 5019 621 5074 infirmari
645 5019 703 5074 iure
726 5021 795 5074 cirili
816 5037 870 5074 non
892 5029 993 5090 potest:
1024 5029 1051 5076 et

254 5087 310 5162 quid
327 5089 421 5142 attinet
438 5089 526 5144 dicere
539 5107 594 5142 11011
608 5087 743 5158 possidere
757 5089 902 5152 mulierem,
921 5107 981 5144 cum
995 5107 1050 5144 ma-

253 5159 321 5230 ptus,
339 5157 384 5210 uhi
401 5157 487 5212 noluit
503 5157 648 5226 possidere,
670 5155 792 5226 protinus
811 5157 929 5212 1111110111
944 5175 1051 5226 posses-

254 5235 266 5268 ῡ
299 5225 417 5278 sionem?
450 5227 516 5280 ltem
539 5227 699 5296 adquirimus
716 5227 912 5294 possessionem
929 5243 978 5296 per
995 5245 1050 5282 ser-

255 5301 309 5344 tum
326 5301 372 5344 ant
388 5293 480 5360 filium,
499 5295 544 5362 qui
557 5295 585 5348 in
596 5299 729 5362 potestate
740 5301 789 5362 est,
809 5303 834 5350 et
847 5293 949 5362 quidem
962 5311 1052 5350 earnm

254 5367 345 5431 rerum,
373 5377 439 5430 quas
465 5363 634 5428 peculiariter
656 5367 760 5428 tenent,
788 5365 868 5418 etiam
891 5363 1051 5432 ignorantes,

254 5433 317 5478 111111
329 5427 425 5482 Sabino
445 5437 472 5482 et
484 5429 576 5484 Cassio
594 5437 621 5484 et
634 5431 736 5484 iuliano
753 5431 861 5500 placuit,
881 5431 942 5496 quia
959 5439 1052 5488 nostra

257 5535 782 5554 *affl-...mmmm-

254 5597 281 5660 (1)
299 5613 369 5664 raptat
382 5603 438 5652 ht'nc
451 5603 545 5654 orditur
558 5603 584 5652 F
655 5607 686 5666 (1)
704 5601 747 5654 fiet
761 5623 808 5656 scr.
891 5605 923 5668 (3)
941 5605 977 5656 sie
990 5605 1050 5654 Hal.

254 5683 295 5716 roc.
306 5669 340 5732 B,
353 5671 397 5734 qni
406 5671 479 5732 [quae
488 5669 537 5734 ΙΝ)
548 5673 669 5722 emeretur
678 5671 704 5722 F

285 5737 315 5794 (1)
332 5739 379 5788 Ed.
393 5749 463 5788 1...11.
475 5749 510 5796 11;
531 5737 591 5788 Sao.
602 5749 696 5798 earm
712 5739 776 5806 Pop.
786 5751 880 5800 rr...so;
894 5741 958 5804 App.
971 5749 1005 5788 11.
1016 5749 1050 5788 aa

260 5827 285 5838 ·-
299 5805 360 5854 Bos.
377 5809 417 5868 50,
431 5815 451 5856 2.
465 5831 499 5842 -
516 5805 553 5870 Os.
567 5807 624 5856 Coti.
639 5809 702 5868 111
794 5809 826 5872 (1)
845 5807 941 5870 apedis
953 5803 1052 5854 sedibus

1040 355 1099 424 til

1677 351 1905 416 xxxiidie

1103 535 1239 590 voluntate
1262 537 1449 606 intellegantur
1470 535 1618 604 possidere,
1646 533 1690 600 qui
1715 535 1752 586 eis
1775 533 1907 598 peculium

1101 601 1201 656 habere
1217 605 1422 670 permiserimus.
1450 605 1529 672 igitur
1543 619 1575 656 ex
1591 615 1672 654 cause
1685 599 1815 666 peculiari
1829 603 1855 652 et
1866 601 1905 652 in·

1100 669 1162 728 fans
1175 677 1202 724 et
1214 669 1332 724 1111101111
1344 671 1488 740 adquirunt
1496 671 1691 740 possessionem
1701 671 1728 720 et
1738 667 1906 736 usucapiunt,

1102 745 1117 792 ii
1154 743 1180 790 et
1202 739 1304 802 heresi,
1329 737 1353 790 si
1374 739 1548 794 hereditarius
1572 753 1663 792 seruus
1687 739 1764 790 emat.
1805 733 1857 788 Sed
1880 741 1908 788 et

1101 821 1150 874 per
1167 821 1240 872 eunt,
1259 821 1337 874 quern
1355 805 1426 860 bona
1444 805 1494 860 fide
1511 805 1689 874 possidemus,
1708 803 1826 874 quamvis
1844 803 1906 856 alie-

1100 889 1152 928 nus
1169 873 1205 928 111
1221 873 1263 928 vel
1277 873 1351 936 liber,
1369 875 1563 940 possessionem
1578 875 1754 944 adquiremus.
1784 871 1824 926 ⁷si
1838 871 1908 926 mala

1101 941 1153 994 fide
1171 955 1231 994 eum
1248 941 1444 1010 possideamus,
1467 957 1521 994 non
1541 949 1607 1012 puto
1631 943 1734 1012 adquiri
1751 941 1827 996 nobis
1844 955 1906 1012 pos-

1102 1009 1245 1064 sessionem
1268 1025 1317 1078 per
1340 1025 1412 1062 eum:
1436 1009 1483 1062 sed
1504 1023 1552 1062 nec
1573 1027 1634 1064 vero
1659 1011 1763 1066 domino
1787 1015 1833 1064 aut
1856 1007 1908 1064 sibi

1104 1083 1118 1132 7
1154 1077 1284 1146 adquiret,
1304 1077 1347 1146 qui
1365 1077 1398 1130 ab
1417 1075 1469 1130 alio
1486 1077 1644 1144 possidetur.
1674 1079 1725 1134 Per
1743 1093 1908 1134 communem

1101 1147 1171 1202 sient
1188 1163 1236 1214 per
1253 1145 1391 1216 proprium
1407 1143 1583 1212 adquirimus
1606 1147 1685 1200 etiam
1707 1147 1802 1216 singuli
1819 1147 1848 1202 in
1864 1165 1906 1204 so-

1101 1215 1194 1282 lidum,
1217 1213 1241 1270 11
1258 1215 1310 1270 hoc
1327 1219 1390 1282 agat
1403 1229 1509 1278 sertus,
1527 1219 1557 1268 ut
1574 1213 1620 1268 uui
1637 1215 1772 1282 adquirat,
1795 1217 1864 1270 sicut
1880 1217 1908 1270 iu

1101 1287 1116 1336 8
1153 1283 1268 1336 dominio
1286 1283 1458 1352 adquirendo.
1484 1283 1536 1336 Per
1552 1297 1619 1346 eum,
1637 1285 1665 1336 in
1678 1301 1728 1350 quo
1745 1301 1822 1340 usum
1835 1285 1907 1340 fruc·

1100 1357 1158 1406 turn
1175 1351 1315 1416 habemus,
1337 1351 1474 1420 possidere
1496 1367 1650 1420 possumus,
1674 1351 1743 1406 sicut
1766 1369 1799 1408 ex
1820 1353 1908 1422 operis

1101 1419 1156 1474 suis
1172 1419 1311 1488 adquirere
1325 1419 1401 1474 nobis
1415 1419 1496 1474 solet:
1514 1435 1564 1472 nec
1578 1417 1613 1472 ad
1626 1435 1682 1474 rem
1695 1421 1818 1488 pertinet,
1838 1421 1908 1490 quod
1924 1443 1926 1446 ·

1102 1495 1116 1540 tl
1151 1489 1160 1540 i
1181 1503 1239 1542 snm
1255 1503 1309 1540 non
1327 1487 1505 1556 possidemus:
1523 1503 1584 1540 nam
1601 1503 1650 1540 nec
1665 1489 1756 1542 filium.
1785 1489 1908 1544 Getarum

1102 1563 1128 1612 et
1145 1505 1197 1622 ilie,
1215 1573 1264 1624 per
1281 1571 1358 1624 quern
1375 1555 1496 1610 volumus
1510 1555 1654 1624 possidere,
1672 1557 1734 1612 talis
1749 1573 1807 1612 esse
1821 1557 1907 1622 debet,

1103 1631 1133 1678 10
1168 1629 1199 1678 ut
1223 1625 1322 1678 habeat
1350 1625 1512 1678 intellectum
1538 1623 1703 1692 possidendi:
1734 1625 1772 1678 Et
1799 1625 1858 1680 ideo
1885 1627 1908 1680 si

1100 1693 1231 1748 furiosum
1251 1709 1356 1748 servum
1377 1693 1492 1758 miseris,
1517 1701 1547 1746 ut
1567 1693 1719 1762 possideas,
1741 1709 1908 1760 nequaqnam

1103 1767 1131 1814 11
1167 1761 1264 1816 rideris
1282 1761 1489 1828 adprehendisse
1505 1761 1706 1828 possessionem.
1734 1759 1907 1828 (1110111110-

1102 1831 1230 1898 puberem
1247 1829 1350 1882 miseris
1368 1829 1402 1882 ad
1419 1829 1616 1898 possidendum,
1634 1827 1744 1896 incipies
1762 1827 1907 1894 possidere,

1100 1899 1170 1952 siout
1187 1897 1317 1966 pupillus,
1335 1897 1449 1950 maxime
1466 1903 1554 1952 tutore
1571 1903 1694 1960 auctore,
1713 1895 1829 1964 adquirit
1845 1913 1907 1966 pos·

1103 1971 1132 2018 12
1168 1967 1320 2020 sessionem.
1356 1965 1426 2020 Nam
1448 1981 1496 2034 per
1516 1965 1640 2020 arrcillam
1658 1965 1721 2032 quin
1737 1963 1824 2032 possis
1841 1981 1907 2018 nan-

1103 2037 1132 2088 13
1169 2035 1233 2088 cisci
1250 2035 1452 2102 possessionem,
1470 2049 1523 2086 11011
1541 2035 1685 2088 dubitatur.
1721 2033 1842 2100 Pupillus
1860 2047 1908 2102 per

1100 2117 1205 2156 servum
1228 2101 1281 2156 sive
1303 2103 1431 2172 puberem
1455 2101 1508 2156 sive
1531 2101 1686 2170 inpuberem
1708 2101 1824 2180 adquirit
1844 2115 1906 2170 pos·

1101 2169 1254 2234 sessionem,
1274 2171 1296 2224 si
1313 2175 1403 2224 tutore
1421 2175 1530 2224 auctore
1546 2169 1653 2224 iusserit
1671 2185 1732 2224 eum
1748 2185 1787 2224 rre
1803 2169 1832 2222 in
1845 2185 1907 2236 pos-

1103 2243 1134 2290 14
1168 2239 1320 2292 sessionem.
1356 2239 1408 2292 Per
1431 2253 1545 2302 sertum,
1570 2237 1614 2306 qui
1636 2237 1749 2306 iringa
1774 2235 1819 2302 sit,
1843 2235 1908 2292 nihil

1100 2321 1179 2374 posse
1197 2321 1246 2358 1101
1265 2305 1400 2374 possidere
1412 2305 1501 2360 Nerva
1517 2305 1587 2360 iilius
1605 2305 1650 2370 ait,
1668 2305 1731 2360 licet
1747 2303 1908 2372 respondea-

1100 2381 1156 2438 tur,
1176 2373 1303 2440 quamdiu
1320 2375 1354 2428 ab
1373 2373 1425 2428 alio
1443 2389 1497 2428 non
1514 2373 1695 2442 possideatur,
1719 2371 1830 2428 anobis
1849 2389 1909 2426 eum

1101 2441 1232 2510 possideri
1253 2441 1365 2510 ideoque
1389 2443 1496 2496 interim
1517 2443 1596 2494 etiam
1616 2441 1736 2510 usucapi.
1773 2441 1908 2494 111111111-

1101 2509 1162 2562 tatis
1193 2525 1274 2562 oausa
1301 2515 1438 2578 receptum
1467 2515 1521 2572 est,
1549 2515 1579 2562 ut
1604 2509 1745 2578 impleatur
1769 2509 1908 2576 usucapi0,

1101 2577 1227 2644 quamdiu
1244 2593 1320 2632 nemo
1338 2583 1434 2632 nactus
1452 2577 1487 2632 sit
1503 2577 1560 2632 eius
1573 2577 1775 2646 possessionem.
1802 2593 1907 2644 posses-

1101 2645 1202 2698 sionem
1219 2651 1309 2698 autem
1326 2661 1374 2712 per
1392 2661 1452 2698 eum
1470 2645 1586 2714 adquiri,
1607 2647 1677 2698 sicut
1694 2659 1742 2712 per
1760 2659 1817 2710 eos,
1841 2661 1908 2712 quos

1100 2713 1128 2766 in
1145 2713 1282 2782 provincia
1299 2713 1437 2778 habemns,
1457 2713 1541 2766 Cassii
1558 2721 1584 2766 et
1595 2713 1692 2768 Iuliani
1709 2713 1841 2768 sententia
1858 2719 1908 2766 est.

1104 2787 1133 2836 15
1167 2781 1220 2836 Ρ11
1238 2797 1342 2836 sertum
1360 2781 1532 2852 corporaliter
1548 2781 1653 2848 pignori
1670 2781 1761 2836 datum
1784 2797 1839 2836 non
1861 2781 1909 2836 ad-

1101 2851 1206 2918 quirere
1233 2851 1301 2904 noss
1329 2849 1524 2918 possessionem
1546 2851 1665 2902 lulianus
1696 2849 1733 2904 ait
1762 2849 1806 2914 (111
1829 2865 1910 2902 11111111

1101 2919 1170 2972 enim
1194 2923 1298 2970 tantum
1322 2933 1431 2970 causam
1454 2917 1535 2970 videri
1558 2933 1618 2970 enm
1643 2935 1659 2970 a
1682 2917 1801 2970 debitore
1823 2917 1908 2986 possi·

1102 2985 1166 3048 deri,
1186 2985 1220 3038 ad
1237 2985 1446 3052 usucapionem),
1465 3001 1513 3038 uec
1532 2983 1665 3050 creditori,
1684 2985 1746 3104 31111
1760 2999 1810 3038 nec
1826 2985 1908 3052 stipu-

1101 3053 1201 3106 latione
1218 3067 1267 3106 nec
1285 3053 1339 3106 ullo
1358 3053 1409 3106 alio
1428 3053 1505 3106 modo
1523 3067 1571 3120 per
1589 3067 1648 3106 atim
1667 3067 1682 3104 a
1703 3051 1797 3118 quirat,
1817 3067 1908 3120 quam-

1104 3125 1134 3174 16
1168 3121 1207 3174 111
1220 3137 1280 3174 enm
1291 3119 1434 3188 possideat.
1462 3121 1571 3172 Veteres
1586 3125 1748 3188 putaverunt
1762 3135 1816 3172 non
1831 3135 1910 3188 posse

1100 3203 1150 3242 nos
1162 3205 1210 3256 per
1223 3205 1327 3242 servum
1343 3187 1532 3240 hereditarium
1545 3187 1692 3256 adquirere,
1709 3187 1780 3254 quod
1792 3187 1827 3242 sit
1839 3187 1908 3240 eius·

1102 3255 1161 3308 dem
1182 3255 1344 3308 hereditatis.
1379 3257 1470 3322 itaque
1494 3255 1620 3322 agitatur,
1646 3271 1710 3308 num
1730 3255 1797 3306 haec
1820 3255 1909 3322 regula

1101 3321 1205 3390 longius
1223 3321 1395 3390 producenda
1413 3323 1455 3388 sit,
1474 3327 1510 3388 ut,
1529 3323 1553 3376 si
1567 3323 1656 3390 pltues
1672 3321 1740 3376 sarri
1754 3323 1834 3388 legati
1847 3323 1908 3386 sint,

1101 3405 1149 3458 per
1171 3405 1254 3442 unum
1275 3405 1311 3442 an
1331 3391 1435 3458 possint
1453 3391 1533 3442 ceteri
1550 3389 1688 3456 possideri.
1723 3389 1794 3442 idom
1810 3395 1908 3442 tracta·

1101 3463 1145 3510 tus
1163 3463 1211 3522 est,
1229 3457 1253 3512 si
1270 3457 1369 3526 pariter
1387 3457 1467 3524 empti
1484 3457 1526 3508 tel
1543 3457 1633 3510 donati
1651 3463 1721 3512 sunt.
1758 3457 1804 3510 sed
1821 3457 1908 3512 verius

1102 3531 1143 3580 est
1160 3541 1194 3580 cx
1210 3525 1251 3580 his
1271 3525 1358 3580 causis
1376 3541 1455 3592 posse
1473 3541 1513 3578 nte
1529 3541 1576 3592 per
1592 3541 1671 3580 unum
1685 3525 1847 3592 reliquorum
1862 3525 1908 3578 ad-

1103 3597 1133 3646 11
1170 3595 1275 3662 quirere
1297 3593 1500 3660 possessionem.
1536 3593 1563 3646 Si
1581 3609 1613 3646 ex
1630 3599 1707 3662 parte
1724 3593 1816 3646 heredi
1832 3593 1908 3646 insti·

1101 3667 1160 3714 tuto
1179 3677 1270 3714 servus
1292 3662 1394 3728 legatus
1417 3661 1463 3724 sit,
1489 3661 1614 3730 ipropter
1634 3665 1753 3730 partem,
1777 3677 1855 3728 qnam
1877 3677 1910 3716 ex

1103 3743 1185 3782 causa
1201 3727 1281 3796 iegati
1298 3729 1387 3792 habet,
1406 3727 1527 3796 adquiret
1544 3727 1619 3780 fundi
1635 3727 1789 3782 hereditarii
1802 3745 1908 3796 posses-

1104 3801 1134 3850 18
1169 3795 1277 3850 sionem.
1313 3795 1385 3850 Idem
1403 3795 1542 3850 dicendum
1559 3803 1607 3862 est,
1628 3797 1650 3850 si
1668 3811 1773 3850 servum
1793 3811 1908 3850 commu·

1101 3879 1161 3918 nem
1178 3865 1280 3918 iussero
1299 3865 1372 3918 adire
1389 3863 1577 3928 hereditatem,
1601 3865 1663 3934 quia
1680 3871 1790 3934 propter
1806 3871 1909 3932 partem

1104 3937 1133 3986 11
1168 3947 1255 3986 meam
1272 3933 1392 4000 adquiro.
1427 3933 1513 3994 Haec,
1538 3947 1605 4000 quae
1628 3933 1660 3986 de
1683 3933 1765 3988 seruis
1787 3931 1908 4000 diximus,

1100 4001 1138 4052 ita
1155 4015 1185 4054 se
1202 3999 1314 4066 habent,
1337 4001 1359 4054 si
1383 4003 1410 4054 et
1430 4001 1482 4066 ipsi
1498 3999 1578 4054 velint
1594 3999 1671 4054 nobis
1688 4001 1830 4068 adquirere
1846 4017 1908 4068 pos-

1102 4067 1259 4122 sessionem:
1283 4083 1345 4120 nam
1367 4069 1389 4120 si
1406 4069 1497 4120 iubeas
1516 4083 1620 4122 sertum
1637 4073 1712 4122 tuum
1729 4069 1865 4136 possidere
1883 4075 1909 4122 et

1100 4135 1124 4188 is
1142 4151 1173 4190 θο
1193 4135 1279 4190 animo
1297 4137 1380 4189 intret
1395 4135 1424 4188 in
1440 4137 1642 4204 possessionem,
1661 4141 1692 4188 ut
1706 4137 1773 4190 nolit
1787 4135 1843 4200 tibi,
1862 4137 1909 4190 sed

1101 4203 1190 4272 potins
1208 4203 1278 4258 Titio
1302 4203 1455 4270 adquirere,
1479 4209 1596 4258 nonest
1619 4203 1668 4258 tibi
1691 4205 1824 4272 adquisita
1845 4219 1908 4272 pos-

1103 4275 1134 4324 21
1169 4271 1260 4326 sessio.
1297 4271 1350 4326 Per
1366 4279 1565 4340 procuratorem
1588 4279 1703 4326 tutorem
1727 4279 1908 4326 curatoremve

1101 4341 1235 4408 possessio
1253 4339 1329 4394 nobis
1348 4341 1504 4410 adquiritur.
1540 4357 1598 4394 cum
1620 4347 1711 4396 autern
1732 4357 1780 4396 suo
1802 4339 1908 4396 nomine

1101 4409 1175 4462 nacti
1196 4407 1296 4462 inerint
1319 4409 1527 4476 possessionem,
1549 4425 1602 4464 non
1625 4427 1683 4464 cum
1705 4425 1737 4464 ea
1754 4415 1854 4474 mente,
1878 4415 1909 4462 ut

1101 4493 1210 4546 operam
1233 4477 1372 4530 dumtaxat
1394 4493 1471 4532 suam
1493 4477 1735 4544 accommodarent,
1759 4477 1836 4530 nohis
1854 4491 1908 4528 non

1100 4551 1215 4612 possunt
1232 4543 1379 4612 adquirere.
1415 4545 1531 4614 alioqrdn
1548 4547 1572 4600 si
1589 4545 1707 4600 dicamus
1723 4559 1774 4614 per
1790 4561 1836 4598 eos
1853 4559 1908 4596 non

1101 4613 1206 4682 adquiri
1223 4615 1299 4666 nobis
1316 4615 1524 4682 possessionem,
1543 4615 1588 4684 qni
1604 4621 1695 4668 nostro
1712 4613 1818 4668 nomine
1835 4611 1905 4664 acci-

1100 4681 1185 4750 piunt,
1203 4681 1329 4746 futurum,
1347 4687 1378 4734 ut
1395 4699 1480 4750 neque
1497 4685 1520 4738 is
1537 4683 1671 4750 possideat
1690 4681 1733 4732 oui
1749 4695 1793 4734 res
1807 4679 1907 4732 tradita
1935 4717 1937 4752 j

1101 4751 1147 4816 sit,
1170 4749 1233 4818 quia
1256 4765 1308 4802 non
1332 4751 1432 4804 habeat
1449 4751 1563 4804 animum
1579 4747 1752 4818 possidentia,
1775 4761 1862 4816 neque
1882 4747 1905 4800 is
1929 4753 1936 4792 t

1102 4821 1131 4870 il
1168 4819 1213 4886 qui
1230 4817 1381 4884 tradiderit,
1400 4819 1524 4888 quoniam
1542 4817 1650 4870 cesserit
1667 4815 1842 4882 possessione.
1878 4813 1906 4870 st
1930 4821 1931 4824 ’

1100 4885 1223 4942 iusserim
1245 4887 1408 4942 venditorem
1430 4885 1597 4954 procuratori
1623 4899 1677 4936 rem
1699 4881 1819 4948 tradere,
1847 4899 1906 4938 oum

1101 4969 1133 5008 ea
1149 4955 1346 5024 inpraesentia
1364 4955 1405 5018 sit,
1424 4955 1506 5008 videri
1522 4953 1584 5006 mihi
1602 4951 1845 5030 traditamPriseus
1859 4955 1905 5020 ait,

1100 5023 1221 5092 idemque
1234 5039 1300 5088 esse,
1314 5023 1337 5078 si
1349 5039 1470 5076 nummos
1484 5021 1629 5076 debitorem
1643 5019 1763 5074 iussenm
1775 5021 1821 5074 alii
1833 5021 1905 5078 dare.

1101 5107 1155 5144 non
1182 5093 1251 5146 11111
1277 5091 1346 5146 enim
1369 5105 1481 5158 corpore
1502 5097 1528 5142 ct
1550 5089 1654 5140 tactu²1
1680 5103 1787 5142 necesse
1809 5089 1904 5162 adpre-

1102 5159 1217 5214 hendere
1239 5161 1448 5228 possessionem,
1478 5155 1523 5210 sed
1547 5155 1624 5210 etiam
1648 5157 1731 5212 0111111
1757 5163 1783 5212 11
1806 5161 1905 5216 affectu

1102 5235 1255 5296 argumento
1274 5243 1332 5282 esse
1350 5241 1395 5280 eas
1414 5241 1470 5290 res,
1490 5239 1557 5292 quae
1573 5233 1682 5296 propter
1698 5229 1904 5296 magnitudinem

1101 5297 1227 5364 ponderis
1244 5295 1342 5348 moveri
1359 5309 1413 5348 non
1430 5299 1549 5372 possunt,
1568 5301 1599 5348 ut
1615 5295 1758 5362 columnas,
1776 5313 1838 5350 nam
1853 5315 1904 5378 pro

1102 5365 1206 5418 traditis
1230 5377 1275 5416 eas
1298 5363 1404 5426 haberi,
1429 5361 1452 5416 si
1469 5377 1496 5414 111
1514 5377 1542 5416 11
1558 5365 1690 5432 praesenti
1709 5373 1902 5422 consenserint:

1102 5437 1129 5484 et
1154 5431 1215 5484 rina
1241 5431 1339 5482 tradita
1367 5429 1462 5494 rideri,
1492 5447 1551 5484 cum
1577 5433 1662 5490 111111
1688 5435 1769 5488 cellae
1789 5435 1905 5490 vinariae

1103 5603 1137 5652 H.
1151 5601 1308 5666 Concepieter
1382 5605 1416 5666 (e)
1433 5601 1610 5656 hereditasse.
1686 5609 1716 5668 (1)
1736 5605 1905 5670 (1110111111Ε2

1103 5671 1136 5732 (1)
1154 5667 1254 5732 adquiri
1262 5667 1333 5718 nobis
1341 5689 1387 5722 scr.
1442 5675 1475 5734 (s)
1493 5677 1727 5738 rectepereumins.
1796 5675 1840 5734 (11)
1859 5671 1904 5738 estl

1102 5751 1151 5788 esse
1160 5755 1205 5786 scr.
1276 5739 1317 5800 (11)
1334 5741 1371 5790 sic
1382 5739 1481 5794 Grotius
1488 5761 1533 5792 sac.
1544 5743 1578 5800 B,
1592 5745 1648 5790 actu
1659 5743 1685 5790 F

1655 5895 1703 5946 82*
