4366 6258
236 371 336 418 iurari
357 371 465 418 vinum
485 373 529 418 nr
549 371 691 418 ιιιοιιιι
1047 351 1114 424 313
1486 379 1487 382 ¹
1754 349 1885 416 XXIIII
1910 355 1926 414 1

224 539 292 602 erit,
317 533 396 604 ιιιιιι1
420 535 578 604 praestitum
595 535 678 590 malit.
709 533 780 588 idem
801 533 867 590 ιιιιι
894 541 936 590 ιιι
953 541 981 590 ιι
998 535 1053 590 ιιι
1104 535 1205 588 tionem
1221 535 1292 588 inter
1308 535 1394 588 virum
1412 543 1440 592 et
1456 553 1567 592 uxorem
1583 535 1686 598 valere,
1709 531 1749 586 ita
1765 545 1859 586 verum
1877 537 1926 598 est,

238 605 369 660 contrario
402 603 499 656 mulier
521 603 554 658 de
576 603 680 658 minore
704 601 891 658 aestimatione
915 609 1051 672 queratur.
1104 607 1136 656 ιι
1152 619 1208 656 non
1226 601 1312 658 solum
1330 617 1363 656 ea
1379 601 1488 660 donatio
1511 607 1601 660 valcat
1617 601 1765 660 secundum
1782 599 1926 666 Iulianum,

237 689 285 728 ιιι
308 669 381 724 aliud
403 671 431 724 ιι
461 671 629 724 commodato
659 673 798 724 aestimato
825 671 889 724 dato
916 671 1053 726 observari
1105 683 1174 738 quae
1191 669 1243 724 hoo
1260 669 1350 724 animo
1368 667 1407 736 fit,
1421 675 1452 724 ut
1465 677 1531 726 tunc
1545 689 1589 728 res
1604 667 1812 728 fiatuxorisrel
1827 667 1927 734 mariti,

238 741 311 802 solet,
329 745 360 790 ut
376 739 540 804 Pomponius
557 739 625 794 libro
642 743 737 806 quarto
755 739 890 792 variarum
907 739 1053 794 lectionum
1106 753 1167 790 cum
1180 753 1252 792 mors
1266 739 1431 806 insequetur,
1446 739 1494 792 sed
1509 741 1595 796 omnis
1610 739 1704 796 mortis
1713 751 1797 794 causa
1805 733 1926 790 donatio.

239 815 253 862 6
287 805 385 860 scribit.
423 805 451 858 Si
473 821 543 860 uxor
565 823 582 860 a
604 805 701 860 marito
720 823 769 862 suo
787 807 912 874 praedia,
931 823 1000 874 quae
1018 807 1052 862 ob
1106 809 1120 858 2
1157 803 1268 872 Quando
1292 805 1384 874 itaque
1409 821 1465 858 non
1487 811 1559 860 retro
1582 813 1677 878 agatur
1702 805 1821 872 donatio,
1841 817 1926 858 emer·

239 877 325 930 dotem
348 873 453 940 pignori
476 879 631 940 acceperat,
656 875 750 928 emerit
773 889 858 944 eaque
882 875 980 942 emptio
1005 875 1052 928 do·
1104 877 1171 940 gunt
1187 871 1260 938 vitia,
1278 877 1310 926 ut
1318 871 1464 928 Marcellus
1478 873 1665 930 animadvertit
1682 875 1711 928 ιι
1724 873 1815 944 specie
1831 871 1926 928 liuius·

239 941 351 1000 nationis
370 955 453 994 causa
470 939 543 994 facta
560 941 680 1006 dicatur,
698 943 798 994 nullius
822 955 881 994 esse
898 943 1052 1006 momenti2,
1105 941 1185 994 modi.
1209 941 1322 994 maritus
1344 941 1423 994 ιιιιι
1445 941 1538 994 mortis
1562 957 1644 996 causa
1667 943 1797 998 donatum
1826 939 1926 998 voluit:

238 1009 352 1080 pignoris
366 1015 457 1060 tamen
478 1009 668 1076 obligationem
689 1009 788 1064 durare
807 1009 1053 1076 imperatornoster
1104 1009 1264 1076 interposuit
1280 1009 1376 1060 mulier
1392 1007 1476 1060 filium
1493 1007 1624 1074 familias,
1649 1011 1695 1078 qui
1718 1027 1735 1064 a
1756 1009 1853 1066 marito
1880 1023 1926 1064 ac·

240 1093 298 1132 cum
314 1081 391 1144 patre
409 1091 458 1130 suo
476 1077 621 1144 rescripsit,
641 1075 717 1130 cuius
740 1075 864 1144 rescripti
887 1075 969 1130 verba
992 1075 1051 1130 iden
1106 1075 1207 1144 ciperet
1225 1075 1248 1128 ei
1266 1093 1301 1130 ue
1317 1075 1449 1128 maderet:
1475 1073 1578 1138 deinde,
1597 1091 1658 1130 cum
1674 1079 1788 1132 moritur
1804 1077 1926 1144 maritus,

239 1145 334 1208 rettuli,
353 1149 383 1196 ut
401 1149 531 1210 appareat
545 1143 724 1198 ιιιᾱιιιιιιιι
746 1143 817 1196 inter
833 1143 918 1198 rmum
941 1147 969 1198 et
985 1159 1052 1196 uxo·
1104 1149 1183 1212 pater
1198 1141 1227 1196 fa
1274 1143 1314 1198 ‘as
1338 1141 1485 1198 invenitur:
1510 1157 1546 1194 an
1568 1141 1658 1196 valeat
1679 1145 1809 1200 traditio?
1838 1151 1865 1198 et
1888 1143 1927 1198 ait

239 1231 292 1270 rem
308 1213 380 1264 bona
397 1211 450 1264 fide
467 1217 568 1280 gestam
585 1227 642 1264 non
657 1211 809 1264 retractari.
845 1209 884 1264 ‘Si
906 1209 956 1264 tibi
972 1211 1053 1264 mari·
1106 1225 1271 1278 consequens
1299 1225 1359 1264 esse
1384 1209 1436 1264 dici
1468 1207 1639 1264 traditionem
1670 1213 1767 1278 valere,
1794 1213 1857 1282 quia
1883 1211 1926 1266 sui

240 1287 290 1336 ‘tus
313 1279 426 1348 pignora
451 1285 561 1358 propter
587 1279 677 1332 dotem
708 1283 735 1332 et
756 1277 899 1346 pecuniam
926 1279 1054 1330 creditam
1104 1279 1170 1330 iuris
1188 1277 1299 1332 effectus
1317 1283 1359 1334 est
1376 1293 1407 1332 eo
1424 1283 1560 1346 tempore,
1584 1277 1619 1330 ad
1637 1279 1709 1344 quod
1725 1279 1836 1336 traditio
1853 1279 1926 1334 redi-

242 1349 329 1402 ‘data³
347 1363 401 1402 non
419 1347 569 1402 donaberis
587 1363 671 1402 causa
686 1345 814 1410 vendidit,
828 1345 900 1414 quod
914 1345 987 1400 bona
1001 1345 1054 1400 fide
1106 1351 1121 1400 3
1156 1345 1235 1414 gitur,
1253 1345 1281 1400 id
1300 1351 1341 1400 ιιι
1359 1363 1419 1400 cum
1436 1345 1548 1398 maritus
1566 1343 1737 1400 moriebatur.
1773 1347 1848 1402 Idem
1872 1347 1925 1402 ait:

242 1423 348 1486 ‘gestum
366 1421 417 1480 est,
434 1417 553 1470 manebit
568 1419 666 1468 ratum.
686 1421 714 1468 at
731 1415 755 1468 si
771 1415 866 1468 titulus
885 1413 1054 1468 donationisi
1105 1413 1240 1484 placuisse
1257 1413 1313 1468 scio
1323 1413 1482 1480 Sabinianis,
1501 1413 1525 1468 si
1541 1411 1613 1466 filiae
1628 1411 1743 1468 familias
1754 1417 1834 1470 uxori
1844 1413 1926 1468 meri·

242 1483 381 1554 ‘quaesitus
400 1483 550 1536 ostenditur
566 1489 648 1552 atque
670 1483 731 1536 ideo
757 1481 935 1536 venditionem
952 1483 1055 1536 irritam
1105 1487 1150 1534 tus
1167 1481 1269 1546 madet,
1294 1481 1464 1536 donatiouem
1488 1483 1545 1536 eius
1569 1495 1630 1534 cum
1654 1481 1725 1534 omni
1749 1497 1798 1536 suo
1823 1483 1925 1538 emolu·

241 1557 305 1606 ‘esse
324 1551 468 1616 constabit,
491 1551 549 1606 iure
571 1551 680 1618 publico
698 1565 809 1606 causam
827 1551 967 1618 pignorum
985 1551 1054 1606 inte·
1106 1555 1194 1604 mento
1220 1549 1295 1614 fieri,
1322 1551 1346 1606 si
1370 1551 1428 1606 viro
1455 1549 1545 1604 adbuc
1570 1547 1665 1602 marito
1691 1549 1733 1602 sui
1755 1549 1821 1604 iuris
1844 1551 1926 1606 fuerit
1953 1571 1954 1574 ¹

242 1627 255 1672 ι
290 1625 370 1698 ‘gram
395 1619 544 1674 obtinebis'.
585 1619 614 1672 Si
630 1633 705 1698 ¹uror
727 1633 783 1672 rem
808 1617 880 1698 emit·
894 1623 921 1672 ιι
943 1619 1054 1672 maritus
1106 1617 1209 1672 effecta.
1226 1617 1299 1686 quod
1310 1623 1338 1672 et
1352 1619 1470 1698 Iulianus
1482 1617 1551 1672 libro
1561 1615 1672 1696 septime
1691 1615 1795 1670 decimo
1808 1617 1924 1696 digesto·

242 1693 357 1808 ititt
372 1701 483 1808 tritt
499 1691 683 1822 irretiri,
694 1685 1056 1822 imitabimini
1106 1689 1221 1808 iiiiii
1238 1685 1926 1830 titt·,tritartrtsxrttitali?

242 1821 397 1878 insolidum
419 1821 493 1876 facta
510 1821 558 1876 sit:
582 1827 613 1876 ut
637 1827 704 1890 puta
727 1823 750 1876 si
773 1821 837 1876 emit
859 1823 982 1890 quidem⁵
999 1837 1055 1876 rem
1107 1825 1122 1876 5
1157 1827 1201 1876 tus
1219 1821 1262 1886 sit,
1281 1821 1339 1874 sine
1357 1821 1437 1876 dubio
1457 1819 1575 1874 dicemus
1592 1819 1675 1900 ipsius
1693 1819 1761 1872 fieri,
1788 1819 1842 1872 Per
1860 1835 1925 1872 con-

242 1891 331 1946 mnlier
349 1895 375 1942 ιι
393 1889 526 1944 debebat⁶
543 1889 699 1958 pecuniam,
716 1891 828 1944 meritus
852 1893 942 1944 autem
959 1905 975 1944 a
992 1905 1054 1942 ven·
1106 1889 1219 1942 trarium
1237 1903 1343 1958 quoque
1360 1889 1383 1942 si
1400 1903 1469 1942 uxor
1486 1887 1623 1942 donaverit
1640 1885 1733 1942 mortis
1751 1899 1836 1940 causa
1854 1885 1926 1954 patri

242 1959 324 2012 ditore
348 1973 407 2010 eam
429 1957 564 2012 liberavit:
595 1957 660 2026 quid
683 1957 753 2010 enim
781 1957 908 2020 interest,
932 1956 1056 2012 creditori
1106 1957 1221 2010 familias
1237 1957 1333 2010 manto
1353 1961 1379 2010 ιι
1395 1955 1489 2010 mortis
1508 1955 1564 2010 eius
1581 1959 1701 2024 tempore
1718 1953 1790 2008 filius
1808 1951 1925 2010 familias

243 2029 257 2080 ι
290 2025 374 2080 solvat
392 2041 427 2080 an
443 2025 593 2080 venditori?
628 2023 805 2094 ⁷Ux01iquis
824 2025 933 2080 donent
950 2041 1056 2080 serrum
1106 2023 1263 2090 inveniatur,
1283 2023 1355 2092 patri
1372 2023 1422 2078 erit
1439 2039 1511 2078 nunc
1535 2023 1740 2078 emolumentum
1764 2023 1924 2092 quaesitum.

242 2095 411 2158 lienteum
428 2095 500 2148 intra
516 2109 616 2148 annum
626 2093 839 2146 manumitteret:
859 2107 903 2158 au,
922 2093 945 2146 si
961 2091 1056 2146 mulier
1109 2095 1123 2146 6
1159 2089 1358 2158 Οιιιιιιιιιιι·
1375 2089 1503 2146 Scaevola
1528 2089 1600 2160 apud
1616 2089 1775 2146 Marcellum
1798 2095 1884 2156 notat,
1902 2089 1926 2146 si

243 2177 294 2214 non
311 2161 475 2230 obtemperet
491 2161 635 2226 voluntati,
661 2161 814 2214 consdtutio
833 2161 885 2214 divi
902 2161 990 2214 Marci
1006 2161 1055 2214 im·
1108 2175 1212 2214 serrum
1238 2159 1401 2228 interposuit
1425 2159 1535 2226 ιιιιιιι,
1561 2163 1593 2214 ιι
1624 2159 1648 2212 ei
1673 2157 1798 2212 tradatur
1830 2157 1925 2212 mortis

243 2233 321 2296 ponat
340 2229 364 2282 ei
380 2229 545 2294 libertatem,
569 2229 593 2282 si
614 2229 655 2282 vir
677 2229 719 2282 rel
740 2229 804 2284 sirit
829 2229 871 2282 vel
889 2227 969 2282 etiam
987 2227 1056 2284 diem
1109 2243 1206 2294 causa,
1228 2227 1307 2296 isque
1331 2227 1420 2282 adhuc
1445 2243 1536 2282 serius
1561 2225 1663 2282 dederit
1685 2227 1805 2292 mederi,
1830 2225 1927 2280 deinde

245 2311 315 2350 suum
334 2297 447 2350 obierit?
467 2303 492 2350 et
510 2297 549 2350 ait
564 2297 739 2364 Papinianus,
758 2311 819 2350 cum
834 2295 927 2350 Sabini
944 2297 979 2350 sit
995 2311 1055 2350 sen·
1106 2295 1199 2350 mortis
1216 2299 1337 2364 tempore
1354 2295 1420 2350 liber
1436 2295 1599 2362 inveniatur,
1622 2293 1781 2350 tantimdem
1808 2309 1867 2348 esse
1885 2293 1925 2346 di-

244 2365 324 2416 tentia
347 2371 468 2434 recepta,
493 2365 556 2434 ιιι8
591 2371 671 2434 putat
698 2371 764 2420 tunc
789 2363 848 2418 fieri
871 2379 976 2418 serrum
1000 2365 1056 2418 eius
1108 2369 1122 2416 i
1159 2363 1279 2430 cendum.
1314 2363 1388 2418 Idem
1404 2363 1548 2418 Marcellus
1565 2367 1680 2428 tractat,
1698 2361 1761 2418 siis
1796 2361 1826 2416 ui
1842 2363 1925 2416 inter·

244 2431 285 2484 cui
307 2431 438 2500 donatur,
463 2449 523 2486 cum
546 2433 665 2500 coeperit
688 2433 798 2488 libertas
819 2431 921 2500 imponi
943 2431 1056 2500 ideoque
1107 2431 1210 2500 positus
1235 2435 1289 2498 est,
1336 2437 1491 2500 osteaquem
1514 2431 1617 2488 dederit
1640 2431 1761 2498 mulieri,
1779 2377 1926 2486 facessent

244 2515 290 2554 nec
307 2499 330 2553 si
347 2499 411 2554 velit
425 2500 518 2556 :nuber
534 2503 847 2570 postexactumtempns
861 2499 1055 2580 possitmanu-
1107 2499 1166 2554 viro
1193 2499 1281 2554 adhuc
1324 2503 1449 2566 enatare,
1472 2499 1641 2556 donationem
1666 2515 1838 2566 evanescere,
1862 2497 1926 2568 quia

244 2567 351 2632 mittere,
369 2575 443 2622 recte
461 2569 513 2622 dici
538 2583 592 2622 non
615 2583 675 2622 esse
692 2569 877 2624 constitutioni
900 2569 990 2622 locum
1006 2583 1056 2624 nec
1108 2569 1204 2622 debeat
1221 2569 1310 2638 aliquo
1328 2573 1460 2622 momento
1478 2567 1634 2638 interposito
1644 2569 1665 2602 ¹⁰
1691 2567 1750 2622 fieri
1777 2571 1804 2620 et
1827 2567 1866 2622 sic
1889 2563 1925 2620 ad

245 2635 403 2688 voluntatem
427 2635 516 2690 mariti
538 2651 618 2704 posse
642 2635 826 2692 ιοιιιιιιιιιιιι
848 2637 940 2690 locum
956 2635 1055 2704 facere,
1107 2637 1244 2690 mulierem
1260 2635 1390 2690 transire:
1416 2635 1488 2706 quod
1509 2637 1549 2690 ita
1571 2635 1706 2704 procedit,
1724 2635 1747 2692 si
1766 2651 1797 2690 ea
1815 2635 1859 2690 cui
1876 2635 1924 2688 do·

245 2719 302 2756 cum
332 2705 470 2774 proprium
500 2719 604 2758 servum
635 2703 722 2772 possit
752 2705 952 2758 manumittere:
989 2719 1056 2772 quae
1108 2707 1224 2758 nabetur
1241 2719 1302 2758 eum
1319 2705 1485 2774 interposuit,
1504 2721 1560 2758 non
1575 2705 1599 2758 ιι
1617 2705 1663 2774 qui
1680 2703 1807 2760 donabat
1843 2719 1924 2772 porro

246 2771 372 2824 sententia
395 2773 458 2824 mihi
482 2787 586 2840 quoque
608 2773 753 2842 probatur,
778 2773 840 2842 quia
862 2771 985 2826 venditor
1002 2773 1057 2828 sive
1108 2773 1170 2826 sia
1198 2773 1294 2826 marito
1322 2773 1495 2842 interpositus
1526 2779 1581 2840 est,
1605 2779 1632 2828 et
1659 2787 1702 2828 res
1724 2773 1810 2854 ipsius
1834 2773 1925 2828 statim

247 2837 354 2892 innato:
376 2855 431 2894 non
449 2839 501 2894 ιιιι
516 2839 573 2894 vult
589 2839 674 2908 legem
689 2839 792 2908 imponi
812 2857 863 2896 nec
886 2845 991 2908 potest,
1009 2839 1056 2894 sed
1106 2839 1181 2894 facta
1198 2845 1239 2894 est
1256 2845 1292 2906 et,
1310 2839 1334 2894 si
1351 2845 1413 2894 ante
1429 2845 1541 2896 mortem
1562 2841 1652 2896 mariti
1673 2839 1815 2896 tradiderit
1833 2845 1861 2894 et
1878 2839 1924 2894 de·

247 2905 327 2974 siqui
350 2907 471 2974 accepit:
503 2907 617 2962 dominio
641 2907 721 2976 igitur
743 2923 827 2976 penes
849 2923 879 2962 se
901 2913 1056 2962 remanente
1109 2907 1230 2972 cesserit,
1259 2907 1368 2978 traditio
1393 2907 1448 2962 eius
1471 2909 1524 2976 egit
1549 2909 1661 2978 adquiri,
1690 2913 1722 2962 ut
1742 2913 1834 2962 tamen
1856 2907 1925 2962 liaeo

248 2977 259 3028 t
292 2989 460 3044 nequaquam
479 2975 601 3030 effectum
618 2975 729 3028 habebit
746 2977 910 3030 constitutio.
941 2975 1056 3030 ⁷Manu·
1108 2979 1123 3030 8
1158 2977 1265 3028 traditio
1304 2975 1407 3040 endeat,
1427 2977 1510 3030 donec
1533 2993 1605 3032 mors
1631 2977 1765 3056 sequatur.
1803 2975 1832 3030 Si
1855 2991 1926 3030 uxor

246 3041 373 3096 missionis
399 3059 483 3096 causa
507 3043 615 3098 donatio
639 3043 714 3098 iacta
737 3043 822 3110 valet,
846 3043 910 3098 licet
932 3060 988 3097 uon
1003 3043 1056 3098 hoc
1107 3057 1164 3096 rem
1181 3043 1252 3098 Titio
1290 3041 1380 3108 ederit,
1399 3049 1430 3098 ut
1440 3043 1464 3098 ιι
1479 3043 1575 3098 marito
1590 3049 1683 3098 mortis
1701 3059 1785 3100 causa
1802 3043 1925 3098 traderet

244 3115 344 3178 agatur,
362 3117 393 3166 ut
411 3111 501 3166 statim
518 3111 553 3166 ad
569 3111 728 3176 libertatem,
752 3111 800 3166 sed
818 3109 978 3180 quandoque
995 3127 1055 3180 per·
1109 3127 1140 3166 ea
1159 3127 1193 3166 ιι
1210 3109 1338 3166 defuncta
1359 3109 1448 3166 invitis
1470 3109 1613 3166 heredibus
1637 3113 1693 3166 eius
1718 3111 1805 3166 Titius
1829 3111 1923 3166 marito

245 3177 363 3232 ducatur.
398 3177 511 3248 proinde
533 3179 568 3244 si,
594 3183 624 3232 ut
640 3183 703 3246 post
721 3183 822 3232 certum
839 3185 944 3248 tempus
961 3193 1056 3234 manu·
1108 3179 1126 3232 d
1161 3179 1218 3244 erit,
1247 3179 1371 3244 interest,
1400 3183 1489 3248 utrum
1513 3193 1530 3232 a
1553 3179 1662 3234 mulime
1685 3179 1720 3234 ιιι
1748 3179 1923 3248 interpositus

270 3247 343 3310 'ttat,
367 3247 446 3300 uxori
469 3261 534 3300 suae
556 3247 679 3310 tradidit,
702 3251 768 3300 tunc
792 3247 898 3302 demum
922 3247 978 3300 eius
1001 3245 1056 3310 fiet,
1108 3247 1195 3300 Titius
1213 3261 1248 3300 an
1265 3261 1328 3302 vero
1347 3261 1364 3300 a
1380 3245 1475 3300 marito
1494 3247 1538 3300 cui
1555 3247 1719 3300 donabatur:
1739 3247 1762 3300 si
1779 3261 1797 3300 a
1814 3247 1923 3304 muliere

246 3331 303 3368 cum
326 3319 445 3382 tempore
468 3313 576 3382 impleto
599 3313 786 3368 manumittere
809 3313 942 3384 coeperit:
973 3329 1056 3382 quare
1107 3313 1162 3368 inte
1197 3313 1280 3368 ositus
1305 3319 1361 3378 est,
1385 3313 1512 3382 obligabit
1535 3329 1566 3368 se
1588 3313 1768 3380 condictione,
1787 3313 1810 3368 ιι
1826 3315 1921 3368 marito

246 3387 321 3436 antea
337 3381 547 3436 manumittendo
569 3381 636 3436 nihil
659 3381 721 3450 agit.
745 3397 807 3436 nam
831 3385 858 3436 ιι
879 3379 946 3436 illud
969 3381 1055 3436 scien·
1107 3381 1178 3436 tradi
1198 3381 1254 3446 erit,
1274 3381 1298 3434 ιι
1315 3385 1405 3434 autem
1421 3379 1550 3436 emerito
1569 3381 1925 3450 sitinterpositur,mortua

246 3451 306 3502 dum
320 3455 373 3502 est:
393 3451 417 3502 si
429 3449 508 3502 uxori
522 3449 580 3518 quis
596 3465 661 3504 suae
677 3449 823 3514 donaverit,
838 3453 870 3502 ιι
878 3451 949 3504 intra
958 3463 1056 3502 annum
1108 3449 1218 3502 muliere
1236 3447 1378 3502 confestim
1394 3445 1494 3502 fundus
1519 3447 1650 3502 efficietur
1672 3451 1728 3504 eius
1746 3465 1826 3518 quem
1843 3451 1923 3504 mari-

246 3517 420 3582 manumittat‚
440 3517 534 3570 deinde
548 3533 603 3570 uon
616 3517 799 3570 manumiserit
816 3531 848 3572 ea
861 3517 933 3572 intra
948 3531 1056 3582 annum,
1107 3521 1152 3570 ιιι
1169 3517 1329 3586 interposuit
1347 3522 1374 3570 et
1391 3517 1522 3570 actionem
1538 3517 1597 3586 ipse
1613 3517 1726 3572 maritus
1744 3533 1806 3572 cum
1824 3531 1855 3572 eo
1873 3517 1924 3572 ha·

246 3591 336 3656 postea
353 3585 561 3640 manumittendo
579 3583 645 3638 nihil
663 3585 725 3654 agit.
1108 3589 1124 3640 e
1158 3583 1240 3640 bebit.
1276 3583 1306 3638 st
1328 3601 1398 3640 uxor
1419 3599 1489 3650 rem,
1513 3599 1593 3652 quam
1616 3585 1743 3660 amanto
1763 3601 1812 3640 sno
1829 3585 1923 3640 mortis

279 3651 297 3712 8
317 3655 409 3712 earm
432 3653 501 3708 libro
524 3653 665 3708 andecimo
689 3653 727 3708 cd
748 3653 863 3710 edictum
884 3651 1057 3724 provinciale
1109 3667 1191 3708 causa
1214 3657 1368 3722 acceperat,
1391 3653 1450 3706 viro
1469 3667 1500 3706 eo
1523 3652 1569 3707 alii
1585 3653 1733 3720 tradiderit,
1751 3653 1818 3708 nibil
1835 3655 1924 3724 agitur

247 3723 281 3788 Si,
294 3729 539 3790 antequamservus
552 3721 765 3788 manumittatur,
780 3727 865 3776 morte
880 3727 927 3776 aut
944 3721 1056 3776 divortio
1109 3737 1141 3774 ea
1157 3721 1309 3786 traditione,
1327 3721 1390 3790 quia
1412 3727 1466 3776 non
1490 3725 1553 3774 ante
1578 3721 1699 3780 ultimum
1724 3721 1795 3776 vitae
1817 3727 1922 3792 tempus

247 3791 359 3844 solutum
376 3789 458 3844 fuerit
476 3789 684 3856 matrimonium,
709 3789 850 3844 resoluitur
867 3789 992 3844 donatio:
1016 3789 1057 3844 in·
1107 3787 1224 3844 mulieris
1246 3787 1307 3842 fuit.
1332 3789 1412 3858 plane
1435 3787 1463 3842 in
1487 3787 1583 3856 quibus
1602 3789 1709 3844 casibus
1726 3789 1834 3858 placeat
1850 3795 1923 3844 retro

249 3873 303 3912 erse
329 3859 398 3912 enim
425 3857 545 3912 condicio
572 3855 711 3912 donationi
735 3857 853 3924 ridetur,
879 3862 912 3911 ut
933 3863 1058 3912 manente
1109 3855 1152 3924 agi
1177 3856 1365 3922 donationem,
1391 3855 1470 3910 etiam
1496 3871 1609 3924 aequem
1635 3855 1743 3910 traditio
1771 3871 1788 3910 a
1813 3857 1923 3912 muliere

249 3925 411 3980 matrimonio
429 3925 639 3980 manumittatur.
1111 3929 1142 3978 id
1175 3923 1249 3978 facta
1271 3925 1300 3978 in
1323 3923 1450 3994 pendenti
1472 3923 1623 3976 habebitur.
1664 3923 1693 3976 Si
1715 3925 1828 3980 maritus
1846 3925 1923 3980 uxori

280 3991 298 4052 9
321 3993 466 4048 Uarianos
482 3993 550 4048 libro
573 3993 712 4074 trigesimo
729 3991 847 4048 racundo
872 3991 909 4048 od
926 3991 1058 4048 Sabinum
1109 3991 1245 4046 donaverit
1267 3991 1361 4048 mortis
1383 4007 1465 4048 eausa
1488 4005 1572 4072 eaque
1595 3991 1741 4058 diverterit,
1766 4007 1802 4046 an
1827 3991 1922 4048 dissol-

247 4061 275 4116 ιι
287 4079 344 4118 eum
362 4063 438 4116 uxori
454 4063 536 4116 donet
553 4069 673 4126 maritus,
686 4061 732 4132 qui
749 4061 805 4116 eius
818 4067 876 4116 erat
885 4061 1056 4126 condicionis,
1107 4065 1186 4114 ratur
1202 4059 1332 4116 donatio?
1348 4059 1467 4114 Iulianus
1484 4059 1592 4128 scripsit
1607 4057 1735 4114 infirmari
1751 4057 1923 4116 donationem

248 4147 280 4186 ne
296 4147 420 4200 umquam
438 4131 473 4184 ad
489 4131 638 4186 libertatem
661 4129 770 4198 perduci
790 4129 890 4210 possit,
917 4129 1073 4192 dicendum¹
1111 4133 1140 4180 11
1175 4143 1225 4182 nec
1250 4129 1441 4198 impenderefl.
1482 4129 1555 4182 idem
1580 4129 1632 4192 ait,
1658 4127 1682 4182 si
1707 4127 1813 4184 divortii
1839 4143 1923 4184 cansa

251 4201 262 4250 t
297 4205 336 4252 est
353 4199 459 4254 omnino
478 4197 543 4252 nihil
566 4199 608 4266 agi
629 4199 682 4252 liae
707 4197 856 4252 donatione.
893 4195 922 4252 Si
944 4197 1059 4266 pecunia
1108 4195 1182 4250 fecta
1199 4195 1234 4250 ιιι
1250 4195 1369 4260 ιιιιιιι,
1386 4195 1490 4250 valere:

248 4273 357 4336 accepta
373 4267 467 4320 mulier
481 4267 664 4320 manumiseiit
680 4267 721 4320 rel
737 4279 834 4334 operas
852 4267 877 4318 ei
893 4265 1058 4334 imposuerit,
1145 4261 1183 4320 12
1201 4261 1398 4320 Proroslitro
1409 4265 1522 4336 septimo
1536 4263 1575 4318 cci
1588 4263 1718 4318 Salicum
1745 4279 1815 4332 qnae
1831 4267 1921 4318 ιιιιιι

250 4335 409 4390 aitIulianus
425 4351 520 4402 operas
536 4333 641 4402 quidem
656 4349 715 4388 eam
728 4333 1059 4402 licitoiureimpcsituram
1109 4333 1159 4386 sub
1181 4333 1239 4400 ipso
1263 4333 1369 4386 divortii
1391 4335 1524 4400 tempore,
1547 4347 1602 4386 non
1625 4345 1694 4402 quae
1711 4345 1744 4386 ex
1762 4331 1922 4400 cogitatmus

250 4407 276 4456 ιι
291 4407 379 4456 tenere
396 4403 583 4470 obligationem
600 4417 650 4456 nec
667 4401 750 4456 rideri
764 4401 900 4456 mulierem
914 4417 947 4456 ex
962 4417 993 4456 re
1010 4401 1059 4456 riri
1109 4401 1267 4468 quandoque
1283 4399 1368 4456 futuri
1385 4399 1490 4454 divortii
1505 4399 1585 4456 fiant:

250 4467 444 4540 locupletiorem
461 4469 527 4534 fieri,
546 4487 606 4524 cum
624 4485 669 4524 eas
686 4471 798 4524 libertus
815 4469 967 4540 promittet:
987 4469 1059 4540 quod
1145 4465 1182 4526 13
1207 4467 1353 4524 Πιιιιιιι
1366 4467 1434 4524 libro
1453 4469 1589 4542 trigesimo
1606 4467 1724 4524 secundo
1738 4465 1776 4522 cci
1790 4465 1920 4522 Serdicam

251 4537 273 4592 si
287 4541 398 4608 pretium
417 4539 450 4594 ob
469 4539 701 4594 manumissionem
715 4537 849 4608 acceperit
865 4539 960 4592 mulier
977 4537 1059 4594 etsie
1110 4537 1158 4590 sed
1174 4537 1283 4592 simois
1301 4537 1337 4592 ιιι
1352 4537 1488 4604 insecuta,
1511 4553 1566 4594 ιιι
1588 4537 1671 4592 rideri
1695 4535 1783 4590 factes
1800 4547 1844 4588 res
1861 4549 1920 4586 mu-

251 4609 436 4674 manumiserit,
460 4607 483 4662 si
506 4607 610 4678 quidem
634 4623 667 4660 ex
689 4607 792 4676 pecudio
810 4621 859 4662 suo
884 4607 963 4672 dedit,
981 4623 1058 4660 num·
1112 4609 1124 4658 1
1160 4605 1239 4672 lieris,
1257 4605 1321 4674 quia
1338 4605 1446 4660 donatio
1460 4605 1581 4660 inaliuin
1598 4621 1687 4678 casum
1701 4603 1834 4658 fectaest.
1852 4597 1920 4654 Pro-

251 4687 305 4728 mos
321 4677 411 4730 mariti
427 4691 546 4740 manere,
573 4675 596 4730 si
612 4691 674 4730 cero
693 4674 761 4730 alius
778 4689 827 4744 pro
846 4689 876 4728 eo
896 4675 975 4742 dedit,
994 4675 1060 4730 fient
1109 4673 1172 4728 inde
1190 4677 1216 4728 et
1232 4673 1255 4728 si
1271 4673 1365 4730 mortis
1382 4689 1464 4730 causa
1481 4673 1560 4728 uxori
1581 4671 1719 4726 donaverit
1741 4675 1769 4724 ιι
1796 4667 1919 4738 deporta-

253 4743 266 4792 ι
299 4743 612 4812 nummimulieris:quae
621 4741 832 4798 ιιιιιιιιιιιιιι
841 4759 870 4798 ιι
878 4743 968 4798 ιιιιι.
986 4743 1060 4798 Inter
1109 4741 1208 4796 tionem
1217 4757 1320 4862 lpassus
1344 4747 1399 4808 est,
1423 4757 1459 4798 au
1482 4739 1703 4818 donatiovnleet,
1721 4737 1865 4816 rideamus.
1893 4741 1920 4792 et

252 4807 332 4864 virum
357 4817 384 4866 et
406 4825 516 4864 uxoren:
538 4813 631 4866 mortis
656 4825 738 4864 causa
762 4808 918 4864 donationes
935 4815 1059 4880 receptae
1109 4809 1176 4864 alias
1199 4813 1288 4878 pacet
1310 4809 1338 4864 in
1356 4825 1447 4864 casum
1465 4807 1654 4876 deportationis
1673 4805 1844 4860 donationem
1859 4803 1918 4860 fac·

251 4883 318 4942 sunt,
1109 4883 1164 4930 tam
1182 4875 1276 4942 valere,
1295 4876 1515 4946 quemadmodum
1527 4875 1556 4930 in
1571 4873 1710 4930 ιιιιιιι12
1727 4873 1839 4928 divorti.
1858 4889 1919 4930 cum

287 4941 322 5004 10
343 4945 435 5002 Gerus
455 4947 522 5002 libro
544 4947 684 5002 undecimo
702 4945 740 5002 cd
762 4945 876 5002 edictum
889 4945 1060 5018 provinciale
1109 4945 1190 5016 igitur
1198 4945 1218 4978 ¹³
1235 4945 1417 5026 deportatione
1433 4943 1629 4998 matrimonium
1642 4941 1748 4996 minime
1759 4941 1919 5000 dissolvatur

251 5011 312 5076 quia
327 5015 356 5068 ιι
371 5017 424 5068 ιιι
441 5019 544 5084 tempus
563 5015 679 5070 excurrit
696 5015 846 5070 donationis
864 5019 988 5082 eventus,
1007 5029 1059 5086 quo
1110 5021 1137 5070 et
1154 5013 1219 5068 ιιιιι
1235 5013 1326 5068 vitium
1342 5013 1458 5068 mulieris
1475 5011 1595 5078 ιιιιιιιι,
1612 5011 1756 5068 humanum
1775 5017 1816 5068 est
1834 5011 1917 5068 dona-

252 5077 289 5134 ιι
306 5087 332 5134 ιι
347 5099 415 5138 uxor
433 5097 491 5136 esse
508 5083 639 5140 desinum.
1109 5083 1222 5150 tionem,
1247 5095 1315 5152 quae
1337 5083 1429 5138 mortis
1453 5095 1536 5136 causa
1557 5079 1593 5134 ab
1615 5079 1690 5136 initio
1713 5081 1787 5138 facta
1805 5087 1853 5150 est,
1871 5083 1918 5138 tali

287 5143 322 5206 11
347 5147 492 5206 Uarinius
509 5151 576 5208 libro
593 5153 729 5222 trigesimo
744 5153 860 5206 secundo
879 5149 917 5206 aa
929 5149 1059 5208 Sabinum
1111 5149 1188 5206 exilio
1206 5151 1349 5206 subsecuto
1369 5149 1528 5216 confirmari,
1545 5153 1681 5218 tamquam
1698 5151 1722 5206 si
1737 5155 1843 5208 mortun
1861 5167 1918 5206 ma·

254 5209 305 5270 Sed
325 5217 430 5272 interim
451 5235 494 5272 res
517 5235 572 5274 non
594 5221 684 5274 statim
706 5221 775 5274 fiunt
797 5221 853 5276 eins
878 5219 921 5274 cui
945 5219 1060 5276 donatae
1110 5221 1162 5274 rito
1191 5225 1252 5274 rata
1272 5219 1437 5284 habebatur,
1461 5217 1500 5272 ita
1529 5223 1633 5286 ιιιιιι,
1656 5225 1688 5276 ιι
1709 5237 1763 5278 ιιι
1786 5221 1919 5290 adimatur

254 5289 320 5362 sunt,
335 5287 382 5340 scd
396 5291 462 5340 tunc
477 5287 589 5354 demum,
605 5303 666 5342 cum
680 5305 750 5344 mors
764 5287 887 5344 insecuta
902 5291 956 5342 est:
973 5287 1059 5344 medio
1109 5287 1217 5344 licentia
1233 5289 1328 5344 merito
1346 5303 1405 5342 eam
1421 5301 1554 5354 revocare,
1572 5287 1635 5358 quia
1658 5295 1684 5344 et
1708 5305 1779 5346 mors
1797 5291 1854 5346 eius
1872 5305 1918 5344 ex-

254 5355 330 5416 igitur
354 5359 473 5424 tempore
498 5355 642 5410 dominium
666 5361 787 5410 remanet
818 5359 891 5428 apud
923 5371 984 5410 eum
1015 5357 1060 5428 qui
1111 5357 1257 5428 spectanda
1272 5361 1320 5424 est,
1333 5359 1436 5412 uttunc
1469 5355 1629 5414 lenissimam
1644 5359 1744 5416 babeat
1757 5359 1918 5428 firmitatem,

257 5419 267 5468 1
304 5419 417 5476 donarit.
464 5423 516 5478 Sed
539 5425 610 5494 quod
634 5423 732 5478 dicitur
754 5427 845 5482 mortis
869 5441 952 5482 causa
974 5425 1058 5480 dona·
1111 5427 1216 5496 quando
1234 5425 1268 5482 ab
1291 5425 1343 5480 hac
1365 5425 1425 5482 luce
1446 5371 1528 5480 fierit
1544 5429 1710 5498 subtractis,
1728 5429 1813 5486 sivest
1830 5443 1906 5484 rever

254 5589 282 5652 (tl
302 5593 378 5656 quiF
494 5596 525 5662 (ι)
544 5599 696 5662 emptionem
711 5599 756 5650 ιιι.
890 5605 921 5666 (a)
941 5599 1023 5648 datam
1037 5599 1064 5650 F
1112 5603 1153 5666 (11)
1177 5599 1331 5662 impendere]
1349 5599 1398 5650 iam
1413 5599 1577 5662 pendereeer.
1703 5607 1747 5668 ιιι)
1770 5617 1855 5654 cesum
1869 5619 1917 5652 rer.

254 5659 285 5720 ιι)
305 5661 436 5714 donationi
449 5665 510 5716 Hal.
637 5669 669 5730 ts)
687 5665 785 5730 pridem
794 5685 844 5722 scr,
966 5667 999 5732 (ι)
1017 5667 1059 5716 de·
1112 5671 1155 5734 (13)
1179 5667 1353 5734 compilatores,
1372 5687 1470 5734 prorum
1484 5671 1619 5740 lineorum,
1634 5683 1696 5724 certe
1716 5675 1800 5724 etitem
1813 5673 1919 5722 scribere

254 5721 359 5810 beatida
461 5735 492 5798 ιι)
512 5735 703 5794 §ecoilncccdo
719 5747 775 5788 ante
791 5743 833 5796 ιι
937 5735 970 5800 (8)
989 5735 1065 5788 cuiF
1112 5737 1230 5788 debebant
1314 5737 1357 5800 (rt)
1375 5735 1433 5788 sild

254 5795 287 5860 (a)
306 5797 591 5854 mreadhuouxcreins.
686 5803 729 5868 (ιι)
748 5803 893 5870 interpositi
902 5803 943 5856 Sc.
957 5803 1062 5856 (fertilis

1676 5893 1709 5938 db
