4366 6258
497 699 697 788 DOMINI
725 697 930 778 mossur
960 695 1353 774 sncnurrssrmr
1382 697 1657 808 PRINCIPIS

826 867 850 976 Ι
870 865 912 976 U
932 861 1334 976 11111111

597 1105 690 1162 IURIS
708 1099 918 1160 ENUOLEATI
935 1099 985 1154 EX
1003 1097 1096 1156 OMNI
1114 1099 1262 1154 VETERE
1281 1093 1368 1156 IURE
1387 1097 1563 1156 COLLEOTI

361 1255 908 1378 uronsnonuu
960 1249 1112 1366 suu
1165 1213 1800 1368 ruuono'nlnun

917 1485 1245 1564 LIBERPRIMUS.

631 1699 672 1758 1¹.

463 1801 509 1850 nn
528 1797 675 1848 rnsrrnrn
692 1797 736 1848 nn
754 1799 844 1848 nunu.
871 1815 872 1818 π

295 1901 326 1958 1²
347 1899 489 1954 Uarianos
504 1899 571 1954 libro
584 1897 675 1968 primo
694 1899 888 1952 institutionum
922 1897 978 1952 iuri
992 1913 1055 1966 ope-

258 1987 310 2024 ram
327 1969 447 2022 datumm
464 1967 536 2034 prius
553 1981 632 2020 nosse
650 1969 768 2032 oportet,
791 1965 861 2020 unde
878 1981 973 2020 nomen
991 1965 1056 2020 iuris

259 2035 402 2090 descendat.
421 2033 874 2102 estautemaiustitiaappellatum:
885 2033 1055 2098 111111111-

263 2109 270 2158 l
304 2099 954 2170 111111111111111111111111111111111111.
975 2101 1056 2156 Cuius

259 2173 345 2224 merito
360 2169 417 2236 quis
430 2185 478 2224 uos
489 2167 640 2222 sacerdotes
653 2167 779 2236 appellet:
797 2169 924 2224 iustitiam
941 2185 1056 2238 namque

260 2239 360 2292 coimus
379 2239 405 2290 et
416 2235 479 2290 boni
496 2241 522 2290 ct
539 2235 617 2304 aequi
628 2237 750 2290 notitiam
761 2235 924 2304 profitemur,
942 2251 1056 2306 aequum

259 2305 288 2358 ab
305 2303 390 2372 iniquo
409 2307 570 2370 separantes,
588 2303 690 2356 licitum
707 2305 741 2356 ab
758 2305 847 2358 illicito
867 2305 1055 2368 discernentes,

260 2371 336 2424 honos
347 2385 400 2424 non
413 2371 498 2424 solum
515 2375 587 2424 metu
600 2385 754 2440 poenarum,
772 2389 863 2426 verum
881 2373 960 2426 etiam
977 2387 1055 2440 pras-

259 2437 362 2490 miorum
377 2453 480 2506 quoque
494 2437 677 2492 exhortatione
691 2437 795 2492 11111111
810 2439 954 2508 cupientes,
966 2455 1056 2494 reram

258 2505 304 2560 nisi
319 2503 395 2558 fallor
411 2505 618 2572 philosophiam,
641 2521 695 2560 nou
718 2505 867 2560 simulatam
890 2509 1053 2560 affectantes.

259 2575 272 2624 1
303 2571 385 2626 Huius
403 2573 483 2624 studii
506 2573 574 2626 duae
596 2577 659 2626 sunt
680 2569 838 2642 positiones,
867 2575 1003 2642 publicum
1029 2581 1056 2626 et

258 2639 380 2706 privatum
387 2637 405 2692 ³.
423 2639 557 2706 publicum
574 2641 615 2692 ius
630 2645 671 2692 est
706 2641 759 2694 uod
776 2641 810 2694 ad
828 2645 927 2694 statum
944 2641 983 2694 rei
1000 2641 1054 2694 llo·

258 2719 345 2758 manae
362 2711 472 2772 spectat,
491 2707 621 2776 privatum
639 2657 711 2776 quod
724 2707 758 2760 ad
776 2707 937 2776 singulorum
954 2707 1055 2762 utilita-

257 2779 320 2826 tem:
335 2777 396 2826 sunt
409 2773 478 2826 enim
494 2775 623 2842 quaedam
637 2773 743 2842 publice
755 2775 843 2840 utilia,
860 2775 989 2842 quaedam
1000 2775 1054 2842 pri-

257 2841 339 2894 uatim.
373 2839 508 2912 puplicum
525 2843 566 2908 ins
584 2843 612 2896 in
635 2841 732 2906 sacris,
755 2843 783 2896 in
806 2841 1003 2906 sacerdotibus,
1026 2841 1055 2894 in

258 2907 445 2974 magistratibus
462 2909 609 2962 consistiti.
626 2909 759 2978 privatum
774 2911 815 2962 ius
830 2911 991 2978 tripertitum
1001 2913 1053 2962 est:

259 2975 389 3032 collectum
407 2975 502 3028 etenim
525 2979 566 3030 est
589 2991 621 3030 ex
645 2977 810 3030 naturahlous
834 2977 984 3044 praeceptis
1008 2981 1056 3028 aut

259 3047 271 3096 3
303 3041 414 3110 gentium
428 3047 475 3096 aut
489 3043 615 3098 civilibus.
651 3043 696 3098 lus
713 3041 835 3096 naturale
852 3047 900 3108 est,
919 3043 990 3112 quod
1007 3057 1054 3096 na-

258 3115 313 3164 tura
329 3109 414 3164 omnia
431 3109 555 3164 animalia
572 3109 675 3166 docuit:
701 3127 763 3166 nam
779 3109 821 3166 ius
838 3109 910 3164 istud
927 3127 981 3164 non
1004 3111 1054 3162 hu-

258 3177 324 3231 mani
338 3177 436 3246 generis
451 3177 594 3246 proprium,
611 3177 659 3232 sed
676 3177 791 3232 omnium
809 3177 968 3242 animalium,
987 3193 1056 3246 quae

257 3245 366 3310 interra,
382 3261 449 3314 quae
467 3245 493 3298 in
507 3247 574 3298 mari
587 3251 750 3310 nascuntur,
764 3245 850 3298 avium
866 3259 969 3314 quoque
983 3261 1054 3300 com-

257 3329 330 3366 mune
352 3319 399 3368 est.
432 3313 495 3366 hinc
512 3313 649 3368 descendit
665 3313 745 3366 maris
763 3319 843 3380 atque
860 3311 973 3366 feminae
992 3327 1055 3364 con-

257 3381 357 3446 iunctio,
372 3395 451 3448 quam
463 3397 511 3434 nos
526 3379 720 3438 matrimonium
732 3379 903 3500 capsellamus,
918 3379 1055 3432 hinclihe-

257 3463 340 3502 rornm
348 3447 504 3516 procreatio,
517 3447 578 3502 hinc
587 3445 725 3502 educatio:
737 3447 763 3502 ri
782 3461 854 3500 emus
864 3445 960 3500 etenim
967 3449 1056 3500 cetera

259 3531 355 3584 quoque
372 3515 501 3580 animalia,
520 3513 591 3568 ieras
609 3515 688 3568 etiam
705 3513 781 3568 istius
798 3511 862 3568 iuris
880 3513 976 3582 peritia
994 3529 1056 3568 cen·

259 3587 273 3636 4
303 3583 360 3636 seri.
394 3583 439 3636 lus
454 3583 570 3650 gentium
585 3587 634 3646 est,
670 3595 705 3634 uc
723 3587 813 3650 gentes
828 3581 960 3634 humanae
974 3583 1056 3634 utun·

257 3655 313 3704 tur,
338 3649 407 3718 quod
423 3667 440 3704 a
457 3649 571 3704 naturali
587 3599 711 3702 recedere
728 3647 806 3702 facile
821 3649 972 3714 intellegere
985 3647 1056 3712 licet,

258 3715 384 3786 quiaillud
393 3717 514 3770 omnihus
530 3715 695 3780 animalibus,
710 3715 762 3768 hoc
776 3715 837 3768 solis
852 3715 1003 3768 hominibus
1016 3715 1056 3766 in-

258 3791 294 3838 ter
310 3799 337 3838 se
355 3799 491 3838 commune
509 3783 551 3838 sit.

289 3847 306 3904 1
323 3851 489 3904 Pomponius
495 3851 561 3904 libro
571 3847 708 3928 crapulari
719 3847 862 3904 euchiridii
891 3847 981 3900 Veluti
995 3863 1056 3916 erga

259 3919 330 3974 deum
347 3917 449 3986 religio:
468 3923 498 3970 ut
515 3917 669 3984 parontrbus
688 3919 714 3970 ct
730 3915 833 3982 patriae
849 3931 1004 3982 pareamus:

290 3981 306 4042 3
324 3985 525 4038 Fronuurmns
539 3983 606 4036 libro
620 3985 712 4054 primo
732 3983 925 4036 trucidationem
957 3987 988 4036 ut
1001 3981 1056 4036 vim

257 4057 330 4122 atque
346 4051 466 4108 iniuriam
501 4051 679 4120 repulsamus:
699 4065 761 4104 nam
777 4049 834 4104 inre
851 4051 902 4104 hoc
917 4049 1011 4114 evenit,
1025 4055 1057 4104 ut

257 4119 322 4188 quod
336 4121 444 4188 quisque
459 4069 618 4174 1111111111
633 4117 752 4186 corporis
767 4117 809 4172 sui
822 4117 924 4184 fecerit,
941 4117 999 4172 iure
1015 4117 1063 4174 ier

257 4189 318 4242 cisse
328 4187 495 4252 existimetur,
515 4191 541 4240 et
555 4201 615 4240 cunr
626 4185 695 4240 inter
708 4201 757 4240 nos
772 4187 956 4254 cognationem
970 4201 1055 4254 quan-

257 4255 312 4308 dam
329 4259 423 4308 natura
440 4253 591 4318 consttuit,
616 4269 781 4324 consequens
800 4257 840 4308 est
857 4255 989 4310 hominem
1006 4255 1056 4308 ho-

255 4321 313 4376 mini
329 4321 445 4376 insidiari
462 4321 537 4376 nefas
555 4337 621 4376 esse.

285 4387 321 4444 4⁵
343 4387 485 4444 Uurmuus
508 4389 576 4444 libro
599 4391 693 4460 primo
719 4389 915 4444 institutionum
957 4389 1055 4444 Manu-

253 4455 384 4510 missiones
398 4471 503 4526 quoquc
515 4455 581 4510 iuris
597 4455 714 4524 gentium
731 4461 801 4510 sunt.
835 4461 877 4510 est
893 4459 981 4510 autem
998 4471 1055 4510 ma-

253 4523 372 4578 numissio
387 4523 420 4576 de
431 4539 513 4578 manu
529 4523 627 4588 missio,
639 4523 668 4576 id
683 4529 724 4576 est
740 4523 812 4578 datio
829 4525 975 4578 libertatis:
993 4539 1056 4578 nam

253 4591 371 4658 quamdiu
386 4591 443 4658 quis
455 4591 483 4644 in
496 4591 621 4644 seruitute
636 4595 685 4656 est,
703 4591 793 4646 manui
808 4597 834 4646 et
848 4591 974 4660 potestati
990 4607 1055 4660 snp-

251 4657 349 4736 1111111
364 4663 411 4722 est,
425 4657 602 4712 manumissus
615 4657 744 4712 liberatur
758 4663 898 4726 potestate.
929 4675 998 4726 quae
1011 4673 1055 4714 res

251 4739 343 4778 amre
363 4725 480 4792 gentium
503 4723 629 4792 originem
650 4725 775 4792 sumpsit,
797 4731 891 4794 utpote
915 4741 975 4780 cum
998 4725 1056 4780 iure

251 4791 361 4844 naturali
377 4807 468 4846 omnes
485 4793 560 4846 libari
576 4797 751 4846 nascerentur
767 4807 816 4846 nec
834 4797 906 4848 esset
919 4797 984 4846 nota
998 4809 1055 4848 ma-

251 4857 381 4922 numissio,
390 4873 450 4912 cum
462 4861 573 4914 servitus
583 4865 653 4914 esset
661 4859 809 4928 incognita:
821 4861 870 4914 sed
880 4865 1055 4930 posteaquam

249 4923 303 4978 iure
315 4925 430 4994 gentium
447 4927 559 4982 servitus
576 4927 681 4992 inuasit,
699 4933 820 4982 secutum
838 4933 880 4982 eat
896 4927 1055 4982 beneficium

251 4993 467 5048 manumissionis.
503 4999 613 5050 etcum
636 5011 689 5048 uno
713 4993 831 5048 naturali
848 4993 954 5050 nomine
969 4993 1055 5048 homi·

250 5073 294 5112 nes
311 5059 511 5126 appellaremur,
529 5061 587 5116 iure
602 5063 720 5132 gentium
737 5061 789 5114 tria
805 5077 903 5128 genera
921 5077 981 5116 esse
995 5077 1056 5116 111-

250 5227 276 5290 (1)
293 5227 462 5282 Soa-Iucu
473 5233 563 5290 l‚1·—
572 5233 637 5284 Bas.
646 5233 682 5296 2,r
734 5231 767 5296 (1)
788 5235 847 5290 §2³
856 5229 960 5292 ==Inat
974 5233 996 5290 1,
1006 5235 1053 5290 tt.

251 5295 271 5356 1,
282 5305 318 5358 ²1¹
386 5299 417 5362 (1)
434 5295 564 5362 publicum
578 5303 604 5350 11
617 5299 744 5364 priuatum
760 5297 831 5350 aar
894 5297 928 5362 (1)
945 5297 982 5346 sic
996 5299 1053 5348 dett.

249 5381 297 5414 cum
305 5363 339 5424 B,
349 5365 465 5414 constitit
472 5365 519 5416 Fls
576 5367 608 5430 (5)
625 5367 834 5432 =Iaal.1,5pr.
893 5365 927 5426 (1)
940 5377 960 5426 a
968 5363 1056 5416 iureS

251 5429 281 5494 (1)
297 5431 332 5482 sic
346 5431 368 5480 S
382 5449 433 5482 oum
451 5431 482 5494 Β,
498 5431 678 5482 introductaF
742 5435 775 5498 (1)
789 5437 830 5492 -11
843 5431 953 5482 =Ioat
972 5431 1053 5494 1,1,1

250 5497 282 5560 (a)
299 5497 333 5546 eis
347 5497 534 5548 Breoooanaoe
547 5517 597 5550 mm
618 5501 646 5548 Β
713 5500 759 5566 (11)
777 5499 805 5550 id
821 5495 968 5560 catalogum
988 5497 1054 5546 aliae
1148 5525 1150 5528 -

1106 1699 1215 1762 parunt:
1241 1693 1318 1750 liberi
1336 1695 1420 1750 ethis
1439 1695 1599 1750 contrarium
1616 1695 1684 1750 serui
1702 1699 1728 1750 et
1744 1695 1850 1750 tertium
1867 1713 1910 1766 ge·
1930 1733 1931 1736 =

1107 1777 1157 1816 nus
1174 1763 1270 1828 liberti,
1288 1761 1315 1816 id
1333 1765 1373 1816 est
1390 1763 1419 1816 hi
1432 1761 1481 1832 ¹qui
1499 1761 1630 1816 desierant
1647 1777 1704 1816 esse
1722 1763 1798 1818 servi.

1140 1829 1158 1888 5
1176 1831 1433 1886 Hunnoanmmuus
1452 1831 1521 1886 libro
1538 1831 1629 1900 primo
1653 1833 1720 1886 iuris
1737 1831 1911 1902 epitoniorum

1106 1899 1149 1952 Ex
1157 1897 1209 1954 hoc
1220 1899 1278 1954 iure
1289 1897 1406 1968 gentium
1417 1897 1569 1954 introducta
1579 1897 1658 1964 helia,
1671 1897 1802 1954 discretae
1812 1903 1911 1966 gentes,

1106 1981 1186 2036 regna
1204 1967 1320 2032 condita,
1338 1965 1454 2020 dominia
1469 1965 1601 2032 distinma
1619 1965 1689 2036 agris
1703 1965 1806 2020 termini
1823 1967 1912 2036 positi,

1106 2035 1226 2090 aedificia
1244 2035 1382 2100 collocata,
1400 2035 1599 2100 commercium,
1622 2033 1768 2114 emptiones
1784 2033 1912 2088 11111111-

1106 2119 1168 2168 nes,
1185 2101 1332 2158 locationes
1349 2101 1553 2168 conductiones,
1571 2101 1745 2170 obligationes
1762 2101 1912 2158 institutae:

1107 2169 1224 2238 exceptis
1236 2169 1394 2238 quibusdam
1406 2185 1473 2240 quae
1482 2169 1557 2224 1111ις
1570 2169 1638 2224 civili
1649 2167 1911 2224 introductae⁷sunt

1140 2233 1179 2296 6Β
1200 2237 1435 2312 diffloratam
1460 2239 1551 2308 primo
1577 2239 1773 2292 institutionum
1811 2237 1857 2290 Ius
1876 2237 1912 2290 ci-

1106 2305 1155 2360 vile
1172 2311 1220 2370 ast,
1240 2305 1310 2374 quod
1328 2319 1413 2374 neque
1429 2305 1457 2364 in
1474 2309 1558 2358 totum
1576 2321 1592 2358 a
1609 2305 1724 2358 normali
1741 2303 1913 2374 vulgantium

1105 2371 1204 2428 recedit
1220 2389 1270 2426 nec
1287 2389 1335 2440 per
1352 2373 1440 2426 omnia
1458 2371 1503 2426 ei⁹
1520 2371 1612 2426 servit:
1630 2371 1720 2452 itaque
1737 2387 1797 2426 cnm
1815 2371 1914 2452 aliquid

1106 2439 1225 2494 addimus
1243 2441 1284 2494 vel
1301 2439 1462 2494 detrahimus
1480 2439 1531 2494 iuri
1548 2455 1693 2504 commum,
1710 2437 1752 2494 ius
1770 2455 1913 2506 proprium,

1108 2513 1119 2560 1
1155 2507 1183 2560 id
1207 2513 1247 2562 est
1271 2507 1344 2562 civile
1367 2507 1505 2560 efficimus.
1548 2507 1607 2560 Hoc
1629 2507 1708 2576 igitur
1729 2507 1772 2560 ius
1794 2511 1914 2560 nostrum

1106 2579 1212 2628 constat
1226 2579 1273 2628 aut
1285 2589 1319 2626 ex
1333 2575 1431 2656 scripto
1446 2579 1494 2628 aut
1507 2575 1564 2628 sine
1577 2575 1686 2642 scripto,
1700 2579 1731 2628 ut
1745 2573 1817 2642 apud
1831 2573 1914 2626 Grae-

1106 2657 1167 2696 cos:
1184 2643 1242 2692 τῶν
1257 2637 1350 2708 νόμων
1367 2643 1393 2694 oi
1409 2645 1458 2708 μὲν
1475 2645 1613 2710 ἔγγραφοι,
1634 2639 1661 2692 oi
1677 2637 1706 2692 δὲ
1724 2637 1842 2712 ἄγραφοι
1853 2643 1884 2694 ¹⁰.

1140 2705 1158 2764 7
1177 2707 1360 2762 Phoroncus
1375 2709 1442 2764 libro
1456 2707 1572 2764 rccuado
1587 2707 1770 2776 definitionum
1806 2707 1851 2762 Ius
1866 2723 1913 2762 au-

1105 2781 1159 2830 tem
1177 2775 1251 2830 ciuile
1269 2779 1317 2840 est,
1337 2775 1407 2854 quod
1426 2775 1585 2842 exlegibus,
1603 2775 1689 2844 plebis
1706 2775 1788 2842 scitis,
1806 2779 1914 2830 senatus

1106 2841 1242 2908 consultis,
1260 2843 1371 2896 decretus
1389 2843 1551 2910 principum,
1569 2843 1728 2898 auctoritate
1745 2843 1914 2910 prudentium

1109 2915 1119 2962 1
1155 2909 1234 2964 uenit.
1253 2909 1914 2978 Iuspraetoriumestqucdpraetcresintroduxe-

1106 2981 1169 3030 runt
1178 2977 1320 3030 adiuvandi
1333 2975 1374 3030 uel
1383 2977 1524 3044 supplendi
1538 2977 1578 3030 vel
1594 2975 1739 3044 nordgendi
1753 2977 1818 3030 iuris
1833 2977 1914 3030 ciuilis

1104 3043 1190 3112 mutia
1205 3049 1317 3122 propter
1333 3043 1473 3096 utilitatem
1490 3043 1631 3142 publicam.
1667 3043 1738 3112 quod
1757 3047 1782 3096 et
1799 3043 1914 3098 honora·

1105 3111 1173 3164 dum
1187 3109 1283 3164 dicitur
1296 3109 1331 3164 ad
1342 3109 1486 3164 honorem¹
1516 3115 1668 3178 praetorum
1686 3111 1725 3166 sic
1742 3111 1914 3166 nominatum.

1140 3173 1158 3234 8
1176 3175 1353 3232 Maarsares
1372 3177 1440 3232 libro
1452 3179 1545 3248 primo
1568 3179 1764 3232 institutionum
1796 3175 1866 3232 Nam
1890 3181 1916 3232 et

1105 3247 1192 3314 ipsum
1207 3243 1251 3298 ius
1268 3243 1440 3298 honorarium
1457 3245 1515 3298 viva
1532 3261 1583 3298 vox
1600 3249 1641 3300 est
1656 3245 1721 3300 iuris
1740 3245 1830 3300 civilia.

1140 3307 1191 3370 9¹²
1210 3311 1302 3366 Gerus
1322 3313 1389 3366 libro
1407 3313 1500 3382 primo
1517 3313 1711 3368 irradiationem
1746 3313 1843 3368 Omnes
1866 3329 1914 3382 po-

1106 3379 1169 3448 puli,
1188 3379 1233 3446 qui
1246 3379 1347 3456 legibus
1358 3383 1384 3432 et
1397 3379 1514 3432 moribus
1529 3385 1665 3448 reguntur,
1682 3379 1779 3448 partim
1792 3395 1840 3434 suc
1853 3397 1914 3448 pro-

1106 3445 1173 3514 prio,
1187 3451 1286 3514 partim
1301 3445 1433 3500 communi
1448 3445 1563 3500 omnium
1577 3445 1780 3502 hominumiure
1794 3451 1914 3500 utuntur.

1107 3529 1169 3568 nam
1192 3511 1263 3592 quod
1287 3513 1398 3582 quisque
1420 3513 1534 3582 populus
1556 3513 1613 3582 ipse
1637 3513 1687 3568 sibi
1709 3513 1751 3568 ius
1770 3513 1915 3580 constituit,

1106 3581 1133 3634 id
1150 3579 1233 3650 ipsius
1250 3581 1386 3650 proprium
1405 3581 1518 3634 civitatis
1528 3581 1548 3614 ¹³
1571 3585 1612 3636 est
1634 3587 1797 3652 vocaturque
1818 3581 1860 3636 ius
1880 3583 1914 3636 oi·

1107 3649 1170 3712 vile,
1196 3647 1273 3724 quasi
1289 3647 1330 3702 ius
1347 3649 1485 3718 proprium
1501 3647 1583 3768 igsius
1607 3649 1734 3704 ciuitatis:
1760 3649 1830 3718 quod
1852 3665 1914 3704 vero

1106 3715 1235 3768 naturalis
1247 3715 1314 3768 ratio
1323 3714 1392 3768 iuter
1401 3729 1492 3770 omnes
1526 3715 1625 3770 omines
1640 3715 1786 3782 consdtuit,
1802 3715 1829 3770 id
1844 3715 1916 3784 apud

1106 3797 1197 3860 omnes
1206 3781 1227 3814 ¹⁴
1241 3797 1374 3850 peraeque
1388 3781 1540 3838 ¹custoditur
1553 3787 1714 3852 vocaturque
1731 3783 1773 3838 ius
1790 3783 1914 3852 gentium,

1107 3865 1184 3918 quasi
1201 3864 1252 3916 quo
1270 3849 1327 3904 iure
1345 3865 1435 3904 omnes
1452 3853 1544 3918 gentes
1560 3853 1679 3904 utuntur.

1143 3913 1180 3974 10
1191 3917 1212 3948 ¹⁵
1235 3913 1455 3972 Unrrnmnslibro
1488 3919 1555 3970 rimo
1569 3917 1727 3988 regulorum
1756 3913 1860 3968 Iustitia
1875 3919 1917 3968 est

1107 3987 1233 4038 constans
1251 3989 1278 4036 et
1292 3989 1421 4064 perpetua
1435 3933 1558 4038 11111111
1572 3983 1614 4038 ius
1630 3999 1708 4038 suum
1723 3983 1818 4050 cuique
1831 3981 1915 4034 trihu·

1109 4055 1121 4104 1
1158 4051 1256 4104 enuit.
1293 4051 1360 4106 Iuris
1383 4057 1527 4120 praecepta
1549 4057 1612 4106 suut
1635 4051 1716 4104 hacc:
1743 4051 1854 4102 honeste
1877 4047 1915 4102 ri·

1106 4135 1180 4184 rere,
1207 4117 1320 4174 alterum
1345 4135 1399 4174 uon
1421 4119 1539 4182 laedere,
1565 4135 1643 4174 suum
1671 4117 1767 4186 cuique
1789 4117 1914 4172 tribuere.

1107 4191 1122 4240 1
1157 4185 1225 4242 Iuris
1239 4187 1380 4256 prudentia
1389 4189 1410 4220 ¹⁷
1427 4191 1468 4240 est
1482 4185 1629 4240 divinarum
1643 4189 1723 4252 atque
1740 4183 1915 4240 humanarum

1106 4271 1195 4310 rerum
1211 4255 1314 4320 notitia,
1332 4255 1395 4308 iusti
1412 4259 1492 4322 atque
1508 4253 1600 4306 iniusti
1616 4251 1735 4306 seientia.

1142 4321 1178 4378 11
1198 4321 1318 4378 Paucos
1332 4321 1400 4376 libro
1420 4325 1518 4390 quarto
1535 4319 1635 4382 decimo
1657 4319 1694 4372 aci
1707 4317 1836 4374 Sabinum
1871 4319 1916 4374 lus
1946 4377 1949 4388 ὲ

1106 4389 1226 4460 plinthus
1239 4389 1329 4444 'modts
1346 4387 1455 4442 dicitur:
1474 4401 1527 4442 uno
1541 4381 1629 4450 mo‘do,
1648 4401 1708 4440 cum
1719 4385 1747 4440 id
1763 4387 1833 4456 quod
1847 4401 1914 4442 sem-

1106 4473 1154 4528 per
1171 4471 1286 4526 aequum
1303 4471 1335 4510 ac
1352 4455 1451 4510 bonum
1466 4459 1506 4508 est
1522 4453 1563 4506 ius
1580 4453 1686 4520 dicitur,
1704 4459 1734 4508 ut
1752 4459 1792 4510 est
1808 4453 1849 4510 ius
1867 4471 1915 4510 na-

1106 4525 1200 4578 turale.
1235 4525 1319 4578 altero
1342 4521 1436 4586 modo,
1460 4519 1532 4588 quod
1548 4521 1669 4576 omnibus
1687 4527 1734 4576 aut
1748 4523 1871 4592 pluribus
1888 4523 1917 4576 in

1106 4607 1211 4660 quaque
1226 4591 1332 4646 civitate
1347 4589 1409 4642 utile
1424 4593 1473 4654 est,
1487 4591 1519 4640 ut
1533 4591 1574 4642 ent
1586 4587 1628 4642 ius
1650 4589 1733 4646 civile.
1760 4607 1809 4648 uec
1829 4591 1916 4646 minus

1106 4659 1147 4714 ius
1175 4663 1248 4714 recte
1271 4655 1421 4726 appellatur
1442 4655 1470 4708 in
1494 4655 1599 4712 civitate
1620 4663 1713 4712 nostra
1735 4657 1777 4714 ius
1800 4659 1916 4714 honora

1106 4727 1181 4780 rium
1217 4731 1325 4794 praetor
1343 4739 1449 4792 quoque
1465 4723 1506 4778 ius
1523 4723 1632 4780 reddere
1648 4725 1744 4780 dicitur
1760 4727 1838 4780 etiam
1856 4741 1917 4780 cum

1106 4791 1476 4930 utitottstlsltttt
1485 4791 1917 4930 attitulandum

1351 4897 1358 4924 ,
1567 4907 1568 4910 ,

1107 4927 1237 4990 coucenit.
1273 4925 1327 4980 alia
1343 4927 1536 4996 significatione
1552 4927 1593 4984 ius
1612 4929 1710 4984 dicitur
1726 4929 1801 4988 locus
1817 4927 1846 4982 in
1864 4943 1917 4996 quo

1105 4995 1147 5062 ius
1170 4991 1305 5066 redditur,
1328 4995 1507 5062 appellatione
1525 4997 1622 5050 collata
1640 4995 1673 5050 ab
1692 5011 1723 5050 eo
1742 4995 1815 5064 quod
1831 4995 1868 5050 ,lit
1889 4995 1917 5048 in

1106 5077 1138 5130 ec
1155 5061 1202 5116 ubi
1213 5061 1258 5124 iit.
1294 5077 1371 5128 quem
1391 5063 1479 5130 iocum
1497 5063 1671 5116 determinare
1688 5063 1740 5116 hoc
1758 5061 1836 5116 modo
1853 5077 1917 5132 pos-

1106 5229 1223 5294 seriptae,
1236 5229 1304 5282 aliae
1314 5225 1482 5296 nonrcmptaa
1547 5231 1590 5296 (ll)
1607 5227 1917 5296 :tormentorumque

1108 5297 1157 5362 (12)
1172 5299 1230 5350 Gal
1244 5299 1268 5362 1,
1284 5307 1340 5352 l--'
1351 5299 1413 5352 Ima
1433 5303 1454 5362 1,
1469 5311 1490 5362 2,
1505 5309 1517 5350 1
1584 5297 1628 5362 (la)
1646 5297 1760 5348 civitatis
1775 5315 1819 5348 om.
1838 5293 1918 5346 Gaius

1106 5365 1415 5430 (rrtpopulmiosxlatos
1454 5365 1776 5436 (ra)=Iaml,rpr.sa.c
1816 5359 1917 5424 (1111·

1105 5429 1356 5486 11111111111113.
1408 5435 1452 5498 (11)
1469 5431 1533 5482 iuris
1542 5429 1697 5494 prudentiiE
1794 5451 1797 5458 v
