4366 6258
274 359 393 424 xxia

274 543 350 598 cuius
366 541 497 596 servitutis
515 541 615 594 evictae
632 541 737 592 nornine
754 539 854 608 aliquid
868 547 969 610 emptor
983 555 1000 592 a
1013 553 1074 592 ven-

274 611 358 664 ditore
376 613 534 662 consecutus
551 613 605 672 est,
629 605 722 660 deinde
739 611 811 660 tetus
827 607 924 660 fundus
942 607 1075 672 evincitur,

275 679 308 730 oh
327 691 385 726 eam
402 675 556 728 evictionem
572 673 600 726 id
617 673 747 742 praestari
764 675 843 728 debet
860 675 931 742 quod
948 691 981 728 ex
995 673 1075 742 duplo

273 743 402 808 reliquum
425 747 477 794 est:
502 757 563 794 nam
581 741 603 794 si
621 741 694 794 aliud
710 741 921 806 observabimus,
945 741 1076 794 servituti-

274 811 324 860 hus
334 807 462 874 aliquibus
479 815 505 862 et
518 823 581 862 mor
593 807 756 874 proprietate
770 809 855 862 evicta
869 807 981 876 amplius
996 807 1076 876 duplo

274 879 378 940 emptor
394 881 488 942 quam¹
509 877 600 942 quanti
618 875 680 928 emit
697 883 909 944 consequeretur,

309 937 348 998 49
373 941 465 996 Gerus
487 943 555 996 libro
581 959 609 1012 se
630 943 692 996 timo
718 943 755 996 cd
776 943 891 998 edictum
908 941 1077 1012 provinciale

275 1009 320 1084 Si2
338 1009 371 1062 ab
389 1015 506 1078 emptore
521 1025 587 1062 usus
604 959 707 1062 ιιιιειιιε
721 1015 835 1080 petatur,
854 1009 963 1078 proinde
977 1009 1000 1062 is
1014 1025 1076 1064 ven-

275 1075 353 1128 ditori
377 1075 532 1128 denuntiare
555 1075 634 1130 debet
650 1081 729 1144 atque
745 1079 768 1132 is
786 1093 803 1130 a
821 1093 873 1144 quo
890 1091 951 1144 pars
969 1077 1075 1144 petitur.

237 1191 239 1196 .
309 1141 348 1198 50
371 1141 516 1196 Urrrerus
530 1143 597 1196 libro
616 1145 737 1198 vicesimo
752 1147 846 1214 patrato
861 1147 897 1196 aa
910 1143 1023 1198 edictam
1049 1143 1077 1196 Si

274 1209 384 1278 pignora
401 1215 513 1264 veneant
528 1225 577 1278 per
594 1211 756 1278 apparitores
773 1211 903 1280 praetoris
917 1215 993 1264 extra
1007 1209 1077 1264 ordi-

274 1291 334 1330 nem
352 1279 495 1330 sententias
513 1285 667 1344 sequemet,
693 1295 768 1334 nemo
786 1293 911 1345 umquam
929 1278 995 1331 dixit
1011 1277 1076 1330 dan-

275 1343 336 1396 dam
352 1345 381 1396 in
398 1359 443 1398 ees
461 1345 591 1396 actionem
608 1361 637 1398 re
654 1345 751 1400 evicta:
774 1345 822 1398 sed
845 1345 874 1396 si
891 1345 950 1398 dolo
968 1361 1023 1398 rem
1039 1345 1077 1398 vi-

274 1411 333 1464 liori
350 1411 434 1480 pretio
452 1411 627 1480 proiecerunt,
644 1417 708 1468 tunc
726 1415 758 1468 de
772 1413 833 1466 dolo
849 1411 918 1464 actio
936 1411 1014 1464 datur
1030 1411 1077 1466 ad-

275 1495 365 1530 versus
384 1495 428 1532 eos
446 1479 550 1532 domine
569 1480 613 1534 rei.

292 1545 345 1600 -51
366 1545 445 1598 luen
460 1547 526 1600 libro
545 1549 703 1618 octopcsirao
721 1547 758 1600 cri
773 1547 888 1600 edictum
923 1545 950 1600 Si
968 1563 1015 1614 per
1029 1547 1077 1600 im·

273 1613 441 1682 prudentiam
457 1613 550 1666 iudicis
568 1623 615 1666 aut
632 1631 747 1668 errorem
761 1617 866 1678 emptor
878 1613 918 1666 rei
929 1615 1014 1674 dctus
1029 1619 1077 1678 est,

274 1695 399 1746 negamus
416 1681 531 1732 auctoris
550 1681 674 1734 damnum
686 1695 748 1734 ,esse
766 1681 874 1734 debere:
893 1685 940 1732 aut
957 1681 1020 1748 quid
1036 1695 1078 1732 re-

273 1747 333 1810 fert,
351 1747 474 1800 sordibus
490 1747 584 1802 iudicis
602 1765 637 1802 an
654 1747 766 1802 stultitia
781 1761 823 1798 res
841 1747 966 1814 perierit?
983 1747 1080 1800 iniuria

274 1815 356 1878 enirn,
374 1829 442 1882 quae
458 1815 489 1866 iit
506 1817 630 1882 empturi,
657 1819 791 1870 auctorem
809 1829 863 1868 non
880 1815 959 1870 debet
977 1815 1077 1868 contin·

275 1887 286 1934 ι
323 1897 392 1950 gere.
429 1883 457 1936 Si
473 1883 559 1936 Titius
578 1885 696 1936 Stichum
716 1887 905 1948 postmortem
923 1883 1078 1936 suamlibe-

273 1965 333 2002 rum
350 1965 407 2002 esse
420 1951 521 2004 iussum
535 1951 688 2014 vendiderit,
703 1955 807 2002 mortuo
822 1949 917 2002 deinde
933 1965 963 2004 eo
973 1949 1079 2004 Stichus

273 2017 308 2070 ad
325 2017 473 2076 libertatem
489 2019 652 2086 pervenerit,
677 2033 711 2068 an
735 2017 870 2086 stipulatio
896 2017 928 2074 de
952 2017 1080 2072 evictione

272 2085 429 2152 interposita
445 2087 553 2140 teneat?
578 2091 605 2140 et
622 2083 660 2136 ait
676 2083 795 2138 lulianus
820 2086 946 2138 committi
968 2085 1079 2152 stipula-

273 2153 384 2206 tionem:
408 2155 525 2224 quamvis
551 2155 624 2206 enim¹
638 2151 743 2204 Τιιιιιε3
767 2153 818 2206 hoo
842 2169 906 2206 casu
930 2153 1080 2206 denuntiari

272 2237 321 2290 pro
340 2223 466 2276 evictione
483 2237 538 2274 non
560 2221 703 2288 potuisset,
728 2219 819 2272 heredi
841 2225 930 2272 tamen
954 2221 1011 2274 eius
1034 2221 1079 2274 de-

272 2295 288 2342 2
322 2289 438 2342 nuntiari
461 2287 618 2358 petuissett
653 2287 682 2340 st
705 2287 763 2356 quis
787 2288 876 2342 locum
892 2287 1038 2342 vendiderit
1055 2293 1080 2342 et

271 2357 339 2410 idem
362 2359 483 2410 venditor
506 2357 540 2410 ab
563 2355 661 2410 herede
685 2371 732 2410 suo
755 2357 891 2410 voluntate
909 2357 1035 2424 emptoris
1052 2357 1080 2410 in

272 2441 303 2480 eo
322 2425 441 2494 sepultus
457 2425 550 2488 fuerit,
575 2425 645 2478 actio
663 2425 696 2476 de
713 2425 840 2478 evictione
857 2425 1003 2478 intercidit:
1028 2425 1080 2478 hoc

272 2497 288 2548 3
323 2509 388 2546 casu
405 2491 474 2546 enim
491 2497 594 2558 emptor
610 2491 798 2560 proprietatem
815 2491 924 2544 amittet.
955 2491 1016 2546 Non
1031 2491 1079 2544 mi·

272 2577 332 2614 rum
350 2563 438 2612 autem
455 2563 504 2622 est,
524 2565 552 2610 ut
571 2557 654 2610 evicto
671 2559 776 2610 homine
794 2557 826 2610 de
845 2559 973 2612 auctione
989 2565 1079 2612 tenea-

272 2635 316 2680 tur
332 2627 416 2690 heres,
436 2627 552 2694 quamvis
572 2623 712 2678 defunctus
730 2641 783 2678 non
802 2625 920 2680 similiter
936 2627 1017 2680 fuerit
1032 2629 1079 2684 cb,-

272 2695 392 2758 strictus,
419 2711 479 2748 cum
497 2699 523 2746 et
539 2693 598 2746 aliis
617 2693 773 2760 quibusdam
791 2693 897 2748 casibus
913 2693 1016 2762 plenior
1034 2695 1080 2748 ad·

271 2777 362 2814 versus
380 2761 503 2814 heredem
519 2761 561 2814 vel
578 2761 669 2814 heredi
687 2767 819 2830 competat
836 2761 976 2828 obligatio,
1001 2777 1080 2830 quarn

272 2829 444 2897 competierat
467 2827 606 2884 defuncto:
633 2833 663 2880 ut
686 2843 747 2882 cum
768 2845 860 2884 servus
882 2833 945 2896 post
970 2833 1081 2882 mortem

272 2897 397 2964 emptoris
419 2899 495 2950 heres
518 2897 656 2950 institutus
681 2903 720 2950 est
743 2897 870 2964 iussuque
887 2895 990 2950 heredis
1007 2911 1079 2964 emp-

272 2965 336 3018 toris
347 2965 411 3016 adiit
418 2965 605 3024 hereditatem:
621 2979 684 3016 nam
692 2965 795 3018 actione
806 2981 838 3016 ex
848 2969 935 3032 empto
944 2969 1081 3032 praestare

273 3031 366 3086 dehet⁵
383 3031 570 3096 hereditatem,
588 3031 705 3100 quamvis
724 3031 848 3086 defuncto
866 3031 893 3084 in
909 3031 960 3086 hoc
977 3037 1081 3084 tantum

272 3103 288 3152 4
321 3099 372 3154 tuit
382 3101 453 3154 utilis
470 3105 606 3168 exempto
623 3101 702 3166 actio,
716 3105 747 3154 ut
761 3115 852 3154 servus
868 3099 1025 3154 mederetur.
1052 3099 1081 3154 st

266 3167 360 3236 ,plures
369 3169 432 3220 mihi
446 3169 601 3222 insolidum
616 3185 665 3236 pre
681 3169 807 3222 evictione
822 3173 972 3232 teneantur,
987 3167 1081 3222 deinde

271 3241 333 3302 post
348 3235 503 3290 evictionem
517 3253 576 3290 cum
591 3253 644 3290 uno
659 3235 734 3290 fuero
751 3241 883 3304 expertus,
898 3235 921 3288 si
935 3251 1011 3304 agam
1021 3251 1081 3288 cum

272 3303 377 3368 ceteris,
401 3305 555 3372 exceptione
577 3319 618 3358 me
637 3307 711 3358 esse6
728 3303 908 3372 repellendum
924 3301 1016 3356 Labeo
1035 3303 1080 3356 ait,

305 3367 345 3428 52
362 3371 444 3424 lanu
455 3373 523 3426 libro
539 3371 963 3444 octogesimcprimcadediotum
990 3369 1080 3424 Scien-

272 3437 335 3492 dum
351 3445 393 3494 est
409 3439 474 3494 nihil
491 3441 632 3506 interesse,
656 3455 690 3496 ex
711 3455 764 3508 qua
782 3455 864 3494 causa
881 3439 979 3508 duplae
996 3439 1080 3510 stipu-

270 3505 335 3560 latio
352 3507 432 3562 tuerit
449 3509 614 3574 interposita,
633 3513 720 3562 utrum
738 3523 771 3562 ex
789 3523 872 3562 causa
889 3507 1028 3576 emptionis
1046 3523 1081 3560 an

272 3589 305 3628 err
323 3575 383 3638 alia,
401 3581 432 3628 ut
450 3577 579 3628 committi
594 3577 688 3644 possit.

305 3637 344 3698 53
362 3643 482 3694 Plutus
503 3643 571 3694 libro
595 3643 791 3712 scptucpcsimc
814 3643 926 3712 septimo
950 3641 987 3694 cd
1010 3641 1080 3694 edic·

271 3713 327 3760 tam
362 3709 391 3760 Si
398 3709 481 3760 fundo
491 3709 590 3762 tradito
599 3725 662 3776 pars
678 3709 822 3772 evincatur,
837 3709 861 3762 si
874 3709 978 3776 singula
991 3707 1081 3776 iugera

270 3775 399 3828 venierint
422 3781 495 3828 certo
516 3775 616 3842 pretio,
640 3781 705 3828 tunc
727 3793 781 3830 non
803 3791 852 3844 pro
876 3775 1009 3838 bonitate,
1034 3775 1081 3828 sed

272 3843 365 3910 quanti
389 3841 491 3910 singula
514 3843 643 3896 venierint
666 3859 734 3912 quae
757 3843 842 3896 evicta
866 3841 978 3906 inerim,
1001 3859 1080 3910 prae·

271 3909 402 3974 standum,
421 3911 523 3964 etiamsi
542 3925 573 3964 ea
591 3925 659 3978 quae
675 3911 784 3964 meliora
800 3911 900 3964 fuerint
918 3911 1002 3964 evicta
1019 3911 1080 3964 sint

274 3983 285 4030 1
299 4029 300 4032 ,
322 3979 350 4030 Si
368 3993 428 4036 eum
444 3977 530 4056 possit
548 3985 651 4048 emptor
665 3979 768 4032 auctori
782 3979 947 4042 denuntiare,
965 3993 1020 4030 non
1035 3979 1080 4032 dc-

271 4045 419 4100 nuntiasset
442 4045 581 4114 1demque⁷
597 4045 683 4100 victus
706 4045 815 4110 fuisset,
839 4047 964 4114 quoniam
986 4061 1081 4114 parum

270 4115 415 4168 instructus
440 4119 523 4178 esset,
546 4113 598 4168 hoo
615 4113 673 4180 ipsc
691 4111 795 4168 videtur
813 4113 873 4168 dolo
890 4113 987 4168 iecisse
1004 4119 1031 4168 et
1049 4129 1082 4168 ex

272 4183 306 4236 sti
325 4181 402 4234 ulatu
418 4195 495 4250 agere
512 4197 568 4234 non
584 4185 681 4248 potest.

305 4197 346 4306 54
368 4249 459 4304 Gerus
480 4249 547 4302 libro
571 4249 693 4302 uicesimo
716 4255 809 4302 octavo
833 4249 871 4302 cd
887 4249 1001 4304 edictum
1012 4265 1080 4318 prc-

271 4315 384 4372 abactae
417 4315 468 4382 Qui
485 4315 598 4368 alienam
614 4331 670 4368 rem
686 4315 817 4378 vendidit,
840 4321 903 4384 post
925 4315 997 4384 longi
1013 4323 1079 4370 tenr-

271 4383 344 4452 peris
368 4383 602 4450 praescriptionem
625 4381 666 4436 vel
683 4381 874 4450 usucapionem
893 4383 990 4438 desinit
1006 4399 1080 4450 emp-

274 4459 285 4504 1
323 4451 375 4504 teri
401 4451 484 4504 teneri
508 4451 540 4504 de
564 4451 699 4504 evictione.
735 4449 763 4502 Si
785 4449 864 4504 heres
887 4451 1080 4516 statuliberum‚

272 4519 318 4588 qui
335 4517 384 4572 sub
403 4517 559 4572 condicione
575 4519 704 4588 pecuniae
721 4517 825 4570 dandae
839 4517 906 4572 fiber
920 4533 979 4572 esse
992 4519 1080 4572 iussus

272 4591 326 4650 est,
350 4585 496 4638 vendiderit
519 4591 545 4640 et
568 4585 695 4640 maiorem
716 4585 858 4654 pecuniam
879 4585 907 4638 in
926 4585 1081 4640 condicione

272 4669 331 4708 esse
348 4653 443 4706 dixerit
460 4667 539 4720 quam
558 4653 621 4708 dare
638 4653 680 4706 ει8
696 4653 783 4706 iussus
802 4657 857 4716 cst,
880 4669 913 4706 ex
936 4659 1023 4722 empto
1040 4657 1080 4706 te·

272 4727 363 4786 netur,
387 4721 504 4774 simodo
521 4723 584 4774 talis
602 4727 642 4774 est
666 4719 800 4784 condicio,
822 4725 855 4772 ut
877 4721 912 4772 ad
936 4725 1080 4788 emptorem

271 4789 405 4852 transiret,
422 4787 450 4840 id
464 4793 505 4840 est
517 4789 540 4840 si
553 4787 645 4840 heredi
659 4789 723 4842 dare
736 4787 824 4840 iussus
840 4791 881 4840 εει
895 4803 999 4840 servus:
1018 4803 1080 4840 nam

272 4857 294 4908 si
311 4855 357 4908 alii
374 4855 438 4908 dare
454 4855 557 4920 iussus,
583 4855 700 4924 quamvis
722 4869 811 4906 veram
827 4855 957 4922 pecuniae
975 4855 1080 4924 quanti-
1099 4879 1100 4882 ¹

272 4927 354 4978 tatem
377 4921 485 4986 dixerit,
509 4927 612 4988 tamen,
636 4923 659 4976 ει
683 4939 737 4976 non
759 4921 927 4974 admonuerit
948 4921 994 4974 elii
1016 4921 1081 4976 dare

271 4991 381 5054 iussum,
400 4989 534 5044 evictionis
553 4989 658 5044 nomine
676 4989 816 5042 tenebitur.

306 5055 345 5114 55
370 5057 515 5112 [ineramus
535 5057 603 5110 libro
627 5057 744 5110 secccdc
767 5057 806 5110 cd
821 5057 936 5110 edictam
953 5055 1080 5110 ecditiam

272 5125 405 5178 carutium
440 5123 549 5178 simeo
575 5129 669 5178 contra
693 5127 835 5192 emptorem
858 5121 1005 5176 iudicatum
1031 5127 1080 5188 est,

272 5193 344 5258 quod
361 5191 458 5256 defuit,
476 5209 531 5246 nen
548 5191 720 5244 committitur
737 5189 887 5260 stipulatio:
911 5205 954 5242 ma
973 5191 994 5242 's
1011 5191 1080 5248 enim

271 5263 381 5326 propter
404 5259 552 5312 absentiam
575 5257 662 5312 victus
679 5257 780 5312 videtur
798 5275 878 5326 quam
895 5275 947 5326 quo
983 5257 1080 5310 malam

272 5339 381 5378 causam
395 5327 497 5380 habuit.
525 5325 588 5394 quid
604 5341 673 5392 erge,
689 5325 710 5378 si
722 5325 765 5380 ille
781 5325 886 5394 quidem
901 5329 1081 5392 cenaequem

270 5389 414 5444 iudicatum
432 5401 472 5446 est
495 5393 530 5446 ad
552 5391 677 5446 iudicium
701 5407 754 5446 non
776 5391 877 5456 adfuit,
901 5393 969 5446 alius
992 5397 1080 5446 autem

272 5457 358 5512 adfuit
381 5463 407 5512 et
431 5475 538 5512 causam
563 5459 629 5526 egit:
653 5461 715 5528 quid
740 5461 875 5512 dicemus?
900 5465 931 5512 ut
952 5467 1017 5528 puta
1034 5475 1080 5512 ac·

272 5531 379 5594 ceptum
396 5527 501 5592 quidem
519 5543 580 5580 cum
596 5527 697 5596 pupillo
714 5533 804 5580 tutore
821 5533 932 5580 auctore
945 5529 998 5580 tuit
1010 5527 1080 5580 iudi-

272 5701 302 5764 (ι)
321 5697 451 5764 quamdel.
521 5699 553 5758 (ε)
572 5697 684 5748 siom.F
739 5701 769 5762 (ε)
788 5699 926 5750 Titiodett.
988 5702 1017 5761 (n
1036 5715 1081 5764 po·

273 5767 421 5820 tuisseHci.
491 5767 522 5826 (5)
541 5765 681 5818 hereditas.
743 5773 775 5830 (ι)
794 5767 906 5818 :nesseF
962 5771 995 5832 (ι)
1013 5767 1081 5818 ideo-

947 453 952 460 ,
1052 349 1133 466 tm

1632 367 1677 416 DE
1697 367 1929 418 trvlcrtetussds

1127 537 1209 604 cium,
1228 539 1276 592 sed
1292 539 1402 592 absente
1418 537 1518 608 pupillo
1535 543 1608 592 tutor
1625 551 1734 592 cansam
1752 537 1803 604 egit
1820 541 1847 588 et
1863 537 1928 590 iudi-

1127 611 1215 660 catum
1232 613 1272 660 est
1289 611 1384 664 eontm
1399 611 1527 660 tutorem:
1551 621 1633 676 quare
1654 619 1709 662 non
1726 605 1841 662 dicemus
1859 619 1928 658 com-

1125 673 1194 726 mitti
1207 673 1420 742 stipulationem?
1444 675 1539 728 etenim
1552 679 1639 726 aotam
1655 687 1713 726 esse
1727 687 1835 726 causam
1843 671 1929 740 palam

1127 745 1176 794 εει.
1202 747 1230 794 ει
1246 741 1311 794 satis
1329 747 1370 794 εει
1392 741 1426 794 ab
1450 757 1481 796 eo
1505 741 1548 794 oui
1570 741 1611 794 ius
1634 739 1728 808 agenffi
1750 739 1801 792 fuit
1823 755 1929 794 eausam

1129 813 1140 860 1
1178 823 1235 862 esse
1260 813 1356 862 actam.
1399 807 1536 862 Praesenti
1567 813 1654 862 autem
1676 805 1806 862 venditori
1831 805 1929 860 denun-

1126 875 1245 928 tiandum
1263 883 1316 928 est:
1336 877 1390 930 sive
1404 883 1493 934 autern
1503 875 1582 940 absit,
1598 875 1652 930 sive
1662 889 1788 944 praeseus
1801 873 1835 928 sit
1847 879 1874 928 et
1883 891 1931 944 per

1127 959 1186 996 eum
1194 943 1242 996 fiat
1250 959 1302 1010 quo
1311 943 1398 996 minus
1406 943 1583 1006 denuntietru,
1598 943 1774 996 corntdttetur
1788 935 1929 1010 stipulatii.

1162 1007 1202 1066 56
1220 1009 1338 1064 Pectus
1353 1011 1420 1064 labro
1438 1011 1554 1064 secundo
1569 1009 1607 1062 cd
1619 1013 1733 1064 edictum
1748 1009 1872 1062 aedilium
1887 1027 1930 1064 cu-

1127 1077 1227 1130 ralium
1261 1075 1289 1130 Si
1306 1077 1408 1132 dictum
1424 1077 1505 1130 fuerit
1527 1075 1677 1142 vendendo,
1702 1083 1733 1130 ut
1755 1077 1848 1144 simpla
1870 1093 1930 1144 pro-

1127 1145 1263 1208 mittatur,
1286 1145 1329 1198 vel
1345 1145 1452 1212 triplum
1470 1151 1518 1198 aut
1534 1144 1711 1212 quadruplum
1727 1145 1931 1212 promitteretur,

1128 1227 1162 1264 ex
1184 1217 1270 1280 empto
1293 1219 1423 1280 perpetua
1447 1213 1551 1264 acdona
1574 1213 1617 1280 agi
1633 1211 1739 1280 poterit.
1765 1217 1931 1276 nontamen,

1128 1285 1159 1332 ut
1175 1279 1268 1348 vulgus
1286 1279 1418 1348 opinatur,
1437 1279 1515 1332 etiam
1530 1279 1660 1332 satisdare
1676 1279 1754 1332 debet
1764 1279 1810 1348 qui
1826 1277 1932 1348 duplam

1128 1347 1273 1414 premittit,
1297 1345 1344 1400 sed
1367 1345 1466 1402 sufficit
1487 1345 1562 1400 nuda
1583 1347 1764 1414 repromissis,
1789 1345 1840 1400 nisi
1862 1345 1932 1400 aliud

1131 1419 1142 1466 1
1179 1415 1338 1466 convenerit.
1373 1413 1402 1468 si
1424 1413 1628 1482 compromisero
1650 1417 1677 1468 et
1701 1419 1794 1468 conae
1811 1413 1933 1468 madata

1128 1479 1208 1534 fucrit
1225 1483 1370 1546 sententia,
1394 1481 1467 1534 nulla
1483 1481 1548 1534 mihi
1565 1481 1635 1534 actio
1652 1479 1685 1534 de
1703 1481 1829 1534 auctione
1847 1479 1934 1534 danda

1130 1555 1170 1600 est
1187 1547 1313 1600 adversus
1330 1549 1505 1602 venditorem:
1530 1549 1604 1600 nulla
1628 1549 1696 1602 euim
1713 1549 1872 1602 necessitate
1889 1563 1932 1602 oo·

1130 1619 1145 1666 2
1197 1621 1256 1666 ente
1274 1615 1302 1666 id
1318 1615 1378 1666 feci.
1412 1615 1444 1666 In
1466 1615 1635 1684 stipulatione
1658 1615 1755 1684 duplae
1779 1631 1839 1668 cum
1855 1615 1932 1668 homo

1129 1631 1250 1734 veniitm
1266 1681 1350 1758 partis
1367 1681 1479 1736 adiectio
1497 1681 1647 1734 necessaria
1664 1689 1719 1744 est,
1737 1681 1799 1750 quia
1816 1699 1870 1734 non
1886 1697 1933 1750 po-

1129 1753 1182 1802 test
1197 1747 1281 1800 videri
1296 1747 1375 1806 borne
1394 1747 1507 1812 evictus,
1532 1765 1592 1802 cum
1613 1765 1677 1816 pars
1700 1749 1757 1802 eius
1780 1749 1864 1802 evicta
1887 1755 1934 1802 est.

1130 1819 1145 1868 3
1181 1813 1221 1880 Si,
1246 1831 1306 1870 cum
1329 1813 1413 1884 possit
1438 1831 1489 1870 usu
1515 1831 1610 1882 capere
1635 1831 1676 1870 em
1694 1819 1752 1880 tor,
1777 1831 1831 1870 non
1858 1817 1934 1884 cepit,

1130 1881 1350 1950 capescente
1373 1881 1470 1936 iecisse
1491 1883 1607 1936 videtur:
1631 1831 1702 1938 uncie
1725 1881 1749 1936 si
1772 1883 1872 1936 evictus
1895 1889 1936 1936 εει

1130 1955 1146 2002 4
1181 1965 1284 2014 servum
1307 1965 1362 2002 non
1379 1955 1483 2004 tenetur
1499 1949 1627 2002 venditor.
1663 1949 1692 2004 Si
1712 1955 1852 2020 praesente
1874 1965 1935 2018 pro-

1130 2017 1240 2070 missore
1263 2017 1308 2086 qui
1331 2017 1363 2070 de
1387 2017 1514 2070 evictione
1536 2017 1656 2086 promisit
1679 2023 1706 2072 ει
1727 2033 1782 2070 non
1798 2017 1936 2086 ignorante

1130 2083 1297 2152 procuratori
1322 2083 1505 2138 denuntiatum
1530 2087 1578 2148 sit,
1610 2085 1755 2152 promissor
1781 2083 1862 2140 nihilo
1888 2085 1935 2138 mi-

1131 2157 1146 2204 5
1181 2167 1231 2206 nus
1259 2157 1372 2206 tenetur.
1409 2151 1491 2206 Simili
1511 2151 1590 2206 modo
1612 2157 1717 2206 tenetur
1741 2157 1767 2206 et
1789 2153 1833 2220 qui
1859 2167 1935 2206 cura-

1131 2223 1146 2272 6
1180 2221 1224 2284 vit,
1242 2233 1276 2272 ne
1293 2219 1344 2272 sibi
1361 2221 1511 2272 denuntiari
1525 2219 1617 2290 possit.
1652 2219 1704 2272 Sed
1719 2221 1782 2272 etsi
1796 2219 1935 2274 nihilven-

1130 2287 1215 2342 ditore
1238 2287 1353 2342 faciente
1372 2293 1473 2356 emptor
1491 2301 1649 2356 cognoscere
1666 2287 1713 2340 ubi
1731 2291 1801 2340 esset
1817 2303 1872 2340 non
1888 2303 1935 2356 po-

1131 2359 1146 2408 7
1180 2355 1245 2422 tuit,
1262 2355 1344 2410 nihilo
1361 2355 1448 2410 minus
1466 2353 1638 2410 committimur
1654 2355 1798 2424 stipulatio.
1832 2355 1936 2424 Pupillo

1131 2423 1211 2476 etiam
1235 2425 1293 2478 sine
1318 2425 1413 2478 tutoris
1439 2425 1599 2476 auctoritate
1623 2437 1702 2492 posse
1727 2423 1888 2488 denuntiari,
1915 2425 1938 2476 si

1130 2497 1203 2546 tutor
1220 2509 1275 2546 non
1292 2497 1418 2560 apparet,
1444 2509 1477 2546 ex
1499 2491 1596 2560 duplae
1613 2491 1782 2560 stipvdatione
1799 2491 1937 2560 benignius

1131 2575 1192 2612 rece
1212 2565 1269 2612 tum
1286 2575 1345 2614 esse
1362 2558 1503 2613 Trebatius
1522 2561 1568 2612 ait.

1166 2575 1210 2682 si
1226 2625 1318 2680 Gerus
1339 2627 1406 2680 libro
1430 2627 1545 2680 secando
1564 2627 1601 2680 cri
1617 2627 1731 2682 caretum
1749 2623 1875 2680 ccdib‘rtm
1892 2641 1938 2680 ca-

1130 2695 1230 2746 rutium
1263 2695 1369 2748 Habere
1392 2695 1471 2746 licere
1492 2709 1549 2746 rem
1565 2695 1668 2748 videtur
1687 2695 1806 2764 empt0r⁹
1823 2697 1850 2746 et
1867 2693 1937 2758 siis,

1131 2761 1235 2830 quiem
1254 2767 1338 2816 tcrem
1355 2761 1384 2814 in
1401 2761 1530 2814 evictione
1547 2761 1587 2814 rei
1608 2761 1713 2826 vicerit,
1739 2767 1800 2816 ante
1823 2761 1938 2814 ablatam

1130 2829 1223 2884 veleb
1242 2833 1332 2882 uotam
1348 2845 1403 2882 rem
1421 2827 1476 2884 sine
1494 2845 1647 2884 successere
1670 2829 1825 2892 decesserit,
1848 2827 1887 2882 ita
1908 2833 1939 2882 ut

1131 2911 1218 2964 neque
1241 2897 1277 2950 ad
1298 2897 1393 2960 fiscum
1415 2897 1487 2950 bona
1509 2897 1646 2964 pervenire
1661 2897 1766 2966 possint
1782 2911 1868 2962 neque
1884 2895 1938 2964 pri-

1130 2965 1211 3018 vatim
1229 2981 1245 3016 a
1263 2963 1436 3018 creditoribus
1454 2965 1578 3018 ᾱιειιειιε
1602 2971 1666 3018 tunc
1691 2965 1759 3018 enim
1775 2965 1850 3018 nulla
1868 2979 1938 3018 com-

1130 3031 1198 3100 petit
1215 3031 1328 3100 emptori
1345 3047 1377 3086 ex
1395 3031 1523 3100 stipulatu
1540 3031 1626 3096 actio,
1649 3033 1712 3100 quia
1728 3049 1784 3086 rem
1799 3031 1898 3084 habere
1916 3031 1940 3084 ei

1133 3105 1145 3152 1
1181 3100 1251 3154 licet.
1287 3099 1364 3166 Quod
1382 3115 1442 3154 cum
1457 3099 1497 3154 ita
1514 3105 1563 3166 est,
1580 3099 1723 3164 videamus,
1741 3115 1806 3154 num
1823 3103 1848 3152 et
1865 3099 1888 3154 si
1904 3099 1938 3152 ab
1967 3111 1969 3118 ¹

1133 3181 1164 3220 eo
1191 3169 1237 3236 qui
1263 3167 1356 3220 vicerit
1381 3169 1479 3220 donata
1503 3167 1622 3238 legatave
1646 3183 1689 3222 res
1715 3167 1796 3222 fuerit
1821 3167 1939 3236 emptori,

1131 3249 1164 3288 ae
1181 3251 1216 3290 ue
1233 3235 1373 3296 dicendum
1391 3235 1425 3290 sit
1442 3249 1474 3288 ex
1490 3235 1620 3304 stipulatu
1637 3235 1769 3290 actionem
1785 3251 1839 3288 non
1856 3235 1939 3298 nasei,

1132 3253 1233 3356 soiiicet
1250 3303 1273 3356 ει
1290 3307 1433 3372 antequam
1450 3301 1595 3358 abduceret
1611 3303 1652 3358 vel
1669 3301 1787 3358 auferret
1805 3301 1940 3356 donaverit

1131 3375 1179 3424 aut
1195 3371 1332 3440 legaverit:
1358 3371 1475 3440 alioquin
1492 3373 1573 3426 semel
1590 3371 1731 3426 commissa
1748 3371 1881 3440 stipulatio
1898 3385 1939 3424 re·

1132 3439 1198 3492 solvi
1215 3455 1268 3494 non
1286 3443 1383 3508 potest.

1166 3503 1206 3564 58
1223 3507 1393 3562 inroratus
1408 3507 1475 3562 libro
1484 3509 1578 3578 primo
1592 3523 1629 3562 cx
1643 3505 1753 3562 Plautio
1786 3507 1870 3562 Heres
1885 3521 1939 3560 ser-

1131 3591 1194 3630 vum
1215 3591 1270 3628 non
1293 3575 1449 3630 nominatim
1465 3575 1582 3644 legatum
1598 3573 1707 3630 tradidit
1725 3579 1753 3628 et
1770 3575 1802 3628 de
1820 3575 1881 3628 dolo
1898 3589 1939 3628 re·

1131 3643 1263 3710 promisit:
1287 3649 1383 3712 postea
1406 3659 1497 3696 servus
1521 3643 1621 3696 evictus
1646 3649 1694 3696 est.
1721 3657 1799 3712 agere
1817 3659 1877 3696 cum
1893 3641 1939 3694 he·

1132 3709 1195 3762 rede
1212 3709 1354 3778 legatarius
1373 3727 1406 3764 ex
1421 3715 1581 3764 testamento
1599 3711 1710 3788 poterit,
1729 3709 1847 3778 quamvis
1864 3709 1941 3762 heres

1132 3775 1247 3830 alienum
1265 3793 1323 3832 esse
1340 3793 1445 3832 servum
1460 3775 1628 3844 ignoraverit.

1166 3841 1206 3900 59
1223 3843 1395 3898 Ponrocrcs
1415 3843 1483 3898 libro
1505 3845 1622 3898 semaco
1645 3861 1683 3898 ccc
1704 3843 1814 3898 Plautio
1847 3843 1876 3898 Si
1898 3859 1940 3898 res

1132 3927 1212 3980 quam
1229 3927 1245 3964 a
1263 3911 1334 3966 Titio
1352 3913 1430 3970 emil
1462 3917 1507 3966 ata
1524 3913 1559 3966 sit
1577 3927 1593 3964 a
1609 3929 1663 3976 me,
1688 3927 1743 3966 non
1765 3917 1854 3980 potest
1870 3911 1940 3982 lega-

1131 3979 1217 4034 tarius
1241 3983 1388 4034 conventus
1406 3995 1422 4032 a
1458 3981 1552 4034 omino,
1563 3979 1601 4032 rei
1617 3979 1748 4036 venditori
1763 3995 1821 4034 meo
1840 3979 1940 4034 denun-

1131 4045 1213 4114 tiare,
1238 4047 1290 4102 nisi
1316 4063 1407 4106 cessae
1433 4047 1457 4102 ei
1481 4047 1581 4102 fuerint
1604 4049 1730 4102 actiones.
1763 4047 1804 4102 vel
1827 4047 1940 4116 quodam

1133 4129 1197 4168 casu
1214 4115 1377 4184 hypothecas
1395 4115 1485 4168 habet.

1167 4177 1206 4240 60
1233 4183 1402 4238 invocares
1423 4183 1492 4238 (τινα
1517 4183 1635 4236 secando
1660 4199 1698 4238 coc
1719 4181 1829 4238 Plautio
1864 4183 1893 4236 Si
1914 4183 1941 4234 in

1131 4249 1283 4304 venditione
1301 4249 1400 4304 dictum
1417 4267 1471 4304 non
1489 4249 1536 4314 sit,
1562 4255 1690 4318 quantum
1712 4251 1874 4304 venditorem
1891 4265 1939 4318 pro

1133 4317 1261 4372 evictione
1278 4321 1416 4384 praestare
1433 4321 1564 4384 oporteat,
1582 4317 1647 4372 nihil
1660 4317 1783 4372 venditor
1795 4315 1941 4386 praestabit

1131 4389 1239 4454 practer
1262 4385 1383 4452 simplam
1406 4385 1542 4438 ειιοιιοιιιε
1567 4385 1672 4438 nomine
1695 4389 1722 4438 et
1745 4399 1778 4438 ex
1794 4391 1891 4438 natura
1909 4399 1940 4438 cx

1134 4467 1175 4506 ern
1193 4457 1221 4504 to
1240 4453 1353 4508 actionis
1370 4453 1423 4510 lroe
1441 4453 1512 4520 quod
1528 4453 1646 4504 interest.
1692 4505 1694 4510 ,

1189 4517 1204 4574 1
1224 4519 1404 4588 Macerinus
1424 4519 1492 4576 libro
1511 4525 1604 4574 octauo
1622 4519 1785 4588 digestorum
1820 4519 1848 4572 Si
1871 4517 1941 4588 quod

1132 4603 1149 4640 a
1166 4591 1192 4642 te
1211 4587 1260 4640 emi
1279 4593 1305 4640 et
1323 4587 1392 4642 Titio
1409 4585 1523 4652 vendidi,
1541 4585 1677 4640 voluntate
1694 4603 1755 4642 mea
1771 4587 1840 4642 Titio
1859 4587 1940 4642 tradi·

1132 4655 1211 4718 deris,
1229 4655 1262 4708 de
1280 4655 1410 4708 evictione
1427 4659 1454 4708 te
1471 4655 1535 4708 mihi
1550 4655 1648 4718 teneri,
1667 4653 1747 4708 sicuti
1763 4655 1786 4708 si
1803 4661 1941 4724 acceptam

1131 4737 1188 4774 rem
1205 4723 1381 4786 tradidissem,
1398 4723 1494 4792 placet.

1167 4785 1206 4846 62
1227 4789 1336 4842 Onasus
1355 4789 1422 4844 libro
1447 4791 1569 4844 uicesimo
1586 4805 1615 4840 sc
1635 4789 1698 4842 tirno
1715 4789 1880 4858 clipeatorum
1914 4787 1941 4840 Si

1131 4859 1187 4910 rem
1205 4871 1274 4924 quae
1291 4855 1364 4924 apud
1380 4861 1407 4910 te
1431 4861 1500 4910 esset
1522 4855 1601 4910 vendi
1621 4857 1698 4910 'sem
1719 4855 1781 4910 tibi:
1808 4855 1870 4936 quia
1892 4871 1939 4924 pro

1131 4923 1230 4978 hadita
1247 4923 1368 4988 habetur,
1388 4923 1524 4978 cuononis
1541 4925 1647 4978 nemim
1663 4927 1711 4976 ma
1721 4923 1830 4990 obligari
1844 4923 1939 4992 placet.

1133 4997 1146 5044 1
1182 4991 1211 5044 Si
1228 4991 1252 5044 ei
1270 4991 1315 5058 qui
1331 4991 1396 5044 mihi
1412 4991 1529 5044 vendidit
1545 4993 1634 5060 plures
1651 4989 1761 5044 heredes
1775 4991 1939 5052 exstiterunt,

1130 5073 1186 5110 una
1204 5059 1236 5112 de
1254 5059 1388 5110 evicticne
1401 5057 1525 5124 obligatio
1544 5063 1585 5110 est
1601 5057 1774 5126 omnibusque
1792 5057 1940 5112 denuntiari

1132 5131 1160 5180 et
1176 5139 1267 5178 omnes
1286 5123 1426 5178 defendere
1444 5125 1554 5180 debent:
1578 5125 1601 5178 si
1624 5125 1656 5178 de
1679 5125 1809 5178 industrie
1825 5141 1880 5178 non
1896 5139 1938 5178 ve·

1130 5193 1219 5248 nerint
1235 5193 1264 5246 in
1281 5191 1452 5258 indicunt,
1475 5209 1544 5246 unus
1562 5197 1651 5246 tamen
1669 5207 1702 5246 ex
1718 5191 1742 5246 is
1758 5193 1799 5246 liti
1815 5191 1938 5254 substitit,

1131 5265 1241 5328 propter
1265 5259 1470 5314 denuntiationis
1486 5261 1602 5326 vigorem
1620 5263 1647 5314 et
1663 5259 1828 5326 praedictam
1846 5261 1938 5314 absen-

1130 5327 1196 5380 tiam
1214 5327 1335 5380 omnibus
1351 5325 1434 5380 vincit
1451 5329 1499 5380 aut
1514 5327 1636 5392 vincitur,
1653 5331 1780 5394 recteque
1797 5341 1858 5380 cum
1871 5333 1938 5382 oete-

1132 5397 1146 5446 2
1181 5395 1218 5446 ris
1235 5409 1326 5460 agam,
1350 5393 1422 5462 quod
1445 5395 1581 5446 evictionis
1604 5395 1710 5446 nomine
1732 5393 1795 5446 victi
1817 5395 1878 5448 sint.
1913 5391 1939 5446 Si

1131 5461 1251 5524 fundum,
1265 5461 1294 5512 in
1310 5475 1362 5530 quo
1376 5475 1442 5514 usus
1456 5461 1560 5514 tructus
1574 5461 1639 5514 Titii
1652 5467 1718 5526 erat,
1734 5461 1779 5530 qui
1793 5461 1818 5514 ei
1832 5461 1938 5516 relictus

1133 5533 1174 5580 est
1191 5527 1281 5596 quoad
1297 5531 1380 5594 vivet,
1405 5527 1524 5582 decocto
1547 5545 1599 5582 usu
1622 5527 1712 5584 fructu
1729 5529 1862 5596 ignorami
1877 5527 1939 5582 mihi

1133 5699 1250 5764 qneHcl.
1322 5701 1355 5762 (8)
1373 5701 1398 5750 ei
1407 5701 1454 5750 dcl.
1514 5701 1548 5764 (ε)
1568 5701 1674 5764 emptori
1683 5701 1738 5752 edd.
1800 5701 1845 5764 (ιι)
1863 5699 1939 5750 ceteri

1133 5767 1277 5818 camBias.
