4366 6258
1627 355 1742 404 cousi.
1767 349 1934 404 rodonuo

286 367 399 416 consu.
422 369 528 416 arnum
1064 349 1160 414 XXII

285 531 423 586 ordinariis
447 547 496 586 noo
520 547 573 586 11011
595 529 708 600 publicis
731 531 898 596 criminibus,
921 531 965 598 qui
982 547 1086 586 omnem
1136 525 1264 596 τημάτων
1287 521 1356 600 άπερ
1379 521 1504 578 ἰδιωτικὰ
1528 521 1667 586 καλοῦσιν,
1694 517 1745 576 dou
1768 545 1797 578 τε
1820 517 1878 588 cdxl
1901 543 1935 576 re·

285 601 420 654 continent
437 601 601 654 severitatem
615 613 762 666 poenarum
779 615 813 656 ne
827 597 1002 654 atrocitatem.
1028 599 1085 666 qui·
1136 599 1255 676 ταγμεῑνα
1271 591 1533 670 προσονομάζουσιν,
1556 585 1624 646 ἀλλά
1645 589 1696 658 τὴν
1718 595 1776 646 τοῖν
1793 593 1936 648 extraordi·

284 669 335 722 bos
352 667 483 734 permixte
500 673 606 722 suntet
623 679 656 720 ea
674 683 741 736 quae
759 615 792 722 δε
809 665 955 722 audacibus
972 667 1084 720 bomini·
1136 679 1231 718 narton
1248 659 1337 718 abacis
1354 661 1529 718 ἐπιτιθέασιν
1545 661 1716 744 ἐπωνυμίαν,
1739 655 1890 732 ἀναβαῖνον
1912 659 1937 716 u

286 737 353 790 bus¹
380 739 459 790 cauta
485 739 560 802 sunt,
590 733 635 802 qui
659 751 688 790 se
712 735 799 790 celare
823 739 953 790 conantur
974 739 1001 786 et
1022 749 1084 790 con·
1137 735 1182 784 ιιαί
1205 733 1242 784 cis
1262 729 1298 784 τά
1319 727 1437 800 δημόσιοι
1453 731 1512 784 τῶν
1529 727 1716 802 ἐγιίηματων,
1739 727 1809 802 ἅπερ
1827 727 1936 802 σφοδρά·

286 807 403 856 tumaces
426 801 557 856 existunt:
581 809 608 854 et
630 799 663 854 de
684 803 791 870 poeuis,
815 817 883 870 qnae
905 801 1086 856 condemnetis
1136 797 1207 850 τατά
1228 801 1261 850 τί
1279 801 1354 850 ἐστιν
1379 803 1425 850 καί
1450 795 1568 880 μεγάλην
1594 793 1638 848 t'
1667 795 1769 852 ἑαυτοῖς
1793 797 1869 850 πολεῖ
1893 797 1937 864 τὴν

285 869 439 938 infliguntur
455 869 497 922 tel
515 869 710 934 conceduntur,
728 885 777 924 nec
794 885 849 922 non
866 867 898 922 dc
915 883 1007 922 eorum
1023 869 1087 922 sub·
1137 863 1243 932 ποινήν.
1278 859 1601 934 rectractationum
1633 867 1763 918 ιταίιτοιι
1781 863 1815 934 δὴ
1829 865 1866 920 τά
1881 875 1938 936 περὶ

288 937 319 994 db
354 937 467 990 stantiis.
501 935 582 988 Liber
602 939 691 988 autom
707 935 847 1006 singularis
864 949 912 1004 pro
931 934 1087 1014 appellatio·
1136 933 1196 986 τῶν
1220 927 1422 1006 ἁμαρτημάτων
1447 953 1478 986 τε
1503 937 1548 986 καί
1575 931 1749 1006 ἐγκλημάτων
1775 937 1938 1006 συνέχουσιν·

287 1005 364 1058 uibus
392 1003 469 1058 nobis
497 1003 658 1072 excogitatus
686 1009 728 1058 est
751 1009 844 1060 contra
866 1009 1011 1058 secundas
1033 1009 1088 1058 tam
1138 1003 1389 1074 προσαναμίμιιιτοι
1411 997 1462 1072 γὰρ
1485 995 1575 1054 αὐτοῖς
1596 1003 1643 1052 ναί
1664 997 1700 1052 τὰ
1724 1007 1787 1076 περὶ
1811 1003 1870 1054 τῶν
1896 997 1936 1054 ἐπ’

287 1075 319 1126 oc
353 1071 440 1126 cirsses
458 1087 536 1138 quarn
554 1069 702 1126 criminales
720 1087 815 1126 causas
831 1071 961 1126 finientes.
994 1069 1089 1126 Cetera
1126 1063 1572 1152 1κλῆμσσιμένάλισιιομίνων,
1596 1065 1704 1120 ἑαυτοὺς
1727 1067 1758 1120 δὲ
1772 1063 1882 1140 ἀφανεῖς
1898 1091 1938 1120 κα-

287 1145 375 1192 autem
392 1139 487 1204 omnia,
506 1153 573 1208 quae
590 1139 625 1192 ad
641 1139 814 1208 municipales
830 1139 873 1192 vel
891 1137 924 1192 de
942 1137 1088 1192 decumani·
1138 1087 1308 1200 δισταντων,
1329 1141 1375 1186 παὶ
1391 1137 1438 1204 τῆς
1455 1155 1503 1190 ooo
1521 1155 1533 1192 s
1550 1131 1638 1190 circio
1654 1143 1814 1210 περιουσίας,
1838 1139 1938 1204 καὶτῆς

287 1207 337 1262 bus
356 1213 382 1260 et
398 1207 550 1260 munoribus
568 1207 608 1258 rol
625 1205 738 1276 publicis
757 1207 881 1276 operibus
903 1205 945 1260 rel
964 1205 1088 1260 nundinis
1139 1207 1304 1276 ἐπαγομένους
1323 1207 1379 1256 τοῖς
1400 1157 1668 1274 παταδεδινιασμενοιε
1691 1207 1783 1272 ποινῆε
1806 1201 1823 1272 ῆ
1845 1221 1877 1258 σο
1894 1225 1938 1270 χω,

287 1281 314 1328 ct
336 1273 570 1342 pollicitationibus
592 1278 619 1328 et
641 1275 749 1330 divers-is
772 1273 964 1342 cognitionibus
983 1279 1009 1328 et
1026 1289 1087 1326 cen·
1139 1273 1171 1328 oo
1206 1269 1314 1344 piccus.
1346 1263 1425 1342 Ἀρχὴ
1448 1269 1478 1324 di
1499 1267 1561 1342 ἡμῖν
1583 1273 1674 1346 ίτίρου
1696 1271 1804 1354 βιβλίου
1825 1271 1862 1326 π’
1892 1271 1939 1328 ri

288 1343 379 1396 sibus²
401 1343 441 1396 rel
464 1341 654 1410 significatione
675 1345 815 1396 verborum
832 1341 965 1396 veteribus
982 1341 1088 1396 inventa
1139 1345 1201 1414 περί
1217 1339 1277 1392 τῶν
1294 1339 1414 1410 spiceae
1429 1345 1533 1414 γίνεται
1554 1339 1642 1412 λόγος,
1665 1357 1754 1394 κοινοο
1775 1335 1815 1392 ὢν
1837 1337 1941 1396 eluitur

288 1415 350 1462 sunt
371 1423 489 1478 quaeque
512 1411 666 1480 regulariter
696 1407 825 1476 definita*
845 1409 874 1462 iu
902 1423 960 1462 scre
988 1411 1089 1480 reecpit
1139 1405 1207 1462 κατὰ
1230 1409 1288 1460 τῶν
1313 1405 1415 1476 τμῆφων
1437 1409 1497 1462 τῶν
1520 1429 1548 1462 τε
1572 1411 1609 1462 eis
1628 1403 1752 1478 χρήματα
1776 1409 1835 1462 τῶν
1856 1429 1887 1460 τε
1910 1411 1940 1464 eis

288 1477 542 1546 quinquagensimum
560 1479 642 1536 totius
660 1475 894 1534 consummationis
910 1475 1054 1546 perfectus.
1140 1479 1171 1530 8ο
1205 1471 1357 1558 ἐγκλήματα
1377 1481 1541 1550 φερομένων.
1576 1471 1677 1532 Ὁπόσα
1693 1471 1725 1528 di
1739 1471 1808 1548 ὑπὲρ
1825 1495 1854 1528 τε
1872 1475 1940 1530 πολι·

1139 1543 1197 1596 τῶν
1213 1545 1281 1614 υπέρ
1298 1561 1329 1594 τι
1345 1541 1500 1608 βουλευτῶν
1517 1547 1563 1596 καὶ
1577 1541 1810 1614 λειτουργημάτων
1827 1549 1872 1596 καί
1889 1545 1941 1598 τῶν

1140 1607 1278 1678 δημοσίων
1295 1609 1383 1682 ἔργων
1399 1615 1445 1662 οιαὶ
1463 1609 1641 1684 πανηγύρεων
1658 1615 1703 1660 nui
1721 1609 1816 1684 πόρων
1837 1615 1940 1696 ἐπαγγε-

1101 1723 1102 1726 ,
1140 1677 1197 1732 λίαε
1209 1681 1255 1730 uui
1268 1673 1401 1732 ποικίλων
1415 1677 1613 1752 [ἐρωτήσεωνῖ
1627 1681 1672 1730 uui
1686 1679 1733 1744 τῆς
1745 1677 1870 1746 δημοσίαν
1881 1697 1940 1732 urto-

1139 1747 1262 1820 γρα[φ]ῆτ
1282 1747 1497 1812 νενομοθέτηται
1517 1749 1573 1798 τοῖο
1593 1741 1689 1808 πάλαι,
1714 1741 1786 1812 [dom
1808 1765 1838 1798 τε
1860 1741 1941 1810 [dimi

1139 1809 1207 1900 ὑπὲρ
1223 1815 1270 1882 τῆν
1286 1813 1345 1866 τοῖν
1363 1811 1493 1882 ῥημάτων
1508 1813 1596 1880 barlin
1611 1807 1769 1880 ὀνομασίας
1785 1819 1830 1866 uni
1845 1815 1903 1866 coir
1917 1819 1941 1870 ἐν

1139 1899 1251 1934 νανοσιν
1277 1879 1449 1954 εἷρημ[εΊνων
1469 1885 1525 1934 τοῖς
1545 1879 1644 1944 πάλαι,
1670 1883 1758 1934 ταῦτα
1783 1875 1893 1936 ἅπαντα
1915 1885 1941 1936 τὸ

1139 1947 1312 2014 τε[λω]τα1ον
1330 1951 1445 2022 περιέχει
1458 1947 1574 2034 βιβλίον,
1591 1945 1688 2002 τούτου
1703 1945 1737 2014 di]
1750 1951 1816 2002 τοῦ3
1833 1951 1941 2018 σ[υσ]τῆ.

1139 2035 1233 2086 puros,
1256 2015 1332 2086 ᾧπερ
1349 2011 1416 2090 ἀρχὴ
1437 2035 1473 2070 τα
1493 2023 1555 2104 περὶ
1576 2017 1635 2070 τῶν
1652 2015 1847 2088 ἐπερωτῆσοων
1863 2019 1941 2084 ἐστίν,

1140 2089 1218 2140 ἕκτον
1227 2089 1285 2156 μὲν,
1300 2079 1367 2138 ὅσον
1377 2083 1445 2158 πρὸς
1455 2083 1506 2154 τῆν
1517 2089 1620 2140 banaiau
1631 2077 1714 2158 ἀρχὴν
1728 2081 1870 2150 auoceris,
1885 2101 1941 2140 πεν-

1139 2153 1272 2222 τηκοστὸν
1295 2149 1412 2236 δὲαοίρὸε
1429 2151 1479 2222 τῆν
1496 2149 1562 2222 δλην
1577 2155 1625 2222 τῆς
1642 2149 1791 2216 συντάξεων
1808 2147 1941 2238 άρμφνίαν.

320 2229 336 2278 o
371 2223 444 2290 Quae
467 2223 552 2278 omnia
571 2221 693 2276 confecta
710 2225 839 2290 scalper
855 2221 939 2278 vium
957 2221 1089 2278 excelsum

286 2307 336 2346 neo
353 2307 406 2344 uon
422 2291 654 2412 prudentissimum
672 2289 828 2358 magistrum
850 2307 883 2344 ex
906 2295 1047 2360 quaestore
1062 2295 1090 2346 et

287 2377 318 2414 ex
343 2375 451 2414 consue
472 2361 684 2426 Truentinum,
713 2359 759 2428 qui
782 2359 900 2416 similiter
923 2359 1090 2428 eloquentiae

287 2433 312 2482 et
334 2427 464 2496 legitimae
486 2429 612 2482 scientiae
635 2427 738 2482 artibus
763 2427 903 2482 decoratus
926 2433 954 2482 et
975 2431 1003 2482 in
1023 2429 1089 2498 ipsis

285 2513 373 2552 rerum
387 2497 571 2566 experimentis
585 2497 693 2550 emicuit
706 2495 825 2568 nihilque
837 2497 921 2552 maius
936 2513 987 2552 neo
1001 2497 1089 2552 carius

286 2565 383 2620 trostris
400 2581 517 2634 uuquam
533 2565 696 2620 iussionibus
715 2565 804 2618 doxitz
822 2581 872 2620 neo
888 2581 942 2620 non
959 2581 1007 2634 per
1024 2567 1089 2620 ulios

285 2635 354 2686 viros
377 2633 531 2702 magnificos
554 2639 581 2686 et
603 2633 811 2688 studiosissimos
828 2631 948 2704 perfecta
965 2639 1041 2698 sunt,
1062 2633 1091 2686 id

286 2705 327 2756 ost
341 2701 556 2756 Consummatur
573 2701 657 2754 virum
671 2699 802 2756 illustrem
818 2701 939 2756 comitem
954 2717 1091 2756 sacrarum

285 2769 453 2838 largitionum
476 2775 504 2824 et
526 2769 681 2838 magistrum
710 2769 801 2824 scrinii
827 2769 977 2824 libellorum
999 2785 1090 2824 sacra-

285 2853 396 2908 rumque
413 2839 599 2906 cognitionum,
617 2839 663 2908 qui
680 2853 785 2906 semper
802 2837 879 2892 nobis
895 2853 931 2892 ex
946 2839 1018 2892 bona
1032 2837 1090 2906 opi-

285 2907 364 2962 nione
388 2911 415 2960 et
435 2905 520 2974 glorie
540 2921 598 2962 sesa
622 2905 828 2962 commendarit:
851 2921 901 2962 neo
924 2921 978 2960 non
998 2905 1090 2960 Tano-

285 2989 392 3028 emnuu
414 2975 499 3028 virum
521 2973 649 3028 illustrem
671 2973 828 3044 magistrum
843 2973 960 3044 iurisque
976 2975 1091 3044 peritum

285 3043 313 3098 in
329 3043 381 3098 hac
399 3043 628 3112 splendidissima³
645 3043 752 3100 civitate
773 3043 943 3098 laudabiliter
964 3043 1090 3112 optimam

285 3113 372 3180 legum
395 3111 612 3180 gubernationem
637 3111 836 3168 extendentem:
864 3117 892 3166 et
913 3111 1091 3168 Dosonnnun

285 3181 370 3234 virm
386 3181 516 3236 illustrem
533 3185 559 3234 et
572 3179 792 3236 facundissimum
807 3181 995 3250 quaestorium,
1011 3195 1091 3304 plepem

281 3249 313 3304 in
336 3249 529 3318 Bemtiensium
552 3249 766 3318 splendidissima
790 3249 894 3304 cintate
918 3249 988 3318 leges
1031 3249 1090 3304 'ci-

286 3319 355 3388 pulis
377 3317 525 3372 tradentem
546 3323 656 3388 propter
678 3319 736 3376 eius
754 3319 881 3388 optimam
898 3317 1048 3388 opinionem
1064 3325 1092 3374 et

285 3387 396 3456 gloriam
412 3385 447 3442 ad
464 3403 513 3442 nos
531 3385 685 3442 deduximus
702 3389 911 3456 participemque
929 3385 1009 3442 huius
1027 3401 1091 3456 ope-

286 3457 322 3508 ris
340 3455 464 3510 fecimus:
487 3453 534 3510 sed
557 3461 583 3508 et
599 3457 770 3512 Annnomuu
787 3457 873 3510 virum
888 3453 1017 3510 illustrem
1035 3469 1091 3508 ma-

286 3523 403 3592 gistrum,
422 3523 465 3592 qui
483 3523 583 3592 etipse
600 3525 672 3592 apud
690 3523 859 3594 Beryticnscs
878 3523 943 3578 iuris
960 3523 1091 3592 interpres

288 3591 447 3648 constitutus
465 3591 500 3646 ad
516 3591 567 3646 hoc
585 3609 652 3662 opus
671 3593 783 3650 allectus
800 3597 855 3660 est,
875 3591 915 3646 rir
931 3593 965 3648 ab
983 3593 1092 3662 antiqua

286 3661 386 3732 stirpetl
402 3661 518 3732 legitima
533 3661 695 3732 procedens,
714 3679 776 3720 eum
792 3667 820 3718 et
836 3667 913 3732 pater
929 3661 986 3718 eius
1003 3661 1091 3718 Leon·

289 4111 318 4176 (1)
335 4109 452 4162 hominus
463 4111 490 4162 F
560 4109 594 4174 (r)
612 4111 638 4162 et
650 4109 766 4162 censibus
779 4129 823 4162 om.
833 4111 873 4162 ΡΙ
945 4113 977 4176 io)
994 4111 1093 4176 spendi-

289 4177 421 4230 dissimaF
483 4177 516 4244 (t)
533 4177 643 4244 etipreF

1174 2227 1189 2278 9
1218 2219 1302 2296 ’Ἀπερ
1319 2241 1431 2276 απαντα
1448 2223 1624 2278 conciliarant
1643 2239 1674 2274 τε
1697 2227 1743 2274 καὶ
1766 2225 1942 2290 ἐππεπονηται

1140 2291 1227 2346 ualuis
1249 2311 1279 2344 τε
1302 2293 1348 2342 uui
1368 2291 1415 2358 τῆς
1438 2285 1505 2364 παρ’
1525 2287 1761 2360 ῆμοῖνπελοάσεως
1777 2281 1857 2354 diffluo
1874 2293 1941 2364 παρά

1140 2379 1170 2414 τι
1191 2359 1450 2426 rPrBuNrANon
1472 2361 1521 2412 rod
1537 2353 1710 2422 ἐνδοξοτάτου
1727 2361 1773 2410 καὶ
1789 2355 1942 2428 σοφωτάτου

1139 2435 1288 2504 μαγίστρου
1310 2431 1356 2480 οιαὶ
1376 2419 1431 2482 άπὸ
1452 2423 1563 2482 ιιυαιστά
1583 2447 1623 2482 ων
1643 2425 1702 2480 τῶν
1719 2421 1856 2500 ἡμετέρων
1872 2431 1942 2496 βασι-

1142 2497 1222 2552 λείων
1238 2501 1284 2550 ναί
1300 2491 1423 2562 ὑπάτων,
1444 2489 1540 2578 ἀνδρὸς
1560 2447 1592 2548 δι’
1613 2513 1644 2548 τε
1666 2495 1708 2562 τῷ
1725 2493 1855 2570 πράττειν
1872 2497 1902 2548 ἕν
1919 2517 1943 2550 τε

1140 2569 1182 2632 τῷ
1199 2563 1352 2636 ῥητορεύειν
1369 2565 1401 2616 ἕν
1416 2583 1448 2616 τε
1464 2583 1503 2632 τῳ
1520 2561 1582 2616 τοὺς
1598 2561 1695 2632 νόμους
1715 2561 1830 2650 γράφειν
1850 2557 1943 2618 eddoni·

1140 2635 1268 2704 μοῦντοε,
1290 2631 1350 2686 τοῖν
1370 2649 1401 2684 τε
1418 2625 1554 2704 ἡμετέρων
1571 2631 1729 2704 ἔμπροσθεν
1745 2629 1824 2686 oudin
1841 2633 1943 2700 redani-

1142 2719 1189 2756 νου
1212 2697 1401 2776 προστάξεωνε
1428 2705 1473 2752 καί
1499 2701 1578 2752 rein*
1603 2695 1651 2754 ὑπ’
1682 2691 1757 2768 αὐτῷ
1781 2699 1813 2752 τὸ
1840 2701 1944 2774 πρᾶγμα

1141 2765 1204 2842 ἡμῖν
1217 2771 1455 2836 ἐππονησαμίνων,
1472 2763 1546 2822 τοῦτ’
1563 2769 1639 2822 ἔστιν
1652 2771 1945 2824 ΚΩΝΣΤΑΝΤΙΝο1

1142 2859 1172 2892 τε
1193 2839 1241 2922 τοῦ
1260 2833 1548 2924 μεγαλοπρεποστάτου
1571 2833 1695 2926 νόμητοεΙ
1707 2839 1766 2892 τῶν
1782 2839 1872 2928 θείων
1889 2835 1943 2920 λαρ·

1140 2905 1944 3046 111111”άοι11”ι111ἶῖῗῖἶιδάιάάδοισέῗῆῗάιῖλίζ

1140 3041 1258 3118 χρηρτῆν
1274 3043 1371 3096 ἑαυτοῦ
1389 3039 1474 3106 δόξαν
1490 3037 1553 3112 ἡμῖν
1568 3043 1599 3094 ἐν
1613 3037 1718 3096 ἅπασιν
1731 3047 1942 3116 παρασχομένου·

1142 3107 1278 3186 παίπράε
1302 3131 1334 3186 γι
1361 3113 1565 3178 ΘΕΟΦΙΛΟῬ,
1590 3111 1640 3166 τοῦ
1664 3109 1943 3184 μιγαλοπρεπεστάτοι

1141 3185 1290 3256 μαγίστρου
1310 3185 1356 3242 uui
1380 3177 1478 3250 νόμους
1498 3181 1543 3234 ἐστὶ
1565 3181 1612 3250 τῆς
1633 3177 1772 3250 βασιλίδος
1787 3177 1885 3248 ταύτην
1902 3179 1943 3238 πόΙ

1142 3247 1208 3304 λαως
1229 3251 1334 3334 capucia
1356 3269 1385 3304 τε
1406 3253 1453 3302 καί
1476 3241 1619 3322 άγράπνωε
1640 3253 1685 3302 καὶ
1701 3251 1748 3318 τῆε
1765 3247 1944 3318 didascalcum

1142 3315 1336 3384 ἐπιτηὸεασεωε
1361 3313 1443 3382 ἀξίως
1469 3315 1655 3372 oritanum:
1689 3325 1734 3372 uui
1760 3319 1945 3372 numeror

1141 3389 1190 3440 uod
1209 3385 1499 3462 μεγαλοπρεπεστάτου
1521 3391 1700 3462 αυαιστωρίου
1723 3391 1768 3440 παῖ
1790 3383 1944 3440 διδασκάλου

1142 3457 1173 3508 ἐν
1193 3457 1227 3530 τῇ
1248 3457 1307 3510 τῶν
1329 3455 1425 3526 νόμων
1446 3451 1688 3528 άναδεδειγμένου5
1711 3451 1787 3510 πάλαι
1805 3457 1904 3526 (φαμὲν
1922 3453 1944 3508 di

1142 3521 1194 3592 τὴν
1214 3519 1337 3606 ἀοίδιμόν
1358 3543 1389 3578 τε
1405 3529 1452 3576 nul
1469 3525 1605 3598 περιφανῆ
1620 3525 1679 3578 τῶν
1695 3529 1839 3598 Βηρυτίων
1854 3523 1944 3596 μητρό·

1143 3589 1245 3660 πολιν),
1268 3587 1302 3646 ὃν
1323 3587 1340 3662 ῆ
1362 3597 1425 3666 περὶ
1448 3589 1531 3648 αὐτοῦ
1552 3591 1654 3666 χρηστὴ
1676 3589 1741 3658 δάξα
1762 3595 1808 3646 uui
1828 3593 1864 3646 eir
1886 3587 1944 3664 ῆμάο

1143 3657 1241 3736 ἤγαγεν
1265 3667 1311 3716 uui
1336 3663 1396 3716 uuir
1421 3659 1571 3736 παρόντων
1595 3667 1739 3732 μετασχεῖν
1763 3667 1944 3738 προυτρὲφατο

1143 3727 1252 3786 πόνωνι
1271 3737 1317 3784 nui
1334 3733 1563 3786 ANAruAtot’
1576 3733 1624 3784 τε6
1640 3735 1689 3786 τοῦ
1703 3727 1944 3804 μεγαλοπρεποστά·

1142 3817 1191 3854 τον
1210 3805 1367 3884 μαγίστρου,
1391 3793 1420 3854 ir
1442 3797 1476 3868 δῆ
1498 3805 1544 3854 καὶ
1566 3793 1645 3854 αὐτὸν
1667 3799 1743 3874 παρὰ
1759 3805 1800 3868 Bu
1850 3805 1900 3854 iore
1916 3797 1944 3854 τά

1142 3869 1173 3922 riu
1189 3887 1284 3940 νομων
1300 3867 1424 3924 παιδεύει
1441 3865 1556 3934 [πα]λῶε,
1573 3863 1640 3940 άνῆρ
1658 3871 1687 3922 ἐκ
1703 3889 1796 3940 τριγον
1808 3885 1838 3922 us
1857 3869 1945 3940 reputit

1116 3975 1121 4010 Ι
1142 3937 1209 4006 offilo
1226 3931 1301 4012 παρά
1319 3937 1443 4002 Φοίνιξιν
1466 3939 1526 3992 τοῖν
1547 3935 1643 4006 νόμων
1664 3933 1849 4004 dedenuntiat
1871 3955 1944 3992 τοτα·

1848 4053 1942 4062 -..-..«-..-.-.-

1144 4111 1175 4174 (1)
1193 4105 1285 4162 πάντα
1293 4111 1408 4180 Κυνοφοι·
1444 4111 1476 4176 ii)
1491 4111 1622 4178 requiritur
1631 4105 1809 4184 druyuoiuearn
1842 4111 1874 4174 (ol
1889 4107 1947 4162 aod

1144 4181 1177 4246 (4)
1194 4197 1239 4230 ναι
1249 4177 1341 4232 inaF²
1375 4173 1671 4252 (51αναδεδειγμσνωΡ
1707 4181 1739 4244 (o)
1751 4179 1944 4240 radetflereber

287 4297 1945 4328 W

288 4399 348 4438 cum
365 4381 402 4436 ud
419 4381 516 4438 delieiu
532 4381 648 4448 leniore,
665 4395 735 4450 quae
752 4381 880 4438 dicuntur
891 4381 1017 4452 priuata,
1039 4387 1095 4436 tum
1179 4385 1195 4438 9
1271 4397 1305 4436 ue
1330 4381 1421 4438 omniu
1466 4381 1558 4438 ulebre
1583 4387 1611 4436 et
1635 4385 1729 4438 uestra
1752 4381 1869 4436 iussione
1891 4397 1945 4438 οοιι

290 4451 327 4506 ud
350 4467 382 4504 οα
407 4465 477 4522 quae
500 4465 554 4504 uon
577 4449 703 4504 ordinatu
725 4449 834 4516 dieunt,
863 4451 1095 4506 enbaordinnrio'-
1145 4449 1176 4504 eli
1193 4465 1227 4504 ne
1247 4447 1344 4520 effectu
1366 4455 1393 4504 et
1414 4451 1555 4506 roborata
1575 4453 1640 4504 suni
1660 4465 1755 4506 cumn
1774 4449 1945 4504 Temenum

288 4537 349 4576 rum
379 4519 536 4576 vocabulum
561 4519 596 4574 iis
623 4519 659 4572 im
680 4521 806 4572 ouantes:
833 4519 896 4576 inde
920 4525 1008 4574 autem
1028 4535 1095 4590 per-
1144 4467 1337 4590 ydriesissimo
1352 4519 1599 4592 etprudeutissimo
1613 4519 1743 4590 παράνοια
1759 4519 1913 4588 officiorum
1926 4521 1945 4572 el

288 4589 395 4644 ueniens
417 4587 455 4642 ud
476 4589 589 4644 crimina
605 4603 649 4660 pu
667 4587 734 4652 ίίοο,
757 4601 828 4658 quae
849 4587 1017 4644 amenissima
1033 4591 1097 4642 sunt
1145 4603 1183 4642 ιιι
1199 4589 1341 4658 quaestore
1358 4589 1434 4642 sacri
1444 4587 1547 4660 palatii
1562 4591 1589 4642 et
1605 4603 1644 4642 en
1660 4587 1781 4654 consule,
1803 4587 1860 4642 uiro
1874 4591 1908 4642 et
1925 4589 1945 4642 it

289 4663 315 4710 et
331 4657 521 4714 severissimum
533 4673 652 4728 φοίνιαι
671 4653 835 4726 amantium.
862 4655 906 4712 bie
919 4671 1029 4738 quoque
1042 4657 1095 4710 duo
1145 4655 1250 4726 aperitio
1271 4659 1299 4710 et
1319 4657 1348 4710 in
1371 4655 1485 4712 dicendo
1508 4661 1534 4708 et
1555 4657 1584 4710 in
1607 4655 1711 4726 lepibus
1727 4655 1875 4710 scribendis
1886 4671 1946 4726 pru

289 4723 352 4780 uiri
367 4741 423 4780 com
445 4725 591 4792 leniuntur,
615 4741 685 4796 quae
701 4729 766 4778 suni
782 4723 816 4780 de
833 4723 936 4780 delinito
959 4735 985 4780 et
1007 4725 1098 4780 cm'ntt'-¹
1146 4725 1206 4780 bute
1220 4739 1307 4794 neque
1319 4725 1419 4780 uerbis
1431 4725 1594 4780 iussionibus
1608 4723 1752 4796 quicquum
1766 4729 1945 4796 anteponenda

288 4793 382 4872 nibus:
402 4743 525 4850 admenta
548 4795 616 4850 euim
641 4795 675 4848 iis
696 4795 762 4846 sunt
782 4797 863 4848 cauto
886 4793 919 4848 de
936 4793 970 4848 iis
986 4795 1037 4864 qui
1051 4795 1096 4846 de·
1145 4795 1200 4846 ium
1217 4793 1251 4848 ab
1269 4793 1317 4858 iis,
1340 4793 1391 4864 qui
1409 4793 1459 4848 sub
1481 4809 1512 4848 eo
1532 4807 1602 4864 opus
1619 4791 1697 4848 nobis
1713 4791 1902 4858 emborerunt,
1924 4785 1946 4846 id

290 4861 414 4916 laetorum
430 4863 473 4918 rei
487 4863 558 4934 faeti
573 4879 602 4918 se
619 4861 708 4918 celant
724 4865 751 4914 et
767 4861 801 4916 dc
819 4861 894 4918 bouis
911 4877 1002 4916 eorum
1019 4861 1096 4916 etde
1145 4867 1185 4914 ert
1209 4879 1227 4916 ο
1256 4861 1456 4916 Consrrnrrno
1480 4861 1537 4916 uiro
1565 4861 1668 4916 illustri
1693 4861 1788 4916 comite
1814 4873 1945 4918 sanarunt

289 4931 321 4986 ob
350 4945 444 5002 poena
460 4933 569 4986 oeniaoe
590 4931 787 4986 damnatorum.
821 4929 927 4986 Rursus
947 4933 1012 4986 noui
1034 4929 1098 4986 libri
1146 4927 1320 5000 larpitienum
1335 4929 1508 4998 etmupistro
1525 4929 1708 4984 sacriscrinii
1723 4945 1863 5002 sanorum
1881 4927 1946 5002 libel

284 4999 452 5072 principium
461 4999 537 5056 rubis
547 5005 678 5056 uectatus
689 5003 729 5052 esi
737 4997 771 5052 cic
779 4999 1014 5072 appellationibus,
1026 5015 1096 5056 oum·
1147 4999 1233 5052 lorum
1254 5003 1280 5052 ei
1303 4999 1485 5068 imperialium
1503 4999 1704 5078 nepotianum,
1722 4999 1778 5122 ἕνα·
1798 4999 1893 5054 bonam
1910 5007 1944 5052 sut

287 5069 375 5122 munis
385 5067 507 5122 uidelicet
518 5071 571 5122 tam
583 5067 762 5140 adpetamus
772 5083 853 5136 quam
864 5069 902 5122 ad
910 5069 1023 5122 cumina
1030 5083 1095 5140 per-
1147 5067 1370 5122 existimationem
1389 5067 1417 5120 iu
1435 5065 1557 5122 omuibus
1574 5065 1652 5122 nobis
1664 5083 1721 5138 pre
1739 5067 1808 5120 anit:
1829 5071 1856 5120 et
1875 5081 1945 5136 pror

289 5143 320 5190 oc
354 5137 498 5194 timentibus
511 5137 654 5192 sententiis.
681 5135 866 5206 Quaecunque
880 5139 969 5190 autem
986 5135 1019 5190 cle
1034 5135 1096 5190 ciui·
1146 5139 1220 5208 terea
1238 5133 1409 5188 Tubernuc
1428 5135 1488 5188 uiro
1511 5133 1612 5188 illustri
1634 5135 1764 5204 maqistro
1788 5137 1815 5188 ei
1837 5133 1945 5204 lepesin

288 5205 338 5260 bus
350 5209 376 5258 et
390 5203 424 5260 de
437 5205 625 5260 decurionibus
639 5209 666 5258 et
680 5203 714 5258 de
727 5203 882 5260 mannitus
895 5209 923 5258 et
935 5203 969 5258 de
976 5203 1096 5274 publicis
1145 5203 1198 5258 bue
1213 5203 1290 5274 repin
1313 5203 1380 5256 urbe
1402 5203 1523 5272 maniter
1544 5205 1571 5254 ei
1592 5217 1681 5272 puuve
1703 5205 1730 5254 et
1751 5201 1869 5256 doctoris
1889 5217 1947 5274 prr

288 5269 1096 5408 tribuittttttttlttittttiburi
1145 5269 1945 5410 itittttimtt‘tt‘lilltttttttt<titii

288 5413 314 5462 et
331 5407 363 5464 de
380 5425 461 5464 censu
500 5411 585 5468 ublico
603 5359 666 5464 δίίοι
681 5359 1053 5482 incuruiceruicum
1068 5411 1096 5464 in
1146 5409 1233 5478 nimus
1255 5411 1345 5464 nutem
1367 5405 1538 5462 decantatum
1559 5411 1586 5460 et
1607 5405 1777 5488 epileudidum
1796 5407 1945 5476 metropolin

287 5479 439 5530 urrioersnm
472 5479 639 5534 noeriorum
652 5477 895 5548 sipnificutionibus
907 5483 935 5534 et
947 5477 981 5532 de
992 5477 1097 5550 ranulis
1147 5475 1344 5548 Berpiioruml,
1370 5489 1450 5544 quem
1472 5473 1583 5548 eprepia
1606 5475 1694 5546 ηοείιισ
1713 5475 1792 5546 fama
1815 5477 1895 5530 etium
1918 5465 1946 5530 ad

287 5545 356 5602 iuris
378 5545 455 5616 apud
475 5553 577 5602 ueteres
598 5547 781 5618 reperiuntur,
804 5547 894 5602 omniu
911 5545 1096 5618 complectitur
1146 5559 1196 5600 nos
1206 5543 1325 5600 annunti
1335 5547 1362 5598 et
1367 5543 1556 5614 praesentium
1568 5541 1690 5598 laborum
1695 5545 1861 5616 participem
1872 5545 1945 5614 feeit¹

288 5613 355 5670 liber
375 5615 499 5682 ultimus,
520 5615 601 5672 buius
623 5619 755 5672 tractulus
778 5617 829 5688 qui
845 5615 1097 5688 astipulationibus
1146 5617 1173 5668 et
1186 5613 1335 5668 Ασοτοιιο
1350 5617 1409 5668 viro
1424 5611 1527 5668 illustri
1538 5613 1677 5684 nepisino,
1696 5613 1746 5684 qui
1761 5619 1787 5668 et
1804 5615 1862 5684 ίμοο
1880 5601 1945 5686 apud

288 5683 395 5754 incepit,
420 5689 528 5750 sentus,
554 5689 585 5738 ut
606 5683 640 5738 ab
663 5683 750 5756 ι’φοίιιο
767 5685 909 5758 μτίοοῆιίο
931 5689 1096 5752 numeretur,
1146 5681 1273 5754 Baptios
1289 5683 1359 5736 iuris
1371 5681 1547 5754 prudentium
1565 5681 1664 5752 optime
1700 5683 1836 5752 raptetur,
1860 5683 1902 5738 eir
1917 5689 1945 5736 et

288 5751 528 5824 quinquepesimus
549 5755 638 5812 οιιίιιιι
655 5755 801 5812 seeundum
818 5757 971 5812 unientem
988 5771 1096 5828 compo·
1145 5749 1292 5806 venerabili
1311 5751 1380 5806 iuris
1397 5749 1535 5806 denorum
1553 5749 1629 5822 apud
1644 5749 1794 5808 Proeniees
1811 5755 1891 5808 tertia
1907 5765 1944 5824 pr

287 5821 392 5878 uticus
409 5821 626 5880 conuenientium.
1145 5821 1284 5878 unctione
1304 5819 1467 5878 descendens
1489 5823 1561 5890 (neu
1577 5821 1700 5894 refertur
1718 5821 1755 5878 ad
1770 5821 1911 5878 Leontium
1926 5813 1944 5874 ei
