4366 6258
262 367 303 412 ET
322 363 486 412 PERIOULO
508 367 666 414 TUTORUM

229 569 231 572 -
261 545 294 586 ne
311 527 429 596 capiatur
446 535 522 596 pater
539 529 648 584 inducta
656 531 738 584 totins
750 529 877 600 temporis
889 545 980 596 causa,
995 537 1060 586 tem-

260 613 327 722 guaz1
345 611 397 664 quo
420 595 489 716 1111111
511 595 624 652 familias
647 597 756 652 tutelam
776 597 871 666 gessit,
888 599 1060 668 comprehen-

279 681 310 718 en
328 679 372 718 um
391 679 447 718 en.

293 727 332 790 38
348 729 510 784 1111111111
533 723 893 800 1111111111111111111111111
926 731 954 786 Si
970 731 1060 800 plures

260 799 366 856 tutelam
383 813 437 852 non
454 797 694 852 administraverint
710 803 736 850 ct
750 813 842 854 omnes
854 799 981 854 solvendo
998 799 1059 862 sint,

260 873 354 930 1111111,
371 865 433 934 quia
449 865 537 918 nullae
553 871 644 934 partes
667 865 900 920 administrationis
923 865 1059 918 inveniun-

259 945 309 1000 tur,
326 931 446 988 electioni
469 931 543 986 locus
566 933 616 986 erit
632 949 668 986 an
690 939 721 986 ut
738 933 854 986 eiusdem
869 931 998 1002 pecuniae
1015 931 1060 984 de·

260 1003 356 1060 bitures
374 999 495 1066 excipere
512 999 646 1054 debebunt
661 999 772 1068 periculi
794 997 967 1052 societatem?
989 997 1061 1066 quod

262 1077 272 1126 1
307 1067 387 1136 magis
404 1067 473 1120 ratio
491 1067 591 1120 suadet.
624 1065 777 1134 Siquidem
794 1081 826 1118 ex
842 1065 885 1118 hia
901 1063 990 1120 idonei
1005 1079 1061 1118 non

259 1137 317 1200 sint,
335 1133 517 1188 onerabuntur
533 1135 591 1188 sina
608 1133 687 1196 dubio
707 1131 794 1194 ceteri,
812 1147 862 1186 nec
878 1131 981 1200 inique,
999 1147 1060 1184 cum

259 1201 417 1272 singulorum
440 1201 609 1256 contumacia
630 1217 668 1270 pu
686 1201 732 1254 illo
755 1197 880 1252 damnum
902 1195 1061 1252 insolidum

259 1277 273 1328 2
307 1267 413 1324 dederit.
448 1267 525 1324 Unde
542 1283 657 1338 quaeren
677 1283 722 1320 um
746 1273 794 1324 est.
817 1281 852 1320 11
875 1267 992 1320 actiones
1009 1281 1059 1334 pn-

258 1339 333 1410 pillns
352 1335 384 1398 ei,
402 1335 448 1404 qui
466 1337 537 1390 solus
555 1335 718 1400 convenitur,
736 1333 765 1386 in
782 1333 895 1388 alterum
911 1349 960 1402 pro
983 1337 1061 1402 parte

258 1405 355 1462 scilicet
370 1409 509 1470 praestare
526 1403 627 1456 debeat
658 1401 706 1456 sed
723 1417 785 1456 cum
801 1399 909 1470 propria
932 1399 1060 1468 cuiusque

258 1469 422 1596 {onumen
449 1471 589 1540 puniatur,
612 1485 666 1540 qua
687 1469 776 1524 fronte
797 1467 897 1538 poterit
917 1469 969 1522 hoc
991 1467 1059 1522 desi-

275 1555 341 1594 eram
415 1591 416 1594 ,
643 1593 644 1596 ,

288 1601 327 1664 39
344 1603 426 1660 tarn
443 1603 511 1660 libro
537 1605 630 1676 quinto
647 1621 837 1674 responsorum
873 1603 996 1668 Tutores,
1013 1603 1060 1672 qui

256 1681 321 1796 tt
329 1671 525 1794 ilidii
541 1687 717 1794 1111111
726 1669 810 1794 oren
827 1671 1059 1794 “wilibaldi

257 1757 391 1798 1111111
430 1757 543 1794 onmr
597 1757 615 1792 u
664 1757 865 1804 n,nm1num

273 1809 406 1872 aniculam,
425 1823 494 1876 quae
509 1813 570 1878 post
586 1809 756 1876 pubertatem
770 1757 945 1864 tumescebas
962 1807 1059 1864 idonea

255 1829 366 1942 inerunt,
384 1883 522 1946 praestare
539 1875 650 1944 cogendi
672 1891 726 1930 non
744 1881 831 1942 erunt,
849 1891 910 1930 cum
926 1875 1059 1930 actionem

258 1953 267 2000 1
302 1943 465 1998 1111111111
479 1949 633 2014 potuerunt.
662 1943 775 2000 Gurator
783 1951 885 2014 epatre
898 1949 1056 1998 testamento

256 2013 329 2068 datus
346 2011 492 2080 impuberis
508 2011 620 2080 negotiis
637 2027 666 2066 se
688 2027 738 2080 per
760 2027 876 2068 errorem
899 2011 1056 2068 immiscuit:

254 2085 345 2150 postea
362 2095 378 2132 a
395 2083 519 2148 praetore
535 2079 668 2138 tutoribus
685 2077 744 2134 alin
762 2077 832 2134 datis
849 2079 997 2148 pericolum
1013 2077 1057 2134 iu·

254 2147 304 2202 turi
320 2149 446 2216 temporis
463 2147 516 2212 ille,
533 2147 579 2216 qui
600 2153 696 2216 postca
713 2147 778 2200 nihil
793 2147 888 2218 gessit,
907 2161 962 2200 non
977 2161 1055 2218 prae·

254 2221 268 2270 1
300 2215 388 2270 stabit.
425 2215 476 2282 Qui
492 2231 522 2270 se
538 2215 649 2284 negotiis
665 2213 810 2284 impuberis
827 2231 882 2270 non
904 2215 962 2270 iure
983 2221 1057 2270 tutor

254 2283 327 2338 datus
346 2283 492 2338 secundum
509 2285 592 2350 patris
609 2285 772 2338 voluntatem
788 2283 944 2348 immiscuit,
967 2299 1057 2338 errore

254 2355 384 2418 comperto
410 2357 525 2406 tutorem
551 2365 567 2404 1
590 2357 714 2420 praetore
745 2351 872 2406 constitui
908 2353 1056 2406 consultius

254 2423 328 2488 petet,
352 2433 386 2472 ne
408 2417 492 2482 forte,
515 2419 539 2472 si
560 2433 616 2472 rem
639 2425 762 2488 coeptam
780 2419 935 2484 deseruerit,
953 2419 1055 2474 fraudis

254 2485 289 2540 rel
311 2485 407 2554 culpae
431 2501 513 2542 causa
536 2485 732 2540 condemnetur.
762 2501 817 2542 non
839 2485 909 2540 idem
926 2493 1056 2552 servatur,

252 2551 274 2608 si
296 2553 354 2622 quis
377 2553 447 2608 ultro
471 2553 604 2622 negotium
626 2553 741 2608 ahenum
763 2555 888 2624 gesserit,
912 2569 972 2608 oum
991 2557 1055 2610 satis

252 2621 406 2692 abundeque
424 2621 541 2676 sufficiat
557 2623 598 2676 vel
614 2623 642 2676 in
660 2637 715 2678 una
737 2623 826 2692 specie
848 2639 898 2692 per
920 2623 999 2678 amici
1015 2623 1054 2678 la·

251 2695 264 2744 3
296 2689 390 2744 boram
407 2689 513 2746 domino
532 2689 643 2746 consuli.
671 2689 756 2746 Heres
773 2689 920 2758 institutus,
938 2691 984 2760 qui
1001 2707 1056 2746 non

251 2755 341 2812 habuit
364 2759 551 2824 substitutum,
574 2759 648 2828 prius
667 2773 730 2814 uam
758 2759 931 2814 hereditatem
960 2759 1054 2824 adiret,

251 2839 335 2904 qnam·
344 2825 475 2894 impuberi
491 2827 632 2880 restituere
649 2775 748 2892 babuit,
765 2827 820 2882 rita
836 2827 963 2882 decessit:
995 2843 1056 2880 cum

251 2893 379 2950 hereditas
401 2893 431 2948 in
452 2893 531 2948 Italia
559 2899 646 2962 esset,
669 2893 785 2964 scriptus
815 2901 905 2950 antem
926 2895 1005 2950 heres
1027 2895 1056 2948 in

250 2961 1056 3096 ttnTtttltitttttittrttntttffittttt

249 3097 397 3152 testamenti
411 3115 465 3152 non
482 3099 634 3166 ignorantes
641 3099 784 3152 utilitatem
792 3073 936 3168 impuberis
946 3097 1054 3152 deseru-

250 3171 337 3220 erunt:
364 3181 426 3220 nam
452 3165 625 3220 hereditatis²
651 3167 679 3220 in
696 3165 834 3236 provincia
849 3165 1054 3220 fideicommisso

248 3233 366 3288 restituto
384 3249 494 3290 causam
511 3233 616 3316 quidem
632 3235 697 3288 imis
716 3235 834 3302 expediri
850 3235 989 3356 (potuisse,
1012 3249 1054 3288 re-

248 3319 303 3356 rum
320 3307 408 3356 autem
427 3301 780 3356 admimstratronemadeos
794 3303 849 3356 reci
869 3317 912 3356 ere
922 3301 1054 3366 debuisse,

247 3373 261 3422 4
293 3369 339 3438 qui
356 3369 465 3424 tutelam
482 3369 510 3422 in
527 3369 606 3424 ltalia
623 3371 811 3438 suscepissent.
851 3369 988 3424 Adversus
1011 3375 1054 3424 tu·

247 3445 340 3502 torem,
371 3437 416 3506 qni
443 3437 573 3506 pupillum
602 3435 767 3490 hereditate²
803 3437 888 3506 patris
917 3435 1054 3502 abstinuit,

248 3505 376 3560 actionem
405 3505 527 3574 denegari
559 3519 613 3558 uon
635 3509 743 3574 oportet
768 3505 906 3570 creditori,
930 3505 976 3574 qni
993 3521 1054 3560 oum

245 3573 299 3642 ipso
326 3579 414 3626 tutore
441 3573 589 3636 conuenit,
617 3573 736 3640 quamvis
760 3577 834 3628 tutor
856 3571 999 3642 pecuniam
1025 3571 1055 3628 in

246 3645 258 3694 b
291 3659 348 3696 rem
371 3641 514 3710 impuberis
540 3645 663 3694 verteret.
706 3641 849 3694 Curatores
875 3639 1054 3696 adulescentis

245 3711 326 3764 nutui
350 3709 462 3778 periculi
485 3709 571 3778 gratia
593 3709 745 3764 1111111111
767 3709 879 3764 invicem
902 3709 954 3762 sibi
975 3723 1053 3778 prae·

245 3777 357 3832 buerunt
374 3783 401 3832 et
417 3779 446 3832 in
463 3793 522 3832 earn
539 3793 595 3832 rem
611 3777 723 3844 pignora
741 3777 885 3832 dederuut:
916 3793 977 3832 curn
995 3775 1054 3832 offi-

225 3847 282 3906 ,cio
311 3845 430 3916 deposito
458 3845 582 3900 solvendo
608 3845 741 3912 inissent,
774 3845 877 3898 1111111
903 3845 1055 3900 carbonem

245 3931 299 3970 esse
315 3913 417 3968 factam
440 3919 467 3968 et
489 3913 607 3982 pignoris
625 3913 762 3968 11111111
784 3913 901 3968 solutum
919 3913 1053 3982 apparuit.

245 3987 258 4038 11
296 3985 383 4036 Tutor
406 3981 485 4036 datus
509 3981 635 4036 adversus
663 3981 750 4050 ipsam
773 3981 934 4036 creationem
956 3995 1053 4050 proro-

245 4051 321 4106 carit:
346 4051 424 4104 heres
448 4051 504 4104 eius
527 4055 622 4130 postea
651 4051 738 4104 rictus
766 4047 904 4130 praeteriti
926 4049 1053 4118 temporis

243 4119 386 4186 periculum
408 4117 570 4188 praestabrt,
593 4117 735 4186 quianon
757 4117 862 4172 :edetur
885 4117 949 4170 levis
974 4117 1054 4186 culpa

244 4193 333 4240 contra
349 4185 414 4240 iuris
433 4185 621 4240 auctoritatem
637 4185 792 4240 mandatum
809 4183 910 4240 tutelae
934 4183 1054 4240 officium

245 4259 257 4306 l
290 4255 448 4310 detrectare.
484 4251 584 4306 Rerum
600 4253 803 4322 provincialium
820 4257 924 4308 tutores
940 4251 970 4306 in
987 4251 1054 4308 mbc

245 4339 335 4378 causas
354 4321 540 4392 appellationis
556 4321 725 4390 impuberum
740 4325 867 4390 agentes,
890 4335 981 4374 rerum
997 4321 1052 4374 Ita·

243 4389 349 4444 icarum
368 4395 506 4444 curatores
523 4393 555 4444 nt
572 4387 755 4456 impuberibus
778 4389 994 4454 constituentem,
1018 4387 1054 4442 ad

244 4459 356 4514 officium
374 4475 451 4512 suum
468 4471 594 4510 revocare
612 4457 723 4511 debent:
756 4457 875 4526 alioquin
892 4457 917 4512 si
932 4459 1008 4526 prius
1025 4455 1053 4510 in

243 4525 401 4594 provinciam
414 4525 549 4590 redierint,
567 4525 657 4580 dolum
675 4529 723 4578 aut
740 4525 848 4592 culpam
865 4541 957 4580 eorum
974 4525 1002 4578 in
1020 4539 1053 4580 11

244 4597 256 4646 8
293 4609 399 4664 quoque
420 4599 499 4662 parte
520 4597 594 4648 recte
623 4593 706 4648 iudex
736 4593 883 4672 conveniet.
935 4591 1053 4648 Patruus

242 4667 395 4716 testamento
412 4661 504 4714 fratris
521 4659 575 4716 fibo
592 4665 667 4716 tutor
684 4659 763 4714 111111
781 4675 843 4714 cnm
863 4661 1052 4716 1111111111-

243 4731 362 4784 micilium
386 4729 512 4796 haberet,
535 4729 762 4792 tamltalicarum
778 4743 868 4782 rerum
891 4745 972 4798 quam
988 4745 1051 4798 pro·

243 4797 388 4852 dacianum
406 4797 663 4852 administrationem
680 4795 799 4866 suscepit
816 4801 897 4864 atque
914 4795 953 4852 ita
969 4813 1051 4866 pecu·

242 4865 307 4920 uiam
331 4881 365 4920 ex
386 4865 582 4920 venditionibus
605 4865 708 4920 Romae
735 4865 865 4920 reiectam
887 4865 917 4918 in
944 4867 1051 4934 provin-

242 4933 305 4988 ciam
330 4933 438 4988 traiecit
464 4939 492 4988 et
516 4933 545 4988 in
570 4933 753 4988 calendarium
784 4933 879 5002 pupilli
905 4933 1051 4988 convertit:

242 5003 309 5056 tutor
331 5001 360 5056 in
382 5003 472 5056 locum
496 5001 552 5056 eius
569 4999 672 5056 Romae
695 5001 858 5056 substitutus
880 4999 1051 5056 administra·

241 5067 335 5122 tionom
352 5071 491 5140 pecuniae,
509 5085 579 5140 quae
595 5085 651 5124 non
687 5071 785 5126 ertinot
797 5069 833 5124 ad
841 5069 953 5124 tutelam
965 5085 1050 5134 suam,

242 5137 254 5184 9
287 5139 422 5206 suscipere
440 5155 495 5192 non
513 5139 624 5206 cogitur.
662 5087 806 5194 iuratores
832 5143 992 5194 testamento
1010 5137 1052 5194 rel

240 5205 337 5260 tutores
360 5205 489 5260 inutiliter
512 5207 569 5260 dati
590 5221 678 5276 neque
701 5207 808 5262 decreto
831 5207 963 5278 praetoris
987 5221 1050 5260 con-

240 5265 333 5326 firmati
350 5275 456 5344 negotia
472 5281 620 5342 gesserunt.
638 5275 696 5330 rice
704 5281 799 5330 mutua
806 5275 956 5344 periculum
972 5291 1051 5344 prae·

239 5341 307 5418 stare
326 5347 466 5410 coguntur,
492 5357 554 5396 curn
578 5341 697 5396 officium
719 5347 816 5412 sponte
833 5343 902 5398 citra
918 5343 984 5398 iuris
1003 5341 1051 5398 ad·

239 5407 390 5462 mmiculum
413 5409 557 5464 iniverint³
580 5415 607 5464 et
630 5411 677 5480 qni
692 5411 745 5466 init
761 5411 891 5478 idoneae,
915 5411 1052 5466 decretum

237 5479 366 5536 praetoris
385 5485 522 5532 curatores
539 5479 581 5532 vel
595 5483 698 5536 tutores
710 5479 897 5536 constituentis
907 5479 1052 5562 implorare

243 5543 267 5594 10
302 5545 431 5600 debuerit.
473 5545 621 5602 Tutoribus
648 5547 750 5602 idoneis
775 5547 846 5602 diem
867 5549 969 5604 functis
993 5549 1051 5602 rice

1057 349 1122 418 345

1761 361 1869 424 XXVI
1894 369 1910 422 7

1111 535 1203 584 mutua
1224 531 1372 598 pericnlum
1394 537 1430 588 ad
1451 537 1561 592 heredes
1589 551 1680 590 eorum
1699 547 1755 586 non
1771 533 1913 598 redundat,

1110 595 1182 666 qnod
1211 613 1266 652 non
1295 597 1390 652 habuit
1418 601 1507 654 locum
1538 601 1626 656 officio
1657 599 1755 652 tutelae
1780 607 1911 652 manente.

1113 667 1140 716 11
1177 663 1209 716 In
1225 679 1300 728 enm,
1323 665 1370 732 qui
1391 667 1501 718 tutelam
1516 683 1605 744 gerere
1622 667 1714 730 noluit,
1751 669 1794 718 ost
1811 667 1913 718 ceteros
1950 705 1951 708 .

1110 729 1156 798 qui
1164 733 1310 848 ¹gesserunt
1337 731 1468 784 actionem
1489 733 1578 786 atdem
1601 735 1700 786 tutelae
1772 731 1778 742 '
1801 728 1911 798 placuit.

1111 811 1162 864 quo
1204 801 1293 850 tamen
1316 811 1350 850 ex
1371 797 1455 850 tutela
1475 811 1530 850 nnn
1551 799 1670 864 pervenit
1692 799 1727 852 ad
1744 809 1803 862 eos,
1821 795 1913 864 quise

1110 863 1221 930 negotiis
1238 863 1410 928 miscuenmt,
1427 861 1475 916 sed
1496 865 1628 916 communi
1649 865 1813 934 neglegentia
1834 863 1912 932 perit,

1110 931 1178 984 citra
1194 929 1390 984 substitutionis
1408 929 1526 984 ordinem
1541 931 1686 998 aequaliter
1709 933 1825 986 omnium
1841 931 1912 1000 peri-

1112 1001 1143 1050 12
1176 997 1265 1050 colum
1293 999 1405 1066 spectat
1451 995 1564 1048 Tutores
1592 997 1691 1064 pubere
1721 999 1821 1066 p'upillo
1847 1013 1912 1052 con-

1110 1063 1203 1118 stituto
1228 1063 1301 1116 litem
1317 1061 1501 1142 appellationis
1518 1061 1668 1116 inchoatam
1681 1065 1756 1118 iussu
1775 1065 1911 1120 consulum

1110 1131 1143 1184 ob
1160 1129 1283 1186 1111111111
1307 1145 1347 1184 rer
1367 1129 1548 1198 perfecerunt:
1579 1143 1639 1182 cnm
1661 1129 1806 1194 iudicatum
1821 1147 1911 1198 perse·

1111 1197 1156 1266 qui
1172 1213 1226 1252 nau
1242 1201 1396 1264 potuerant,
1412 1195 1530 1266 periculo
1548 1195 1643 1262 culpae
1660 1213 1714 1250 non
1736 1199 1911 1252 subiciuntur.

1113 1267 1143 1318 13
1176 1263 1220 1318 Ab
1246 1279 1295 1330 eo,
1321 1265 1367 1334 qni
1390 1263 1564 1318 restitutionis
1590 1261 1688 1316 auxilio
1719 1281 1773 1318 non
1798 1267 1911 1330 iuvatur,

1111 1333 1230 1400 quaestio
1248 1333 1343 1400 culpae
1359 1337 1477 1384 tutorum
1502 1329 1673 1384 consentione
1694 1331 1794 1386 remitti
1834 1337 1912 1398 otest,

1114 1405 1144 1454 14
1178 1413 1227 1454 nec
1250 1399 1394 1464 donatum,
1418 1399 1465 1454 sed
1486 1403 1651 1454 mansuetum
1673 1397 1782 1452 videtur.
1844 1401 1912 1468 egle-

1109 1467 1214 1534 gentiae
1230 1471 1349 1522 tutorum
1364 1465 1481 1536 periendo
1499 1467 1648 1530 nominum,
1671 1471 1833 1586 quassatae
1851 1483 1912 1522 usn-

1109 1533 1146 1590 ris
1162 1535 1307 1590 maioribus
1328 1533 1408 1600 iecit,
1431 1535 1565 1606 adscripto
1588 1533 1691 1602 pupilla
1708 1549 1752 1602 qul
1770 1549 1812 1588 1ω
1829 1537 1911 1592 actio-

1109 1619 1169 1658 nem
1195 1603 1338 1658 calendarii
1368 1609 1505 1672 praestare
1530 1603 1650 1672 cogitur,
1684 1607 1791 1656 exactas
1823 1609 1913 1658 autem

1109 1687 1204 1726 usuras
1227 1671 1328 1726 tutelae
1350 1675 1468 1740 tempore
1490 1671 1557 1726 citra
1574 1669 1654 1724 rdiam
1672 1669 1913 1738 compensationem

1112 1743 1140 1792 15
1175 1739 1278 1794 retinet.
1313 1739 1477 1794 Adulescens
1488 1739 1620 1794 tutoribus
1633 1739 1777 1802 conventis,
1790 1753 1806 1792 a
1817 1739 1913 1806 quibus

1108 1813 1194 1862 totum
1216 1807 1316 1864 serrari
1341 1823 1395 1862 non
1418 1807 1517 1876 potnit,
1541 1807 1665 1862 adversus
1688 1813 1839 1870 curatores,
1863 1809 1914 1876 {qui

1109 1875 1219 1930 tutelam
1235 1877 1271 1930 ad
1287 1891 1317 1930 se
1333 1875 1496 1946 neglegentia
1507 1891 1560 1930 non
1572 1875 1773 1942 transtulerunt,
1784 1875 1914 1944 integram

1108 1945 1239 1998 actionem
1264 1945 1373 1998 retinet:
1404 1959 1490 2014 neque
1515 1945 1583 1998 enim
1607 1945 1707 2000 tutelae
1729 1943 1827 1998 iudicio
1850 1959 1914 2000 oon·

1108 2016 1242 2080 sumptum
1273 2011 1393 2076 ridetur,
1424 2011 1495 2082 quod
1526 2011 1634 2066 alterius
1665 2011 1747 2066 officii
1772 2013 1915 2080 querellam

1112 2083 1140 2134 16
1174 2079 1275 2134 habuit.
1320 2079 1423 2146 Tutor,
1449 2079 1494 2150 qui
1519 2081 1615 2134 tutoris
1640 2079 1767 2134 idoneum
1790 2079 1914 2134 heredem

1109 2147 1248 2202 convenire
1264 2147 1358 2218 pupilli
1374 2149 1480 2202 nomine
1497 2149 1591 2212 noluit,
1609 2147 1698 2202 damni
1720 2147 1833 2204 vicarius
1850 2149 1914 2202 sub-

1108 2215 1239 2282 stituitur,
1265 2221 1297 2272 ut
1320 2217 1358 2280 is,
1385 2217 1431 2286 qui
1455 2233 1509 2272 nou
1534 2215 1659 2272 idoneum
1680 2215 1779 2272 tutelae
1795 2221 1915 2286 tempore

1110 2289 1138 2338 11
1173 2289 1326 2352 suspectum
1342 2283 1432 2338 iacere
1457 2285 1613 2354 supersedit.
1655 2287 1766 2340 Tutelae
1787 2285 1915 2340 iudicium

1106 2351 1166 2408 ideo
1190 2353 1288 2406 differri
1310 2369 1365 2408 non
1388 2359 1506 2422 oportet,
1526 2353 1605 2422 quod
1626 2353 1716 2408 1111111
1735 2359 1761 2408 11
1778 2353 1915 2408 coheredis

1111 2425 1141 2474 18
1174 2419 1320 2490 impuberis
1354 2419 1424 2476 idem
1453 2421 1565 2480 tutelam
1590 2421 1728 2476 smtineat.
1779 2419 1857 2490 Quod
1883 2419 1916 2474 de

1106 2487 1211 2558 pecude
1229 2489 1298 2566 servi
1315 2489 1427 2554 actoris,
1445 2505 1523 2558 quem
1541 2489 1696 2544 adulescens
1713 2493 1855 2568 postquam
1871 2503 1915 2542 res

1107 2571 1170 2610 suas
1193 2557 1379 2612 admimstrare
1403 2557 1490 2626 coepit
1520 2557 1703 2622 manumisit⁴,
1735 2557 1845 2612 retrnuit
1868 2561 1917 2610 aut

1107 2625 1220 2680 retinere
1235 2625 1332 2696 potuit,
1349 2623 1378 2678 in
1394 2625 1498 2680 ratione
1514 2623 1650 2680 reddenda
1674 2627 1792 2680 curatori
1808 2641 1857 2694 per
1873 2625 1914 2680 iu·

1107 2695 1192 2750 dicem
1208 2697 1319 2762 accepto
1336 2693 1444 2748 feretur.

1140 2759 1180 2818 40
1198 2759 1361 2816 11111111
1378 2765 1456 2816 scorto
1473 2777 1665 2834 responsorum
1704 2761 1839 2830 impuberi
1860 2761 1916 2816 illio

1104 2829 1227 2890 ¹centurio
1245 2833 1395 2884 curatorem
1413 2827 1493 2884 dedit.
1529 2829 1635 2884 decreto
1653 2831 1784 2898 praetoris
1801 2843 1856 2882 non
1874 2843 1915 2884 se·

1107 2903 1167 2950 ento
1185 2897 1209 2950 si
1225 2897 1290 2950 nihil
1309 2903 1417 2950 curator
1432 2897 1510 2950 datus
1525 2897 1697 2962 administret,
1715 2898 1833 2968 periculo
1852 2911 1916 2952 con-

1106 2965 1239 3020 tumaciae
1263 2965 1305 3020 rel
1335 2965 1515 3034 neglegentiae
1546 2981 1600 3020 non
1625 2965 1819 3034 adstringetur:
1854 2981 1917 3018 nem

1106 3031 1267 3102 privilegium
1291 3031 1402 3086 militum
1419 3031 1455 3088 ad
1472 3033 1584 3088 ahenam
1607 3033 1729 3088 iniuriam
1746 3033 1845 3102 porrigi
1862 3049 1917 3086 non

1106 3104 1213 3168 oportet
1229 3115 1278 3154 nec
1295 3099 1324 3154 in
1341 3099 1400 3154 aliis
1418 3101 1491 3154 circa
1513 3115 1663 3168 supremam
1679 3101 1844 3156 voluntatem
1866 3099 1916 3154 irn-

1106 3167 1217 3238 peritiae
1233 3167 1311 3222 rania
1328 3167 1408 3220 datur
1426 3183 1505 3238 quam
1523 3167 1551 3220 in
1567 3169 1644 3222 bonis
1652 3167 1772 3232 militum,
1790 3167 1837 3220 filii
1853 3183 1917 3222 vero

1105 3235 1204 3358 mltis
1211 3235 1269 3290 iure
1290 3235 1395 3304 patriae
1417 3235 1572 3304 potestatis,
1596 3251 1650 3290 non
1672 3235 1781 3290 militiae
1798 3235 1917 3304 praemio

1106 3319 1168 3358 man
1204 3307 1257 3358 tur.
1786 3345 1788 3350 .

1140 3367 1177 3426 41
1199 3369 1280 3424 Iona!
1298 3369 1366 3424 libro
1389 3371 1502 3440 septimo
1526 3385 1716 3440 responsorum
1750 3369 1802 3438 Qui
1826 3371 1917 3438 plures

1105 3443 1208 3492 tutores
1225 3437 1327 3502 habuit,
1344 3453 1436 3504 unum,
1454 3437 1499 3504 qui
1516 3437 1705 3492 solvendonon
1718 3437 1777 3504 fuit,
1787 3439 1918 3492 rationem

1106 3511 1182 3562 actua
1200 3505 1242 3560 sui
1259 3505 1342 3560 vetuit
1358 3505 1477 3560 reddere.
1496 3505 1621 3574 quoniam
1633 3505 1689 3560 eius
1700 3505 1832 3572 liberatio,
1845 3505 1918 3574 quod

1106 3589 1139 3628 ex
1155 3573 1240 3628 tutela
1256 3573 1377 3644 percepit
1394 3577 1443 3628 aut
1453 3572 1513 3628 dolo
1529 3575 1669 3640 connexit,
1687 3589 1743 3628 non
1757 3579 1798 3628 est
1814 3575 1916 3640 relicta,

1106 3647 1277 3706 contutores,
1303 3643 1349 3712 qui
1374 3647 1529 3712 suspectum
1553 3641 1643 3696 iacere
1668 3643 1857 3712 neglexerunt,
1884 3659 1918 3698 en

1106 3709 1185 3778 culpa
1209 3715 1282 3764 recte
1306 3709 1512 3764 conveniuntur:
1544 3713 1618 3766 tutor
1634 3709 1704 3764 enlm
1721 3711 1866 3780 legatarius
1884 3727 1918 3766 ex

1106 3779 1149 3832 cul
1168 3793 1192 3844 a,
1211 3793 1279 3848 quae
1296 3783 1458 3832 testamento
1475 3777 1587 3832 11111111
1604 3783 1652 3844 111,
1670 3793 1725 3832 non
1742 3785 1856 3832 tenetur.

1160 3843 1365 3904 11111111
1384 3847 1477 3916 primo
1500 3845 1685 3916 definitionum
1729 3847 1774 3902 Ex
1796 3847 1917 3916 pluribus

1105 3915 1239 3970 tutoribus
1261 3913 1290 3968 in
1313 3913 1427 3968 solidum
1450 3931 1533 3970 unum
1556 3919 1671 3970 tutorem
1692 3913 1773 3970 iudex
1792 3915 1917 3970 condem·

1105 3983 1186 4036 11111.
1212 3983 1242 4036 in
1263 3997 1321 4036 rem
1343 3997 1420 4036 suam
1436 3981 1570 4036 iudicatus
1587 3987 1747 4052 procurator
1766 3983 1845 4038 datus
1862 3985 1918 4054 pri-

1104 4051 1227 4120 vilegium
1242 4049 1337 4118 pupilli
1354 4065 1410 4104 nou
1426 4051 1544 4114 habebit,
1579 4051 1634 4104 uod
1647 4065 1698 4106 neo
1715 4049 1806 4106 heredi
1823 4051 1919 4120 pupilli

1106 4117 1197 4172 datru:
1220 4135 1275 4172 non
1298 4117 1367 4172 enirn
1391 4133 1502 4180 causae,
1525 4069 1577 4174 sei³
1594 4135 1726 4186 personae
1742 4121 1917 4186 succinditur,

1105 4201 1175 4256 quae
1190 4187 1288 4240 meruit
1304 4185 1478 4256 praecipuum
1494 4185 1618 4244 furorem.

1139 4249 1178 4312 43
1197 4253 1317 4308 Procas
1331 4255 1400 4310 libro
1417 4255 1530 4324 septimo
1548 4255 1734 4326 qaaestionem
1769 4253 1836 4328 (lum
1853 4259 1918 4324 post

1103 4327 1215 4378 mortem
1237 4321 1332 4390 pupilli
1355 4321 1454 4378 desinit
1478 4339 1536 4378 esse
1559 4339 1656 4378 nomen
1677 4321 1817 4388 idoneum,
1844 4327 1919 4376 tutor

1107 4395 1118 4444 l
1145 4391 1262 4460 periculo
1272 4391 1402 4444 eximitur.
1422 4391 1473 4460 Qui
1481 4393 1500 4456 ⁵,
1513 4409 1574 4446 cum
1592 4397 1662 4446 esset
1678 4389 1770 4446 fratris
1788 4391 1830 4444 sui
1847 4389 1920 4444 111111

1104 4463 1221 4526 curator,
1247 4457 1441 4528 quadringenta
1467 4459 1536 4514 dotis
1559 4459 1665 4514 nomine
1695 4459 1791 4512 marito
1815 4457 1872 4510 eius
1889 4471 1920 4510 se

1104 4525 1229 4582 1111111111
1245 4527 1380 4594 promisit:
1410 4543 1525 4596 quaero,
1550 4543 1586 4582 11
1604 4525 1814 4600 succurrendum
1832 4523 1867 4580 sit
1885 4523 1918 4590 ei,

1104 4609 1166 4650 cum
1182 4597 1276 4662 postea
1293 4611 1356 4650 aere
1379 4595 1466 4650 alieno
1484 4601 1632 4666 emergente
1649 4609 1731 4664 supra
1746 4591 1815 4648 vires
1832 4593 1918 4660 patri·

1103 4663 1185 4718 monii
1202 4663 1258 4718 eius
1277 4663 1326 4720 dos
1343 4663 1476 4732 promissa
1493 4665 1535 4728 sit,
1553 4663 1678 4732 quoniam
1694 4661 1724 4714 in
1739 4661 1917 4714 instrumento

1102 4729 1143 4786 ita
1160 4731 1287 4800 scripturn
1313 4733 1349 4786 sit
1375 4733 1426 4786 ‘illc
1452 4739 1564 4802 pannus
1591 4735 1618 4786 ct
1643 4733 1753 4782 curator
1778 4727 1918 4850 stigulanti

1103 4797 1270 4868 spopondit.
1294 4805 1383 4854 moret
1400 4801 1590 4870 quaestionem,
1609 4795 1680 4866 quad
1697 4811 1752 4850 non
1768 4801 1800 4850 ut
1835 4813 1850 4852 e
1868 4813 1917 4852 sno

1105 4867 1194 4922 dotem
1211 4867 1294 4932 daret,
1313 4867 1440 4924 sedeam
1463 4867 1583 4924 crederet
1604 4865 1736 4920 rationem
1758 4865 1917 4934 pupillarem

1103 4933 1235 5002 sufficere,
1252 4935 1382 5006 promisit.
1400 4943 1541 5006 praeterea
1553 4939 1579 4988 et
1595 4931 1660 4986 illud
1676 4933 1721 4986 hic
1737 4939 1827 5002 potest
1847 4941 1917 4990 trac-

1102 5005 1169 5070 tari,
1193 5011 1238 5072 ut,
1262 5005 1285 5060 si
1307 5005 1395 5084 sciens
1419 5009 1527 5060 curator
1544 5017 1598 5080 non
1615 4999 1740 5056 sufficere
1754 5005 1916 5126 premiserit,

1102 5071 1144 5126 rel
1161 5071 1275 5128 donasse
1291 5071 1413 5128 rideatur
1434 5071 1489 5136 rel,
1516 5083 1641 5140 quomam
1667 5069 1729 5126 dolo
1768 5077 1836 5140 ecrt,
1863 5089 1918 5128 non

1101 5139 1142 5194 illi
1158 5147 1339 5198 succurratur.
1361 5139 1500 5208 respondi:
1517 5143 1695 5194 curatorcum
1709 5138 1917 5198 officiumauum

1103 5223 1224 5278 egressus
1242 5215 1338 5280 sponte
1355 5225 1385 5264 se
1401 5207 1570 5276 obligaverit,
1593 5223 1649 5262 non
1672 5215 1739 5278 pato
1763 5211 1788 5266 ei
1805 5227 1822 5266 a
1838 5227 1917 5280 prae·

1101 5281 1161 5332 tore
1179 5279 1313 5332 subveniri
1339 5275 1450 5340 debere,
1476 5291 1531 5330 non
1554 5277 1637 5346 magis
1655 5281 1775 5348 quamsi
1793 5281 1918 5334 creditori

1101 5345 1208 5468 sucum
1229 5345 1371 5414 pecuniam
1394 5357 1422 5422 se
1446 5341 1572 5398 daturum
1594 5347 1795 5426 spopondisset:
1828 5347 1876 5402 sed
1894 5347 1917 5402 is

1122 5427 1206 5484 equo
1223 5417 1372 5468 1111111111
1390 5425 1413 5466 11
1430 5427 1485 5468 111
1502 5413 1619 5470 donandi
1636 5417 1733 5482 animo,
1752 5415 1800 5470 sed
1817 5415 1918 5484 negotii

1101 5479 1209 5552 gerendi
1227 5495 1310 5536 cansa
1327 5479 1416 5536 dotem
1433 5483 1569 5552 promisit,
1591 5485 1674 5540 habet
1691 5485 1830 5540 mediorem
1848 5485 1917 5540 obli-

1102 5555 1191 5620 gatam
1210 5553 1236 5602 et
1252 5551 1351 5617 poterit
1368 5549 1421 5604 diei
1439 5551 1518 5608 111111
1531 5559 1656 5608 manente
1670 5553 1838 5608 mabimonio
1858 5569 1917 5606 earn

242 5687 1919 5714 Q—„ss—,fflm-fflfflffl

239 5785 264 5838 (11
284 5783 432 5836 hereditatis
441 5787 488 5838 dcl.
538 5787 573 5850 (2)
592 5785 794 5838 hereditatemF'
847 5789 879 5850 (3)
898 5787 1397 5852 1111111111]111111111ΡἸ,1111111111Ἱ2
1449 5795 1615 5856 (1111111111Ἱ
1682 5791 1908 5856 15111111111111

1678 5879 1711 5926 tt
