4366 6258
261 387 306 430 ιι
329 383 498 430 ιιιιιιιιι
519 385 705 436 noceamus
1063 349 1125 424 351
1756 349 1864 412 XXVI
1887 355 1921 414 10

206 563 207 566 ’
261 549 338 604 rebus
363 547 538 618 pupillaribus
561 547 614 598 iam
636 553 717 598 tutor.
742 545 815 614 quod
833 547 856 598 ιι
873 545 936 616 quid
953 543 1067 610 admisit,
1118 541 1314 598 existimatione
1331 547 1414 600 tutela
1431 547 1472 600 vel
1489 547 1653 602 cursabeat.
1673 539 1758 618 sedet
1774 539 1872 618 siquis
1889 543 1924 596 ob

261 621 321 670 ante
344 619 432 670 tamen
455 615 573 678 admisit,
598 629 678 682 quam
700 617 774 666 tutor
796 617 879 676 esset,
904 613 1022 682 quamvis
1040 613 1068 666 in
1117 609 1239 664 mandem
1262 625 1315 664 nou
1337 615 1482 668 removebit
1505 613 1627 684 aliquem,
1644 609 1708 666 ιιι7
1727 623 1751 662 ιι
1768 607 1923 674 ιιιιιιιιιι,

260 681 336 738 bonis
352 681 447 750 pupilli
462 683 504 736 vel
520 681 549 734 ιι
564 681 657 746 tutela,
671 685 825 750 conpotest
839 687 980 748 suspectus
993 685 1068 734 tutor
1117 693 1171 732 non
1190 679 1240 732 erit
1256 679 1383 742 famosus,
1401 679 1463 748 quia
1479 697 1534 736 ιιι
1552 687 1592 736 ιιι
1609 679 1683 736 abire
1699 673 1786 756 tutela
1800 673 1896 730 iussus.

260 749 396 822 postulari,
419 749 482 818 quia
508 747 633 802 debetum
650 747 762 802 tutelam
779 749 931 818 praecessit.
954 745 1068 816 proinde
1151 745 1170 802 4
1188 745 1346 802 Insuiibro
1359 747 1451 814 primo
1469 749 1502 802 de
1517 751 1639 804 omnibns
1657 743 1833 802 tribunatius
1866 745 1925 798 Hae

260 819 282 874 si
299 815 391 886 pupilli
408 815 585 870 substantiam
602 815 740 896 expilant,
764 817 812 870 sed
835 821 978 886 antequam
993 819 1068 868 tutor
1117 813 1188 868 enim
1205 829 1303 868 causae
1320 811 1432 878 iaciunt,
1455 819 1486 868 ut
1502 815 1605 884 integra
1630 813 1824 872 existimatione
1841 811 1925 866 tutela

262 889 336 948 esset,
354 883 476 936 accusem
494 883 573 936 debet
589 883 721 952 exprlatae
737 883 892 938 hereditatis
911 883 1026 946 ιιιιιιιι,
1044 881 1068 936 ιι
1120 887 1130 934 l
1166 881 1209 936 rel
1226 895 1291 936 cura
1308 881 1367 950 quis
1385 881 1471 934 abeat.
1499 881 1612 938 Decreto
1628 885 1707 952 igitur
1721 881 1827 938 debebit
1843 895 1926 934 causa

263 961 276 1008 ι
309 951 403 1012 minus,
420 949 493 1004 furti
520 949 616 1018 Quaeri
651 955 729 1016 otest,
747 951 771 1006 si
787 955 861 1004 tutor
877 949 958 1004 fuerit
974 949 1067 1018 pnpilli
1115 949 1269 1004 removendi
1290 949 1446 1018 significari,
1469 953 1500 1000 ιι
1521 961 1650 1018 appareat
1672 952 1704 1007 de
1722 949 1923 1006 existimatione.

261 1021 379 1086 idemque
396 1017 431 1070 sit
448 1023 555 1072 curator
573 1021 639 1072 ιιιΙ
684 1023 745 1072 atus
760 1015 933 1080 adulescenti,
952 1033 987 1070 an
1003 1033 1066 1084 pos·
1117 1021 1133 1072 ι
1168 1015 1236 1084 Quid
1255 1033 1316 1084 ergo
1334 1017 1357 1070 si
1373 1031 1428 1070 non
1445 1015 1629 1084 significaverit
1646 1033 1754 1074 causam
1771 1017 1925 1074 remotionis

262 1087 294 1142 sit
320 1101 352 1138 ex
378 1083 480 1138 delictis
505 1085 605 1138 tutelae
629 1099 675 1138 sus
696 1089 771 1138 ectus
797 1083 936 1152 postulari.
963 1087 1068 1138 etcum
1117 1083 1224 1138 decreto
1243 1085 1311 1138 suo?
1328 1083 1491 1152 Papinianus
1508 1081 1546 1134 ait
1559 1081 1681 1140 debuisse
1698 1087 1751 1142 dici
1767 1087 1839 1142 hunc
1856 1087 1923 1140 inte-

261 1153 343 1224 possit
359 1151 459 1204 tutelae
475 1165 493 1204 a
510 1101 731 1206 ιοιιιιιιοιιιιι
744 1151 887 1216 conveniri,
901 1165 1067 1220 consequens
1117 1155 1132 1204 3
1166 1165 1230 1230 grae
1247 1165 1305 1206 esse
1322 1153 1421 1214 famae,
1448 1155 1475 1204 ιι
1500 1153 1541 1204 ιιι
1563 1165 1660 1204 verum.
1695 1153 1724 1208 Si
1740 1159 1848 1222 praetor
1865 1169 1924 1210 sen-

261 1221 308 1276 erit
326 1217 412 1272 dicere
430 1233 535 1272 cessare
552 1219 671 1288 suspecti
679 1219 885 1282 accusationem,
895 1217 958 1286 quia
967 1219 1067 1272 tutelae
1116 1223 1200 1272 tenna
1218 1235 1268 1272 sua
1281 1235 1335 1272 non
1346 1217 1487 1272 removerit
1503 1217 1595 1282 tutela,
1608 1217 1656 1270 sed
1672 1235 1762 1286 gerere
1779 1223 1923 1302 prohibuit,

262 1293 275 1342 t
309 1285 351 1354 agi
367 1285 453 1354 possit
470 1285 588 1354 deposito
606 1285 695 1340 officio
722 1291 748 1340 et
765 1285 817 1340 alio
842 1301 900 1340 sum
919 1291 954 1340 to.
993 1285 1068 1340 Idem
1117 1285 1258 1340 dicendum
1283 1293 1323 1340 est
1347 1285 1431 1354 magis
1457 1301 1530 1350 esse,
1556 1289 1586 1336 ut
1612 1289 1638 1336 et
1662 1285 1706 1340 bic
1732 1287 1835 1344 desmat
1852 1295 1925 1344 tutor

262 1355 309 1410 erit
326 1351 505 1420 quaerendum
522 1359 550 1408 ιι
565 1353 589 1408 ιι
605 1367 741 1422 proponas
758 1353 873 1422 aliquem
909 1351 990 1406 csisse
1008 1367 1066 1408 esse
1116 1357 1133 1408 4
1167 1369 1234 1408 esse.
1270 1351 1322 1420 Qut
1343 1353 1408 1408 nihil
1431 1357 1583 1422 gesserunt,
1606 1367 1660 1406 ιιι
1677 1363 1791 1420 possunt
1807 1357 1925 1426 suspecti

261 1429 372 1478 tutorem
389 1425 417 1474 et
433 1437 539 1474 rursum
557 1421 675 1490 coepisse
694 1427 733 1484 (ut
754 1425 822 1490 puta
845 1435 930 1500 usque
947 1419 982 1474 ad
999 1425 1066 1474 tem·
1136 1421 1254 1486 ustulari,
1280 1435 1371 1476 verum
1394 1423 1428 1476 ob
1451 1421 1581 1490 ignavum
1607 1421 1647 1474 vel
1671 1421 1861 1502 neglegentiam
1883 1425 1923 1478 rel

261 1507 309 1560 pus
326 1489 367 1542 vel
389 1489 425 1542 ad
443 1489 625 1544 condicionem
647 1495 705 1542 erat
728 1489 822 1552 datus,
846 1487 942 1542 demde
970 1487 1066 1542 iterum
1116 1437 1217 1556 iorum,
1235 1489 1259 1544 si
1275 1489 1335 1544 dolo
1352 1489 1483 1554 iecerunt,
1501 1495 1614 1558 possunt
1630 1503 1766 1542 removeri.

261 1559 299 1612 vel
317 1555 518 1624 superveniente
536 1555 692 1610 nondimeno
709 1555 912 1610 testamentaria
928 1555 970 1610 vel
988 1555 1066 1610 etiam
1151 1555 1193 1614 5Β
1217 1557 1298 1610 loru
1318 1557 1386 1612 libro
1412 1559 1490 1612 tertio
1516 1555 1728 1626 disputationum
1779 1555 1925 1628 Suspectus

261 1639 276 1678 a
292 1627 415 1692 praetore
431 1627 527 1692 postea
545 1621 623 1678 datus
641 1629 700 1688 ιιι),
719 1639 754 1678 an
771 1627 914 1692 suspectus
936 1623 1067 1692 postrdari
1116 1623 1173 1678 fieri
1190 1625 1213 1678 is
1232 1639 1344 1694 quoque,
1372 1625 1418 1694 qui
1443 1625 1507 1678 satis
1534 1623 1634 1678 dederit
1658 1623 1700 1676 rel
1725 1639 1797 1678 nunc
1822 1625 1925 1692 offerat,

260 1691 347 1762 possit
375 1695 402 1744 et
428 1691 491 1760 quia
517 1689 586 1744 duae
611 1691 711 1746 tutelae
737 1695 808 1756 sunt,
836 1691 859 1746 si
875 1695 925 1758 est,
943 1693 989 1762 qui
1006 1705 1067 1746 enm
1115 1697 1218 1760 potest:
1244 1707 1275 1746 ex
1295 1693 1350 1746 edit
1367 1693 1436 1746 enim
1453 1691 1554 1762 pupillo
1571 1705 1628 1744 rem
1650 1705 1725 1744 suam
1742 1689 1842 1746 salvam
1859 1693 1925 1758 iore,

261 1759 357 1814 tutelae
379 1759 477 1838 iudicio
508 1757 665 1838 conveniat,
692 1759 879 1840 aequissimum
905 1759 955 1814 erit
980 1759 1067 1814 dicere
1115 1775 1197 1880 paam
1214 1709 1322 1816 totuin
1338 1775 1395 1814 rem
1412 1759 1511 1814 salvam
1527 1759 1585 1814 tore
1598 1759 1729 1814 nandonis
1746 1757 1859 1814 habere:
1876 1777 1925 1816 nec

261 1831 274 1882 8
308 1841 413 1880 cessare
431 1841 529 1880 cumen
547 1831 672 1894 suspecti.
707 1825 736 1880 Sr
753 1831 842 1880 autem
859 1827 918 1894 ipse
934 1831 1008 1882 tutor
1026 1831 1067 1880 est
1127 1825 1242 1882 erendus
1261 1833 1301 1882 est
1319 1831 1449 1890 tentator,
1476 1829 1521 1896 qui
1544 1827 1603 1882 ideo
1628 1827 1755 1894 collegam
1772 1841 1851 1880 suum
1867 1843 1922 1882 sus·

260 1893 338 1958 solus,
355 1893 490 1962 numquid,
506 1893 572 1962 quia
588 1893 689 1948 tutelae
712 1899 813 1960 cessat,
835 1893 1008 1948 removendus
1032 1893 1067 1946 sit
1115 1899 1224 1962 pactum
1241 1909 1296 1948 non
1312 1893 1384 1960 iecit,
1401 1895 1525 1962 queniam
1544 1899 1651 1950 cautam
1670 1899 1726 1948 erat
1742 1893 1853 1962 pupillo,

260 1961 291 2016 ab
308 1961 360 2014 bac
378 1961 614 2026 administratione,
632 1961 709 2030 quasi
734 1961 839 2034 inwhac
866 1967 1010 2032 suspectus
1033 1975 1066 2014 ex
1152 1957 1193 2020 6⁸
1212 1961 1426 2018 Cannrsuasrus
1451 1961 1518 2018 libro
1544 1967 1641 2032 quarto
1670 1963 1702 2016 de
1729 1959 1926 2032 capnitionilrns

261 2045 297 2094 ιι,
317 2029 387 2098 quod
404 2029 433 2082 in
450 2029 518 2084 alia¹
538 2029 606 2082 male
628 2033 750 2084 versatus
773 2029 825 2084 siti
851 2045 912 2098 ergo
936 2035 963 2084 et
979 2029 1008 2082 in
1025 2043 1065 2094 ιι,
1117 2029 1180 2098 quia
1207 2029 1346 2084 satisdatio
1372 2029 1538 2098 propositum
1563 2029 1659 2086 tutoris
1691 2029 1847 2084 malevolum
1873 2043 1926 2082 ιιι

260 2097 303 2166 qui
320 2101 427 2152 curator
449 2097 522 2152 solus
547 2103 609 2164 post
632 2095 734 2150 finitam
757 2097 869 2152 tutelam
893 2097 1065 2152 confirmatus
1116 2101 1212 2164 mutat,
1229 2097 1275 2152 sed
1293 2095 1391 2153 diutim
1406 2099 1545 2166 grassandi
1566 2097 1595 2152 ιι
1616 2113 1647 2152 ιι
1672 2097 1796 2152 familiari
1811 2095 1926 2152 resuta-

260 2169 274 2218 9
308 2167 355 2228 est,
373 2163 444 2218 idem
461 2163 513 2218 dici
530 2169 627 2232 petest.
663 2163 738 2230 Quod
755 2163 854 2234 siquis
871 2165 1065 2218 itatutorda·
1115 2171 1170 2220 tem
1187 2169 1314 2236 praestat.

259 2237 299 2286 tus
317 2231 364 2284 sits
390 2233 486 2302 ‘quoad
503 2233 531 2286 iu
549 2231 627 2286 ltalia
644 2233 702 2296 erit,
721 2235 795 2286 tutor
812 2233 879 2286 esto'
903 2233 944 2286 vel
968 2231 1066 2302 ‘quoad
1151 2229 1190 2290 '1⁹
1212 2231 1440 2290 Uirranusiibro
1452 2233 1545 2304 primo
1564 2233 1596 2288 de
1608 2233 1731 2288 omnibns
1748 2229 1926 2286 biennalibus

260 2305 339 2354 ‘trans
356 2315 430 2354 mare
446 2317 501 2354 uon
517 2299 593 2372 ierit',
612 2315 647 2354 an
664 2299 750 2368 possit
773 2305 915 2368 suspectus
936 2299 1066 2370 postulari
1115 2301 1300 2370 Impuberlbus
1319 2299 1424 2370 quidem
1433 2317 1487 2356 non
1503 2299 1664 2370 permittitur
1673 2305 1812 2368 suspectos
1820 2299 1926 2354 facere:

259 2383 291 2422 ιι
317 2383 348 2422 eo
374 2373 463 2438 gestu,
489 2383 567 2438 quem
592 2367 799 2434 administravit,
826 2373 873 2422 ant
907 2383 969 2424 uam
990 2375 1065 2422 trans
1116 2369 1330 2424 adulescentibus
1347 2371 1427 2438 plane
1443 2369 1591 2424 volentibus
1609 2373 1749 2440 suspectos
1772 2369 1862 2424 facere
1880 2383 1926 2422 cu·

258 2449 327 2488 mare
353 2437 496 2490 abessetli
527 2441 554 2490 ιι
577 2435 661 2504 magis
687 2441 744 2500 est,
770 2441 802 2488 ut
824 2443 886 2506 post
915 2437 955 2490 ari
991 2437 1065 2502 ossit,
1115 2443 1220 2492 ratores
1238 2451 1301 2492 suos
1318 2437 1487 2516 permittitur,
1506 2437 1647 2490 dummodo
1665 2437 1926 2492 excousilioneces·

261 2507 288 2556 lo
323 2503 399 2572 quasi
421 2519 476 2558 una
498 2503 582 2556 tutela
603 2503 638 2558 sit
659 2503 762 2558 habens
779 2503 925 2558 intervalla.
961 2455 1065 2572 &quis
1119 2509 1130 2558 l
1166 2505 1298 2560 sariorum
1323 2503 1351 2556 ιιι
1375 2503 1485 2558 ιιιιιιι.
1529 2503 1557 2560 Si
1580 2503 1656 2560 fraus
1679 2521 1734 2558 uon
1751 2503 1786 2558 sit
1803 2503 1926 2570 admissa,

258 2569 378 2626 afuturus
404 2571 443 2626 rei
467 2571 592 2650 publicae
618 2587 701 2626 causa
727 2569 885 2626 desideravit
915 2571 944 2624 ιι
977 2571 1065 2626 locum
1116 2571 1164 2626 sed
1180 2573 1238 2626 lata
1255 2571 1428 2640 neglegentia,
1445 2571 1508 2640 quia
1523 2573 1576 2626 ista
1598 2587 1683 2642 prope
1705 2571 1827 2626 fraudem
1849 2587 1925 2626 acce·

257 2653 333 2692 suum
357 2639 483 2694 constitut
509 2639 589 2694 allum
611 2643 735 2704 tutorem,
760 2653 935 2692 antecessus
953 2653 987 2692 ex
1003 2645 1065 2692 ante
1116 2643 1131 2692 2
1150 2639 1197 2704 dit,
1214 2641 1343 2694 removeri
1359 2641 1431 2692 hunc
1450 2641 1526 2710 quasi
1542 2645 1696 2710 suspectum
1705 2645 1818 2708 oportet.
1844 2639 1926 2692 Prae-

257 2711 328 2776 gesto
352 2713 492 2776 suspectus
515 2707 646 2776 postulari
668 2707 773 2776 possit?
798 2713 825 2760 et
848 2707 910 2776 quia
926 2713 1017 2786 potest
1034 2723 1066 2762 ex
1116 2713 1190 2762 terea
1207 2713 1378 2762 accesserunt
1396 2707 1525 2776 quaedam
1544 2709 1645 2776 species
1664 2723 1697 2764 ex
1715 2725 1729 2764 e
1748 2707 1828 2762 istola
1844 2707 1926 2776 impe·

256 2775 342 2844 priore
359 2781 435 2844 gestu
452 2775 511 2830 utili
528 2775 632 2830 actione
658 2773 810 2840 conveniri,
835 2773 951 2830 cessabrt
972 2781 1065 2846 postu·
1115 2775 1212 2832 ιιιιιιι
1229 2775 1316 2830 nostri
1334 2781 1359 2830 et
1377 2773 1429 2830 divi
1447 2775 1535 2832 Severi
1553 2777 1698 2830 adAtrium
1711 2725 1847 2832 Olenium:
1865 2791 1939 2830 nam-

260 2849 285 2896 ll
322 2843 394 2896 latio
432 2841 460 2896 Si
478 2849 585 2898 curator
602 2845 688 2898 ventri
704 2843 836 2912 bonisque
853 2843 930 2896 datus
953 2843 1065 2898 fraudu·
1116 2845 1243 2898 adversus
1262 2859 1315 2908 ιιι,
1333 2843 1387 2914 qui,
1400 2859 1435 2898 ιι
1443 2845 1568 2898 alimenta
1577 2845 1762 2910 decernantur,
1772 2845 1815 2898 sui
1824 2845 1926 2914 copiam

257 2909 339 2968 lenter
356 2917 476 2964 versatus
494 2911 537 2976 ιιι,
556 2911 651 2966 deinde
668 2917 743 2966 tutor
761 2911 853 2974 datus,
877 2925 912 2962 an
935 2911 1066 2980 postulari
1116 2917 1287 2980 perseverant
1304 2911 1473 2978 nonfacere,
1491 2917 1522 2966 ut
1539 2911 1594 2968 suis
1611 2912 1691 2967 rebus
1716 2917 1826 2968 careant
1849 2927 1926 2980 prae-

257 2983 394 3048 suspectus
412 2983 522 3048 propter
543 2977 651 3034 fraudes
677 2979 706 3034 in
730 2993 795 3034 cura
818 2977 947 3032 admissas
971 2979 1064 3046 possit,
1117 2979 1215 3050 cipitur
1230 2979 1322 3048 reique
1338 2979 1483 3034 servandae
1502 2995 1584 3034 causa
1600 2981 1716 3048 pupillus
1733 2981 1761 3034 iu
1778 2979 1926 3048 possessio·

257 3047 372 3100 dubitari
388 3051 484 3114 potest.
504 3053 531 3100 et
548 3049 570 3100 ιι
587 3049 693 3116 quidem
716 3045 798 3100 habet
822 3049 984 3112 corrisiones,
1011 3061 1065 3100 nou
1116 3061 1176 3102 nem
1190 3047 1313 3100 mittatur
1330 3047 1394 3112 eius,
1412 3047 1458 3116 qui
1475 3053 1614 3116 suspectus
1624 3049 1785 3100 sententia1⁰
1802 3063 1852 3102 sua
1868 3047 1926 3102 fac-

275 3115 352 3170 oberit
368 3115 508 3184 postulari,
527 3115 588 3184 quia
604 3115 738 3170 conveniri
755 3119 853 3182 potest,
872 3115 958 3168 sinon
975 3115 1065 3178 habet,
1116 3121 1160 3170 tus
1178 3119 1227 3178 ιιι,
1263 3129 1365 3184 uaeque
1383 3129 1458 3168 mora
1476 3115 1607 3170 deteriora
1624 3115 1716 3170 lutura
1727 3121 1790 3170 sunt
1802 3121 1926 3170 curatore

256 3131 285 3236 ii
321 3181 436 3236 amoveri
452 3187 549 3250 potest.
574 3183 603 3236 Si
619 3187 693 3236 tutor
710 3181 832 3236 inimicus
849 3181 951 3250 pupillo
968 3197 1065 3250 paren·
1117 3187 1132 3236 3
1168 3181 1231 3236 dato
1269 3181 1362 3236 'strabi
1377 3181 1510 3236 iubentur.
1545 3183 1613 3236 ltem
1635 3183 1658 3236 si
1681 3181 1740 3250 quis
1756 3187 1830 3236 tutor
1848 3183 1926 3238 datus

256 3250 357 3304 tibusre
384 3251 440 3304 eius
465 3251 501 3304 sit
526 3257 552 3304 ιι
577 3249 734 3318 generaliter
759 3249 783 3304 si
809 3265 861 3318 qua
886 3251 958 3304 iusta
984 3263 1066 3304 causa
1116 3265 1170 3304 non
1189 3253 1350 3318 compareat,
1369 3249 1437 3304 solet
1453 3249 1546 3304 edictis
1564 3251 1677 3316 evocari,
1694 3249 1927 3320 novissimequesi

256 3325 404 3388 praetorem
421 3319 539 3382 moverit,
559 3333 608 3370 cur
623 3333 678 3372 non
696 3317 792 3372 debeat
809 3317 837 3370 ιι
856 3331 888 3370 ιι
905 3315 990 3372 tutela
1006 3331 1064 3370 ver-
1117 3317 1222 3388 copiam
1240 3319 1281 3370 sui
1307 3331 1361 3372 uon
1387 3317 1488 3382 ιιιιιιι,
1514 3323 1546 3370 ιι
1571 3323 1711 3386 suspectus
1737 3319 1866 3372 removeri
1891 3319 1925 3372 cb

260 3391 285 3438 13
321 3385 383 3450 sari,
401 3385 501 3440 reicere
519 3401 579 3440 eum
598 3385 711 3440 debebit
748 3385 859 3440 Severus
878 3383 1065 3438 ιιΑιιιιιιιι
1115 3385 1168 3440 hoc
1185 3385 1282 3454 ipsum,
1301 3385 1372 3454 quod
1390 3385 1493 3464 copiam
1511 3385 1554 3438 eui
1569 3401 1624 3440 non
1640 3383 1712 3440 fecit
1733 3385 1804 3454 quod
1821 3391 1849 3438 ιι
1865 3401 1925 3454 per·

257 3453 450 3522 rescripserunt
469 3453 597 3522 Epicurio
620 3457 739 3518 tutores,
766 3453 811 3522 qui
837 3469 879 3508 res
897 3453 993 3506 vetitas
1010 3451 1066 3506 sine
1115 3467 1176 3506 raro
1196 3459 1223 3506 et
1240 3451 1356 3520 diligenti
1373 3451 1464 3506 habita
1481 3451 1651 3522 inquisitione
1667 3451 1819 3508 laciendum
1837 3457 1886 3508 est.

257 3523 360 3576 decreto
379 3521 573 3600 distrareerunt,
597 3521 663 3574 nihil
686 3521 792 3590 quidem
812 3521 912 3600 egisse,
935 3535 1026 3574 verum
1043 3519 1068 3574 ιι
1151 3515 1201 3580 8¹¹
1226 3519 1307 3574 Ιιιιι
1334 3521 1402 3576 libro
1433 3523 1602 3592 senapesimo
1621 3523 1715 3600 primo
1750 3521 1788 3574 acl
1811 3521 1926 3602 edictum

256 3605 302 3710 u
323 3589 1065 3736 ιιιιῗιιιιιιιιιιιιιιιιθιιξιιιιιιιι
1117 3587 1926 3736 illittltpttttitt-atttttrrtnlittt

256 3725 297 3778 ιιι
321 3741 375 3780 ιιι
400 3725 496 3790 ιιιιιι,
523 3729 663 3792 suspectus
688 3731 729 3778 est
754 3725 904 3792 poteritque
927 3739 1079 3782 removen„
1117 3727 1165 3788 est,
1184 3723 1269 3778 fidehs
1295 3727 1386 3778 tamen
1411 3729 1438 3778 et
1462 3723 1584 3792 diligens,
1607 3725 1781 3778 removendus
1805 3741 1860 3780 uon
1886 3729 1926 3780 est

258 3799 285 3846 15
321 3793 375 3846 Sed
392 3793 415 3846 si
432 3809 486 3846 non
503 3793 603 3856 latitet,
631 3793 679 3846 sed
696 3807 824 3862 praesens
842 3793 906 3846 nihil
923 3807 1002 3860 posse
1019 3791 1065 3844 de-
1116 3793 1193 3862 quasi
1210 3799 1357 3862 suspectus.

256 3861 325 3914 cerni
343 3861 479 3916 contendit
497 3859 573 3928 quasi
589 3861 714 3928 inopibus
722 3863 741 3926 ³,
765 3859 788 3914 si
811 3859 880 3914 datis
898 3859 999 3928 pupillo
1017 3859 1065 3912 ad·
1132 3919 1133 3922 ,
1151 3855 1170 3916 9
1187 3859 1378 3916 Μιιιιιιιιι
1393 3859 1460 3916 libro
1481 3859 1618 3930 sinpulnrr'
1634 3859 1667 3914 de
1684 3859 1872 3916 denrarnntr'oir
1898 3859 1926 3916 Si

255 3929 354 3982 vocatis
372 3929 399 3982 in
411 3929 549 3984 mendacio
566 3929 744 3994 revincatur,
763 3925 798 3982 ad
809 3929 974 3998 praelectum
992 3927 1065 3982 urbis
1116 3933 1190 3982 tutor
1207 3927 1296 3996 aliquo
1313 3929 1418 3982 vinculo
1437 3927 1638 3982 necessitudinis
1655 3927 1697 3982 vel
1715 3929 1859 3984 adfinitatis
1876 3945 1926 3998 pu-

255 3997 427 4052 remittendus
446 4003 501 4050 est:
524 4011 611 4066 neque
629 3997 698 4050 enim
715 3997 827 4052 interest
843 3997 870 4050 id
880 4011 958 4066 agere
975 4011 1065 4066 quem-
1115 3995 1179 4064 pillo
1199 3997 1356 4050 coniunctus
1374 3997 1409 4050 sit
1424 3997 1465 4052 vel
1483 3997 1506 4050 si
1522 4001 1651 4066 patronus
1670 3997 1762 4066 pupilli
1779 3997 1866 4052 liberti
1883 4001 1926 4052 tu·

256 4081 341 4132 quam,
359 4069 391 4118 ιι
407 4069 533 4132 corrupta
549 4065 602 4120 fide
618 4063 798 4132 inquisitionis
821 4069 894 4120 tutor
918 4063 1065 4120 constitua-
1115 4062 1197 4118 telam
1214 4065 1281 4132 gerit
1299 4063 1399 4134 etquis
1418 4081 1509 4120 eorum
1526 4079 1543 4118 a
1560 4065 1827 4120 tutelaremcveudns
1837 4065 1926 4120 videa·

255 4137 304 4198 tur,
323 4149 358 4186 ιι
375 4131 516 4186 bonafide
534 4133 708 4188 coustitutum
722 4135 795 4188 velut
811 4133 972 4204 praedonem
988 4131 1066 4186 honis
1115 4135 1169 4196 tur,
1188 4133 1316 4202 optimum
1332 4131 1434 4186 factum
1451 4139 1492 4188 est
1510 4137 1659 4186 curatorem
1677 4133 1701 4186 ιι
1718 4135 1807 4202 potius
1819 4133 1927 4202 adiungi

255 4201 345 4256 aliems
371 4201 537 4256 incumbere:
569 4201 612 4254 hic
644 4215 707 4270 ergo
740 4215 795 4254 non
821 4201 899 4270 quasi
923 4205 1065 4270 suspectus
1117 4215 1197 4270 quam
1215 4201 1326 4256 eundem
1344 4217 1404 4256 cum
1421 4201 1539 4256 notrata12
1555 4201 1608 4256 fide
1626 4207 1652 4256 et
1669 4201 1862 4258 existimatione
1883 4215 1926 4254 re-

255 4269 438 4334 removebitur,
456 4267 505 4324 sed
521 4269 670 4324 remittetur
684 4267 836 4336 puniendus
851 4283 882 4324 ea
899 4285 994 4340 poena,
1013 4285 1066 4338 qua
1116 4269 1225 4324 moveri.

256 4339 340 4390 solent
357 4337 444 4402 adfici,
464 4337 508 4406 qui
525 4337 636 4390 tutelam
654 4337 787 4406 corruptis
810 4335 962 4392 ministeriis
987 4351 1065 4406 prae·
1155 4333 1192 4396 10
1211 4337 1476 4400 Prrrrmursiibro
1495 4337 1846 4408 duodecimoqnaestionnm
1872 4333 1925 4388 De·

258 4409 285 4458 ιι
320 4405 386 4458 toris
403 4405 579 4460 redemerunt.
609 4405 832 4474 qmepeouniam
849 4405 885 4460 ad
897 4405 1066 4474 praediorum
1118 4409 1191 4460 creto
1208 4405 1338 4474 praetoris
1355 4409 1386 4460 ιι
1403 4405 1824 4476 suspectusremotuspericulum
1841 4401 1926 4458 futuri

257 4473 413 4540 emptionem
431 4471 552 4528 conferre
575 4489 662 4540 neque
683 4473 827 4542 pecuniam
849 4473 982 4542 deponere
1004 4489 1065 4540 per·
1116 4475 1170 4528 tem
1190 4473 1244 4528 oris
1262 4489 1316 4528 non
1333 4473 1420 4528 timet:
1450 4475 1570 4546 iniquum
1586 4475 1655 4528 enlm
1678 4473 1782 4528 ridetur
1798 4469 1926 4526 removeri

255 4541 380 4594 nancitor
395 4547 525 4608 perstant
544 4541 633 4620 quoad
650 4541 791 4610 emptionis
818 4541 925 4596 occasio
948 4541 1065 4594 invenia-
1118 4489 1225 4608 quirfem
1250 4555 1271 4610 a
1292 4543 1377 4596 tutela
1402 4543 1443 4596 vel
1469 4559 1550 4610 cura,
1575 4543 1604 4598 in
1628 4543 1747 4596 futurum
1764 4543 1854 4592 autem
1871 4555 1925 4594 ιιι

256 4611 306 4672 tur,
325 4609 435 4662 vinculis
452 4609 566 4678 publicus
589 4609 716 4662 iubentur
740 4609 884 4672 contueri,
909 4613 936 4662 ιι
957 4609 1067 4678 insuper
1118 4621 1176 4660 esse
1193 4623 1325 4664 securum.

273 4691 302 4730 ro
320 4677 452 4744 suspectis
470 4677 611 4730 habentur.
629 4673 678 4730 sed
689 4675 827 4730 sciendum
845 4681 957 4736 estnon
975 4691 1066 4732 omnes
1154 4671 1191 4732 lt
1211 4675 1292 4730 Innu
1306 4677 1373 4732 libro
1391 4679 1484 4748 quinto
1502 4693 1692 4750 responsorum
1734 4675 1800 4728 Post
1823 4675 1926 4730 finitam

255 4691 306 4798 Eae
323 4743 463 4798 severitate
482 4745 578 4798 debere
594 4743 715 4810 tractari,
734 4743 781 4798 sed
792 4743 885 4812 utique
899 4743 1065 4798 humiliores:
1118 4741 1230 4798 tutelam
1248 4745 1362 4816 cognitio
1374 4745 1499 4814 suspecti
1514 4745 1610 4800 tutoris
1628 4743 1746 4812 quamvis
1764 4741 1866 4812 pridem
1882 4759 1924 4800 ιι-

257 4817 372 4866 ceterum
389 4827 444 4880 eos,
462 4813 508 4882 qui
524 4817 587 4866 sunt
609 4813 637 4866 ιι
656 4813 744 4880 aliqua
762 4811 890 4882 dignitate
906 4811 995 4882 positi,
1011 4829 1068 4868 nen
1118 4825 1149 4866 ce
1168 4815 1198 4864 ta
1214 4811 1333 4868 solvitur.

257 4883 284 4932 ιι
322 4881 418 4950 opinor
440 4879 551 4936 ιιιιιιιι
572 4879 688 4948 publicis
708 4879 843 4936 ἰοιιιιιιι
872 4885 1003 4948 oportere.
1039 4881 1066 4936 Is
1149 4827 1194 4936 {2
1211 4879 1317 4936 Iunios
1331 4881 1445 4942 Aonian
1462 4879 1530 4936 labro
1548 4895 1739 4950 responsorum
1772 4879 1846 4936 Nihil
1862 4897 1924 4950 pro·

255 4953 336 5014 tutor,
354 4949 399 5018 qui
416 4949 647 5002 inconsideranter
663 4947 794 5016 pupillum
809 4945 925 5002 veldolo
938 4947 1067 5002 abstinuit
1116 4947 1195 5016 poni,
1225 4963 1273 5002 cur
1294 4947 1476 5018 praescribere
1502 4953 1608 5002 curator
1625 4949 1710 5018 possit
1731 4949 1759 5002 in
1776 4951 1926 5020 cognitione

258 5017 286 5066 18
322 5015 483 5080 hereditate,
506 5023 595 5086 potest
621 5019 763 5084 suspectus
787 5013 927 5084 postulari.
963 5013 1014 5082 Qui
1031 5017 1065 5070 ob
1117 5015 1244 5084 suspecti,
1262 5031 1314 5084 quo
1329 5017 1415 5070 minus
1432 5013 1662 5084 redgiopraetoris
1677 5031 1694 5072 a
1706 5017 1831 5088 pupillari
1849 5035 1924 5074 servo

255 5083 392 5150 segnitiem
409 5083 450 5138 vel
466 5083 643 5138 rusticitatem
659 5083 783 5138 inertiam
797 5081 1009 5152 simplicitateml
1024 5083 1067 5138 vel
1117 5083 1258 5152 detegente
1273 5083 1382 5138 fraudes
1398 5083 1553 5138 instruatur.

254 5147 381 5220 ineptiam
398 5155 516 5206 remotus
541 5151 588 5218 sit,
614 5151 643 5206 in
665 5151 719 5206 hac
743 5167 825 5206 causa
851 5155 900 5214 est,
916 5155 948 5204 ut
963 5149 1066 5218 integra

256 5323 283 5386 tt)
302 5323 412 5374 aliamF
529 5321 561 5386 tt)
580 5321 675 5372 abisset
692 5321 755 5374 Hal.
860 5323 893 5384 (ι)
919 5321 992 5386 inopi
1010 5323 1065 5374 dett.
1118 5327 1221 5386 praetor
1229 5321 1339 5384 aliquem
1347 5337 1383 5370 sor
1481 5323 1514 5386 (ι)
1531 5327 1748 5392 =Jmp‚1‚2q‚12
1834 5329 1867 5392 (9]
1884 5341 1923 5392 pr,

255 5389 285 5454 tt]
304 5393 348 5442 sic.
357 5393 429 5452 Hal,
438 5389 612 5440 revindicatnr
620 5389 646 5440 F
658 5455 660 5458 Ι
702 5389 735 5456 (ti
753 5405 836 5454 neque
845 5407 891 5440 sec.
905 5387 1011 5440 Graecos
1020 5391 1065 5442 ine.
1120 5395 1132 5448 ι
1143 5401 1161 5442 1.
1172 5401 1185 5440 2
1196 5413 1230 5432 =
1238 5389 1297 5438 Inst.
1310 5389 1332 5448 1,
1342 5395 1378 5450 ιι,
1389 5397 1408 5436 4.
1419 5397 1432 5438 a
1535 5395 1579 5456 (lt)
1598 5397 1734 5458 sententia]
1744 5395 1858 5446 absentia
1866 5411 1887 5444 v,
1898 5395 1922 5444 d,

255 5461 285 5518 (t)
305 5459 423 5510 inertiam
433 5457 622 5524 simplieitatem
632 5459 678 5510 del.
785 5461 817 5522 (ιι
836 5455 1013 5520 removebitur,
1022 5459 1065 5506 sed
1118 5455 1373 5520 apndSelrnltinpium
1425 5457 1465 5520 tlt)
1483 5461 1584 5514 alm,
1599 5467 1665 5528 mg,
1676 5473 1700 5516 13
1760 5465 1803 5526 (12)
1820 5457 1926 5512 notatff
