4366 6258
267 373 309 418 on
330 369 528 418 acmoumus
548 369 649 416 nuum
670 369 808 416 vunnim
1059 349 1121 416 243
1229 303 1230 306 Ἴ
1566 355 1671 418 XVHl
1694 345 1883 418 7--XVlIII'
1904 361 1917 418 1

265 537 341 598 uenit,
359 535 548 602 postmortem
565 529 687 600 emptoris
707 531 765 584 iure
783 529 793 582 i
813 545 842 582 so
861 529 975 586 liberata
989 529 1043 584 sint
1053 533 1068 582 ¹.
1123 527 1278 582 Grunnius:
1295 529 1377 584 Divus
1388 533 1516 586 ιιιιιιιιιη
1534 533 1640 600 exlege
1660 529 1731 582 dicta
1750 529 1880 584 libertatis
1893 531 1920 584 in

266 601 401 670 respondit
413 597 558 652 secundum
568 597 783 652 constitutionem
791 547 843 650 divi
852 597 981 652 Hadriani
990 613 1071 664 super
1120 595 1257 648 vendendo
1280 597 1397 664 quamvis
1420 613 1474 650 uon
1496 601 1671 654 manumissos
1694 595 1752 650 iore
1772 595 1871 648 liberos
1893 597 1920 650 iu

266 675 315 726 hoc
329 667 459 736 prolatam
472 665 637 732 Pamphilam
651 667 677 718 et
685 663 813 728 Stichum,
829 663 861 718 de
877 665 972 734 quibus
987 679 1068 732 quae·
1121 661 1307 740 semenstribus
1325 661 1475 740 constituit,
1498 665 1561 718 licet
1577 665 1605 718 in
1621 663 1712 718 mortis
1728 667 1833 730 tempus
1850 677 1919 730 emp·

266 741 377 798 veretur,
404 733 426 786 si
449 731 603 784 manumissi
627 745 681 784 non
706 731 774 796 sint,
799 731 897 784 liberos
922 747 978 786 non
1002 745 1068 786 esse.
1120 733 1185 784 toras
1203 727 1305 784 distulit
1321 727 1440 784 venditor
1456 727 1612 784 hbertatem.

826 1415 959 1492 LIBER
980 1415 1123 1492 Nouus
1145 1411 1345 1492 uramus.

641 1609 680 1670 1³,
1115 1621 1168 1660 non
1186 1603 1365 1686 oporteteiqs
1381 1603 1434 1660 loci
1446 1601 1536 1726 (piratis
1552 1601 1680 1672 spectari,
1703 1601 1731 1656 in
1748 1617 1834 1672 quoa
1867 1607 1918 1670 tur,

372 1711 418 1762 DE
436 1709 636 1762 dimisis
653 1709 760 1760 ΕΜΡΤΙ
779 1707 945 1760 Vsslfflffl
1115 1671 1386 1806 uttuutbtu
1402 1679 1452 1796 {ii
1468 1669 1815 1804 ,restituturum
1832 1689 1918 1792 sbi}

296 1805 309 1862 1
334 1807 478 1866 [larvares
492 1811 560 1864 bbro
578 1811 699 1866 uicesimo
717 1813 810 1866 octavo
828 1807 865 1864 ud
881 1807 1011 1864 Sabinum
1037 1807 1065 1862 Si
1115 1809 1165 1864 disi
1183 1809 1253 1864 badi
1270 1813 1383 1878 oportet.

260 1897 300 1936 ras
317 1879 424 1932 vendita
440 1895 495 1934 non
511 1877 646 1942 tradatur,
664 1877 736 1932 inid
754 1879 825 1946 quod
842 1879 951 1932 interest
968 1877 1063 1946 agitur,
1149 1875 1169 1934 4
1194 1877 1314 1932 Parrus
1335 1879 1402 1932 libro
1428 1877 1521 1946 quinto
1547 1875 1584 1930 cd
1608 1873 1736 1930 auctuum
1772 1873 1800 1930 Si
1817 1891 1918 1930 servum

259 1949 309 2002 boc
326 1951 366 2000 est
383 1947 454 2014 quod
470 1961 527 2000 rem
543 1945 642 2000 habere
658 1945 770 2000 interest
788 1945 928 2014 emptoris:
946 1945 999 2000 hoc
1016 1961 1062 1998 au·
1114 1945 1179 1998 mihi
1194 1943 1334 2014 ignoranti,
1352 1945 1437 1998 sciens
1454 1943 1541 1996 furem
1557 1945 1597 1996 vel
1614 1945 1722 1996 noxium
1738 1959 1810 2008 esse,
1829 1945 1917 1996 vendi-

260 2021 311 2068 tem
327 2013 461 2068 interdum
484 2013 597 2082 pretium
621 2011 768 2082 egreditur,
792 2011 816 2068 si
838 2013 922 2082 pluris
943 2013 1063 2078 interest,
1115 2011 1198 2078 deris,
1225 2013 1343 2082 quamvis
1365 2011 1473 2080 duplam
1495 2011 1659 2080 promiseris,
1682 2011 1779 2068 teneris
1802 2011 1921 2068 mihies

263 2087 271 2134 l
308 2097 386 2150 quam
403 2097 444 2134 res
462 2083 533 2136 valet
548 2081 589 2134 vel
606 2087 694 2150 empta
712 2083 759 2134 est.
795 2079 924 2134 Venditor
941 2081 977 2146 si,
1003 2097 1063 2136 eum
1115 2087 1212 2152 empto,
1231 2081 1398 2151 quauti‘mea
1415 2079 1533 2134 intererit
1550 2081 1645 2146 scisse,
1664 2079 1726 2150 quia
1742 2095 1776 2134 ex
1793 2081 1919 2150 stipulatu

260 2149 337 2204 sciret
352 2149 450 2214 deberi,
468 2151 619 2204 servitutem
635 2149 735 2214 celavit,
753 2163 808 2202 non
823 2149 915 2204 evadet
929 2165 961 2204 ex
975 2155 1062 2218 empto
1115 2165 1146 2204 eo
1163 2149 1269 2202 nomine
1286 2163 1364 2218 agere
1379 2155 1467 2202 tecum
1484 2165 1538 2202 nou
1559 2165 1668 2218 possum
1692 2153 1834 2228 antequam
1857 2149 1920 2200 mihi

259 2217 394 2282 actionem,
413 2217 435 2270 si
452 2217 530 2272 modo
548 2233 606 2270 eam
623 2233 678 2270 rem
697 2221 798 2284 emptor
814 2217 957 2284 ignoravit:
975 2217 1064 2272 omnia
1119 2223 1128 2270 l
1165 2217 1228 2286 quid
1254 2217 1367 2272 abesset.
1403 2215 1431 2270 si
1455 2215 1549 2272 modus
1574 2217 1630 2284 agri
1655 2215 1740 2270 minor
1763 2215 1920 2280 maculatur,

259 2285 325 2338 enim
341 2299 408 2350 quae
424 2289 516 2338 contra
531 2283 630 2338 bonam
644 2283 722 2338 fidem
735 2285 804 2338 fiunt
818 2285 927 2338 veniunt
941 2285 969 2338 in
983 2285 1064 2352 empti
1114 2301 1161 2354 pro
1179 2299 1289 2340 numero
1307 2285 1424 2352 iugerum
1440 2289 1535 2340 auctor
1551 2285 1681 2352 obligatus
1700 2291 1753 2350 est,
1772 2285 1850 2352 quia,
1874 2283 1920 2338 ubi

258 2353 394 2404 actiormm.
422 2353 469 2406 sed
486 2353 554 2406 scire
570 2351 732 2406 venditorem
749 2357 777 2406 et
794 2353 879 2408 celare
902 2353 940 2408 sic
965 2353 1062 2422 accipi·
1113 2353 1208 2406 modus
1225 2353 1311 2406 minor
1326 2353 1470 2418 invenitur¹
1489 2369 1544 2408 non
1560 2359 1648 2422 potest
1664 2353 1797 2408 aestimari
1814 2351 1920 2406 bonitas

257 2437 327 2482 mus,
351 2435 405 2472 non
423 2419 508 2474 solum
526 2419 549 2474 si
566 2437 619 2474 non
638 2419 787 2484 admonuit,
812 2421 858 2476 scd
875 2427 902 2476 et
919 2421 942 2476 si
959 2421 1064 2488 negavit
1114 2421 1166 2474 loci
1189 2419 1234 2490 qui
1256 2437 1310 2476 non
1333 2425 1428 2476 exstat.
1454 2421 1572 2476 sednon
1595 2421 1679 2476 solum
1702 2421 1725 2476 si
1746 2419 1842 2476 modus
1865 2419 1921 2488 agri

258 2489 405 2542 servitutem
423 2489 501 2542 istam
520 2487 618 2554 deberi,
637 2503 697 2542 cum
716 2493 786 2542 esset
803 2489 837 2542 ab
856 2503 886 2542 eo
905 2491 1061 2558 quaesitum.
1114 2489 1195 2542 totius
1212 2489 1299 2542 minor
1316 2495 1365 2554 est,
1382 2489 1425 2558 agi
1442 2505 1503 2544 cum
1517 2491 1653 2544 venditore
1667 2495 1763 2558 potest,
1782 2487 1921 2542 sedetiam

257 2555 346 2608 sedet
368 2555 390 2610 si
413 2571 548 2626 proponas
573 2571 632 2608 eum
654 2557 692 2608 ita
716 2557 827 2610 dixisse:
852 2557 934 2612 ‘nulla
957 2557 1063 2626 quidem
1114 2557 1146 2610 de
1163 2557 1284 2626 partibus
1302 2557 1366 2622 eius,
1385 2563 1416 2610 nt
1431 2563 1497 2626 puta
1514 2557 1538 2612 si
1554 2557 1653 2612 dictum
1670 2563 1712 2612 cst
1724 2557 1817 2612 vineae
1831 2557 1922 2626 iugera

257 2623 375 2678 ‘servitus
394 2623 518 2688 debetur,
536 2641 626 2680 verum
643 2637 676 2676 ne
694 2629 811 2692 emergat
827 2625 965 2694 inopinata
982 2625 1062 2680 servi-
1113 2629 1154 2678 ιιι
1172 2641 1230 2680 esse
1247 2627 1289 2678 vel
1306 2625 1392 2680 oliveti
1410 2631 1436 2680 et
1451 2625 1539 2680 minus
1562 2625 1725 2680 inveniatur:
1747 2623 1859 2694 ideoque
1881 2623 1921 2678 bis

257 2695 319 2756 tus,
338 2707 391 2746 non
408 2691 518 2756 teneor',
541 2697 607 2760 puto
626 2707 684 2746 eum
702 2707 735 2746 ex
752 2697 841 2760 empto
860 2695 958 2758 teneri,
983 2695 1062 2762 quia⁵
1109 2693 1221 2746 casibus
1238 2709 1287 2762 pro
1305 2693 1425 2748 bonitate
1440 2693 1493 2748 loci
1509 2693 1556 2748 fiet
1573 2693 1731 2748 aestimatio.

256 2759 364 2812 servitus
388 2759 535 2814 debebatur
558 2765 585 2812 et
608 2761 708 2814 scisset.
744 2761 810 2814 sed6
835 2761 858 2814 si
884 2761 912 2814 id
938 2761 1003 2828 egit,
1028 2777 1062 2814 ne
1148 2759 1266 2818 blera
1280 2761 1347 2816 libro
1371 2763 1448 2816 tertio
1472 2761 1509 2814 od
1524 2761 1654 2816 Sabinum
1688 2761 1718 2816 Si
1738 2763 1816 2816 heres
1840 2765 1921 2814 testa·

256 2833 424 2894 cognosceret
438 2831 540 2894 emptor
554 2827 669 2896 aliquam
683 2827 836 2882 servitutem
852 2827 950 2892 deberi,
969 2829 1063 2896 opinor
1113 2833 1201 2882 mento
1220 2827 1284 2896 quid
1301 2829 1413 2882 vendere
1436 2827 1577 2884 damnatam
1601 2829 1635 2882 sit
1658 2833 1684 2884 et
1706 2827 1866 2894 vendiderit,
1891 2827 1923 2882 de

255 2909 312 2946 eum
330 2909 363 2946 ex
380 2899 468 2962 empto
486 2894 579 2948 teneri.
607 2901 633 2950 et
650 2895 808 2962 generaliter
825 2893 948 2962 dixerim,
974 2897 996 2950 si
1013 2895 1061 2948 im·
1113 2895 1236 2964 reliquis,
1261 2911 1329 2964 quae
1351 2911 1398 2962 per
1421 2895 1625 2964 consequentias
1652 2895 1790 2964 emptionis
1813 2895 1923 2964 propria

254 2961 365 3030 probato
383 2967 595 3016 morevsrsatus
613 2961 693 3016 sitin
716 2963 828 3016 celanda
852 2965 991 3028 servitute,
1017 2963 1061 3016 de·
1113 2965 1259 3028 suut,vcl
1282 2979 1315 3016 ex
1340 2967 1426 3042 empto
1449 2965 1491 3016 vel
1514 2977 1548 3016 ex
1569 2967 1727 3016 testamento
1751 2963 1794 3032 agi
1812 2979 1872 3016 cum
1891 2979 1921 3016 eo

255 3031 315 3082 berc
338 3043 398 3082 eum
421 3031 519 3094 teneri,
543 3045 597 3082 non
614 3029 636 3084 si
653 3029 791 3082 securitati
808 3045 873 3084 snae
890 3037 1063 3100 prospectum
1115 3035 1128 3084 l
1163 3029 1269 3100 poterit.
1307 3031 1359 3084 Sed
1373 3045 1395 3084 ιι
1409 3029 1477 3084 falso
1493 3029 1646 3086 existimaus
1661 3047 1689 3086 se
1698 3031 1851 3086 damnatum
1859 3045 1922 3084 ven·

254 3097 340 3150 voluit.
366 3097 434 3152 baec
451 3097 489 3150 ita
506 3113 569 3152 vera
586 3103 656 3162 sunt,
674 3097 697 3150 si
715 3103 818 3166 emptor
834 3097 963 3166 ignoravit
980 3097 1062 3152 servi·
1114 3097 1177 3152 dere
1199 3097 1358 3162 vendiderit,
1383 3097 1521 3150 fficendum
1539 3103 1580 3150 est
1597 3099 1638 3166 agi
1657 3115 1716 3152 cum
1735 3115 1765 3152 eo
1784 3115 1817 3152 ex
1835 3103 1922 3166 empto

254 3171 336 3228 tutes,
362 3165 425 3232 quia
449 3181 503 3220 non
526 3163 629 3220 ridetur
652 3181 710 3220 esse
725 3167 829 3222 ¹celatus
847 3167 892 3234 qui
909 3165 960 3220 scit
977 3181 1062 3234 neque
1113 3181 1167 3220 non
1184 3179 1273 3232 posse,
1291 3165 1416 3232 quoniam
1433 3163 1486 3220 doli
1503 3165 1566 3218 mali
1584 3165 1737 3234 exceptione
1754 3171 1830 3220 actor
1847 3181 1919 3220 sum-

254 3233 387 3286 ccmiorari
405 3233 496 3286 debuit
512 3233 558 3300 qui
575 3249 628 3288 nou
644 3233 782 3300 ignoravit.
1113 3233 1212 3286 moveri
1228 3237 1326 3300 potest,
1345 3231 1579 3300 quemadmodum,
1598 3233 1621 3286 si
1637 3233 1705 3286 falso
1724 3233 1876 3286 existimaus
1894 3247 1923 3286 se

286 3297 441 3356 ἳΡΑιιιιιι
461 3299 529 3354 libro
552 3301 645 3368 qur'uto
668 3301 706 3354 ud
722 3299 852 3354 Sabinum
887 3301 916 3352 Si
938 3301 966 3352 in
989 3315 1061 3368 emp·
1113 3301 1268 3352 damnatum
1286 3299 1350 3352 dare
1367 3299 1531 3366 promisisset
1541 3301 1569 3366 ¹¹,
1588 3307 1709 3370 agentem
1727 3299 1780 3354 doli
1796 3301 1860 3354 mali
1877 3315 1921 3354 ex-

253 3367 322 3422 tione
339 3367 432 3422 modus
451 3367 537 3422 dictus
555 3373 596 3422 est
614 3371 639 3420 et
656 3383 710 3422 nou
727 3373 894 3436 praestatur,
918 3383 951 3422 ex
973 3373 1060 3436 empto
1114 3367 1236 3436 ceptione
1254 3373 1437 3422 summoveret.
1473 3367 1635 3436 Pomponius
1654 3367 1733 3422 etiarn
1749 3367 1845 3422 incerti
1859 3383 1921 3422 eon·

256 3441 265 3490 l
302 3443 342 3490 est
365 3437 444 3490 aetio.
479 3433 573 3490 Vacua
596 3435 729 3504 possessio
754 3435 867 3504 emptori
890 3435 990 3488 tradita
1007 3451 1062 3490 non
1113 3435 1203 3488 dicere
1220 3451 1280 3488 eum
1297 3449 1376 3502 posse
1392 3435 1438 3498 ait,
1456 3439 1487 3488 ut
1503 3433 1636 3490 liberetur.

252 3505 421 3574 intellegitur,
445 3503 468 3558 si
485 3501 553 3556 alius
570 3503 598 3556 in
616 3517 648 3556 ea
664 3505 811 3572 legatorum
828 3503 922 3556 fideive
940 3503 1061 3556 commis-
1137 3499 1166 3560 ,6
1184 3501 1355 3556 Pourourrs
1370 3501 1437 3556 libro
1454 3517 1525 3556 nouo
1543 3503 1581 3556 ad
1593 3501 1723 3556 sternam
1757 3501 1877 3556 Tenetur
1891 3519 1923 3556 ex

253 3589 339 3628 sorum
366 3571 553 3628 servandorum
580 3587 662 3626 causa
683 3571 712 3624 in
734 3571 921 3640 possessione⁷
948 3577 989 3626 est
1015 3577 1063 3624 aut
1112 3575 1200 3640 empto
1218 3569 1353 3636 venditor,
1378 3569 1479 3624 etiamsi
1496 3571 1657 3638 ignoraverit
1665 3571 1686 3604 ¹²
1702 3571 1830 3626 minorem
1847 3571 1923 3624 fundi

254 3641 394 3696 creditores
419 3643 491 3696 bona
512 3639 674 3708 possideant
701 3639 772 3694 idem
794 3639 935 3694 dicendum
960 3643 1014 3704 est,
1039 3639 1062 3694 si
1115 3643 1125 3692 1
1162 3639 1270 3694 modum
1288 3655 1353 3694 esse.
1389 3637 1418 3692 Si
1433 3637 1539 3692 vendidi
1556 3637 1605 3692 tibi
1621 3637 1735 3692 insulam
1752 3643 1827 3694 certa
1841 3655 1922 3706 pecu-

254 3715 340 3762 veater
363 3709 391 3762 in
414 3707 582 3776 possessione
598 3707 653 3760 sit:
679 3721 742 3760 nam
765 3713 792 3760 et
815 3707 849 3760 ad
871 3709 924 3762 hoc
946 3707 1062 3776 pertinet
1112 3707 1157 3760 nia
1175 3711 1202 3760 et
1224 3711 1256 3760 ut
1278 3705 1358 3760 aliam
1379 3705 1493 3760 insulam
1515 3721 1602 3760 meam
1625 3705 1760 3772 reticeres,
1787 3721 1864 3774 agam
1890 3721 1923 3760 ex

252 3777 327 3832 vacui
344 3775 495 3844 appellatio.
623 3785 624 3788 ’
1112 3775 1227 3838 vendito,
1245 3779 1276 3826 ut
1292 3773 1410 3828 reficias:
1430 3774 1452 3826 si
1470 3779 1559 3828 autem
1574 3775 1627 3828 hoc
1645 3775 1738 3838 solum,
1755 3777 1787 3826 ut
1801 3775 1923 3828 reticeres

284 3841 302 3902 3
320 3841 571 3898 Pourorvruslv'bro
587 3859 657 3898 nouo
671 3841 850 3898 addubitatum
884 3841 984 3906 Ιιιιιο8
998 3855 1064 3910 pus-.
1113 3857 1181 3906 eam,
1200 3841 1381 3906 convenisset,
1398 3857 1452 3894 non
1469 3841 1630 3910 intellegitur
1647 3841 1744 3910 emptio
1763 3847 1790 3896 ιι
1805 3841 1921 3898 venditio

252 3913 382 3976 sessionis,
401 3925 470 3980 quae
487 3925 504 3964 a
519 3911 656 3964 venditore
672 3909 729 3964 fieri
747 3909 851 3974 debeat,
869 3909 930 3962 talis
948 3913 1003 3974 est,
1022 3913 1060 3974 ut,
1112 3913 1127 3962 2
1161 3907 1249 3974 iacta,
1273 3913 1304 3962 ut
1322 3913 1348 3964 et
1364 3907 1489 3964 Neratius
1507 3909 1622 3978 scripsit.
1659 3907 1711 3964 Sed
1728 3909 1750 3964 si
1768 3925 1857 3964 aream
1874 3911 1923 3964 tibi

252 3979 272 4034 si
287 3981 344 4048 quis
361 3995 419 4032 eam
433 3979 627 4048 possessionem
640 3979 699 4032 iure
713 3977 871 4042 avocaverit,
884 3975 984 4030 tradita
998 3991 1061 4046 pos·
1111 3975 1217 4030 vendidi
1235 3981 1308 4030 certo
1331 3977 1416 4044 pretio
1441 3981 1468 4030 et
1490 3977 1602 4042 tradidi,
1626 3977 1665 4030 ita
1686 3981 1718 4030 ut
1740 3977 1828 4030 insula
1851 3977 1922 4030 aedi-

254 4051 264 4102 1
300 4049 382 4102 sessio
401 4063 456 4102 non
473 4045 648 4114 intellegatur.
685 4045 713 4100 Si
736 4051 840 4114 emptor
862 4061 974 4100 vacuam
996 4059 1059 4114 pos·
1110 4045 1193 4098 ficata
1229 4051 1314 4096 artem
1331 4045 1463 4098 dimidiam
1480 4045 1544 4098 mihi
1560 4045 1693 4108 tetradas,
1718 4059 1808 4098 verum
1831 4049 1872 4100 est
1897 4051 1924 4098 et

251 4117 393 4168 sessionem
417 4113 487 4168 uadi
511 4113 653 4182 stipulatus
676 4113 712 4166 sit
736 4119 762 4166 et
785 4129 818 4166 ex
841 4113 971 4180 stipulatu
989 4117 1059 4180 agat,
1111 4117 1143 4166 ut
1165 4127 1197 4166 ae
1217 4111 1288 4166 'ficas
1312 4129 1389 4180 agere
1412 4127 1453 4166 ms
1476 4129 1556 4180 posse
1579 4127 1612 4168 ex
1634 4111 1740 4166 vendito
1758 4117 1785 4168 et
1802 4119 1833 4164 ut
1850 4111 1921 4168 aedi-

250 4183 351 4236 fructus
370 4199 424 4236 non
446 4183 553 4236 venient
575 4181 603 4234 in
626 4195 684 4234 eam
707 4181 853 4244 actionem,
881 4179 942 4248 quia
965 4183 992 4234 et
1015 4179 1061 4248 qui
1111 4179 1218 4234 ficatam
1235 4179 1300 4234 mibi
1316 4179 1437 4234 retrudas
1447 4181 1481 4234 ¹³:
1500 4179 1625 4250 quamdiu
1643 4179 1712 4234 euim
1729 4179 1830 4250 aliquid
1845 4195 1877 4234 ex
1892 4195 1922 4234 re

251 4249 360 4304 fundum
378 4249 436 4304 dari
452 4249 637 4318 stipularetur,
662 4265 774 4304 vacuam
790 4263 896 4318 quoque
912 4249 1059 4318 possessio·
1110 4249 1218 4302 vendita
1242 4249 1314 4318 apud
1337 4253 1364 4304 te
1386 4253 1551 4318 superesset,
1575 4265 1608 4302 ex
1630 4249 1736 4304 vendito
1758 4263 1801 4302 me
1823 4249 1922 4302 habere

251 4335 308 4372 nem
325 4317 397 4372 tradi
415 4317 555 4386 ιιιιιιιιι9
572 4317 693 4386 stipulari
714 4317 875 4386 intellegitur
898 4331 948 4372 nec
970 4321 1060 4370 tamen
1112 4321 1126 4370 3
1162 4317 1295 4372 actionem
1319 4323 1431 4372 constat.
1467 4315 1496 4372 Si
1517 4317 1607 4372 locum
1631 4317 1765 4386 sepulchri
1783 4317 1876 4372 emeris
1895 4321 1922 4370 ct

251 4387 383 4440 buctuum
399 4385 545 4456 praestatio
563 4401 596 4440 ea
612 4387 783 4454 stipulatione
798 4385 956 4450 continetur,
974 4399 1061 4454 neque
1111 4385 1221 4466 propius
1240 4399 1301 4440 eum
1317 4385 1413 4450 locum,
1431 4391 1573 4454 antequam
1591 4393 1711 4440 mortuus
1728 4385 1765 4438 ibi
1781 4385 1920 4448 interatur,

250 4469 339 4508 rursus
355 4453 415 4522 plus
431 4453 509 4508 dehet
522 4469 581 4508 esse
595 4453 622 4506 in
632 4453 654 4486 ¹⁰
668 4453 846 4522 stipulatione.
872 4453 1059 4522 sederempto
1111 4453 1281 4508 asmficatnn
1292 4469 1309 4508 a
1319 4453 1454 4510 venditore
1470 4453 1560 4518 luerit,
1577 4453 1676 4522 poteris
1694 4453 1801 4508 adeum
1815 4451 1919 4506 reverti.

251 4525 264 4574 2
299 4537 438 4590 superesse
455 4519 490 4574 ad
502 4521 638 4576 fructuum
652 4521 867 4592 praestationem.
904 4519 933 4576 st
946 4521 998 4576 iter
1013 4537 1058 4576 ac·
1110 4525 1128 4574 t
1161 4519 1190 4576 Si
1206 4537 1254 4576 vas
1271 4521 1379 4592 aliquod
1395 4523 1459 4576 mihi
1481 4521 1629 4576 vendideris
1652 4527 1678 4576 et
1700 4519 1797 4576 dixeris
1820 4523 1920 4572 certam

250 4593 304 4642 turn
326 4591 396 4642 uam
419 4603 505 4658 aquae
529 4590 638 4644 ductum
660 4605 709 4658 per
731 4593 808 4644 tuam
831 4589 945 4642 fundum
962 4603 1058 4654 emero,
1110 4591 1526 4660 mensuramcaperevelcertum
1541 4589 1645 4658 pondus
1660 4589 1767 4652 babere,
1783 4601 1815 4640 ex
1831 4591 1919 4656 empto

250 4673 347 4712 vacuae
364 4657 539 4726 possessionis
555 4657 663 4712 maditio
680 4657 754 4710 nulla
773 4663 827 4712 est:
851 4657 941 4726 itaque
965 4673 1059 4712 cavare
1109 4663 1198 4710 tecum
1216 4673 1301 4726 agam,
1318 4657 1341 4714 si
1358 4657 1444 4712 minus
1461 4663 1589 4726 praestes.
1616 4657 1665 4712 sed
1681 4655 1704 4708 si
1718 4669 1764 4708 vas
1779 4653 1844 4708 mibi
1856 4669 1919 4708 ven-

251 4729 264 4776 3
299 4725 378 4780 debes
402 4739 450 4794 per
473 4729 500 4778 te
522 4741 576 4780 uon
598 4725 656 4780 fieri
679 4741 731 4792 quo
749 4725 837 4780 miuus
854 4729 924 4780 utar.
960 4723 990 4780 st
1010 4739 1059 4794 per
1110 4723 1208 4780 dideris
1231 4725 1284 4792 ita,
1308 4731 1339 4780 ut
1355 4723 1508 4780 adfirmares
1525 4725 1671 4792 integrum,
1694 4723 1718 4776 si
1739 4721 1766 4774 id
1788 4721 1919 4792 integrum

250 4791 408 4846 venditorem
422 4791 477 4846 vini
489 4807 563 4846 mora
576 4791 665 4858 fucrit,
682 4809 735 4860 quo
748 4793 835 4846 minus
849 4793 975 4858 traderet,
994 4807 1058 4848 con·
1110 4809 1162 4848 non
1181 4791 1224 4858 sit,
1243 4793 1379 4860 etiamid,
1398 4793 1469 4864 quud
1487 4807 1517 4848 co
1535 4793 1640 4846 nomine
1658 4789 1824 4860 perdiderim,
1841 4807 1918 4862 prae·

250 4857 365 4912 demnari
382 4873 442 4912 eum
460 4865 572 4928 oportet,
590 4867 648 4916 utro
666 4865 786 4928 tempore
800 4861 884 4930 pluris
896 4861 984 4914 vinum
998 4861 1059 4928 fuit,
1109 4861 1194 4918 stabis
1211 4861 1289 4916 mibi:
1313 4861 1336 4916 si
1358 4879 1419 4916 vero
1442 4877 1497 4916 non
1512 4859 1542 4914 id
1558 4865 1647 4912 actum
1665 4859 1714 4924 sit,
1737 4865 1769 4912 ut
1789 4859 1919 4928 integrum

250 4927 288 4978 vel
305 4945 356 4996 quo
374 4927 445 4980 veuit
461 4927 503 4980 vel
519 4943 571 4996 qua
589 4927 621 4982 lis
638 4927 667 4982 in
684 4927 931 4982 condemnationem
949 4927 1058 4984 deduci·
1108 4931 1238 5050 praestes
1257 4927 1347 4984 dolum
1363 4931 1461 4984 malm
1475 4929 1614 4982 dumtaxat
1625 4931 1760 4996 praestare
1772 4933 1800 4984 te
1814 4927 1917 4984 debere.

249 4995 304 5058 tur,
321 4995 384 5048 item
402 5011 454 5062 quo
473 4995 533 5050 luco
549 4995 632 5062 pluris
649 4995 714 5060 fuit,
737 4995 778 5050 vel
795 5011 848 5064 quo
865 4993 938 5050 venit
953 4997 996 5050 vel
1013 4997 1059 5050 ubi
1134 4999 1200 5052 abeo
1220 5003 1314 5052 contra
1331 5003 1408 5068 putat
1426 5001 1452 5052 ιι
1466 4995 1533 5050 illud
1550 4995 1635 5050 solum
1653 4993 1861 5064 observandum,
1879 5003 1917 5062 ut,

250 5063 264 5112 4
298 5069 399 5140 agatur.
436 5061 648 5132 Quadriperem
668 5067 753 5118 torem
768 5061 961 5128 meminisset,
977 5065 1058 5118 nesti·
1108 5065 1161 5122 nisi
1174 5065 1374 5122 incontrarium
1388 5065 1446 5120 iu¹⁴
1461 5069 1551 5120 actum
1563 5063 1606 5130 sit,
1622 5063 1771 5122 omnimodo
1787 5065 1918 5134 integrum

249 5143 313 5182 man
331 5135 436 5200 oportet
452 5131 567 5200 pretium
584 5147 636 5200 quo
678 5131 798 5186 situum
821 5137 929 5200 agatur,
955 5137 1057 5200 atquo
1127 5135 1240 5190 raestari
1257 5135 1367 5190 debeat:
1392 5139 1419 5188 et
1440 5137 1481 5188 est
1503 5147 1602 5188 verum.
1630 5133 1702 5202 quod
1724 5141 1751 5188 et
1772 5135 1800 5188 in
1822 5133 1917 5190 locatis

248 5191 306 5274 loco
324 5197 433 5254 minoris
452 5199 493 5278 sit.
520 5215 595 5254 mora
612 5203 702 5278 autem
719 5201 825 5254 videtur
842 5215 913 5266 esse,
938 5199 961 5254 si
984 5201 1057 5254 nulla
1107 5151 1186 5258 galiis
1203 5203 1392 5272 praestandum
1409 5201 1537 5256 Sabinum
1553 5201 1722 5272 respondisse
1736 5203 1862 5260 Minicius
1875 5219 1917 5256 re-

250 5263 390 5320 drfficultas
407 5265 569 5320 venditorem
585 5267 725 5336 impediat,
750 5269 913 5338 quominus
930 5269 1056 5332 traderet,
1108 5275 1123 5324 5
1159 5271 1220 5326 fert.
1256 5269 1285 5324 si
1301 5269 1350 5324 tibi
1365 5271 1416 5324 iter
1431 5269 1583 5338 vendidero,
1600 5273 1639 5328 ita
1656 5273 1761 5326 demum
1778 5277 1915 5326 auctorem

248 5335 402 5398 praesentim
415 5335 438 5388 si
452 5335 524 5388 omni
536 5341 656 5404 tempore
669 5341 781 5404 paratus
793 5335 846 5390 fuit
854 5335 968 5390 tradere.
994 5335 1057 5390 item
1107 5355 1152 5394 me
1167 5339 1278 5394 laudare
1295 5337 1403 5406 poteris,
1421 5335 1445 5392 si
1460 5341 1524 5392 tuus
1540 5337 1744 5406 incutiendus,
1762 5341 1806 5394 cui
1823 5339 1917 5410 adqui-

248 5499 276 5564 (1)
296 5503 370 5554 sinF
399 5503 400 5506 ’
434 5507 467 5572 (ι)
485 5507 517 5572 cs.
531 5505 587 5558 Cod.
596 5509 621 5566 4,
632 5519 687 5570 tus
1108 5511 1236 5560 sionedal.
1322 5509 1355 5572 (s)
1373 5509 1477 5562 traditio
1489 5511 1605 5566 Calamam
1695 5513 1728 5578 (ι)
1747 5511 1916 5578 oporteredel.

279 5571 312 5636 (ι)
329 5573 739 5636 Sat.1...11.1a.1a.1v.aramum
755 5577 804 5626 Ed.
822 5587 855 5628 m.
870 5587 902 5626 14.
917 5587 950 5626 ιι.
967 5587 1054 5626 1s...ro.
1106 5579 1252 5646 Depaukota
1314 5579 1357 5640 (ιι)
1376 5575 1480 5632 istaiuu
1544 5583 1584 5644 (ιι)
1604 5581 1774 5644 promissstl'
1820 5581 1865 5644 (ιι)
1882 5581 1917 5630 sia

248 5645 341 5700 ittam
358 5641 422 5708 Pop.
433 5653 516 5694 41...43.
527 5653 623 5704 45...49;
638 5643 704 5708 App.
714 5655 803 5696 amsa.
819 5645 930 5694 -Bus
944 5643 981 5704 19,
992 5653 1057 5694 8.-
1108 5643 1191 5698 Saum
1200 5643 1409 5708 B,agncvaritb¹
1489 5647 1699 5714 (13)detradssF
1790 5649 1834 5710 (14)
1853 5643 1917 5696 ulid

252 5703 287 5770 Cf·
301 5707 357 5760 Cori.
368 5713 391 5770 4,
403 5719 431 5762 ιι
542 5711 572 5772 tt)
591 5711 627 5762 sia
636 5711 685 5762 iud.
695 5711 743 5772 ΒΨ,
753 5713 780 5760 ιι
788 5709 886 5760 venditi
895 5711 948 5762 Fet
956 5711 1006 5760 iad.
1018 5707 1056 5758 Fi
1109 5713 1161 5762 nisi
1170 5713 1197 5760 in
1206 5709 1360 5760 contrarium
1370 5731 1414 5762 scr⁴

250 5769 280 5838 (t)
299 5777 513 5844 quia1siquaser.
591 5777 625 5840 (ι)
644 5777 792 5828 sedetHal.
871 5779 903 5842 (t)
922 5777 1056 5840 inposses·
