4366 6258
266 361 326 426 VH
348 365 444 430 1118
1073 349 1131 424 tel
1223 371 1308 420 11111.
1316 373 1368 418 sn.
1376 371 1527 418 rasurus
1535 369 1606 418 eur.
1628 369 1674 416 ns
1683 367 1782 416 orna.
1790 363 1922 416 suavos

630 543 698 604 V11,
1121 539 1205 592 fundo
1222 537 1369 592 fructuario
1388 537 1502 592 servitus
1526 537 1668 604 debeatur,
1691 535 1855 592 fructuarius
1878 553 1932 590 uon

292 643 323 694 11
340 645 424 696 usus
441 641 592 694 FRUOTUS
611 643 768 692 rasurus
786 643 854 690 unu
872 641 917 690 an
936 641 1045 690 aurum
1122 607 1284 684 secuturam,
1300 605 1347 684 seu
1364 619 1441 682 usum
1458 605 1575 682 friscam
1592 607 1729 686 manicare·
1743 605 1823 658 dubet
1837 605 1931 684 'adver-

475 709 671 760 PERUNERE
689 709 861 758 NEGETUR·
1121 671 1854 808 titttitillat,fitttttrdmttdtl
1867 687 1930 792 titt

302 803 317 860 1
342 805 487 862 Uurlsucs
506 805 573 860 b'bro
597 813 690 860 octavu
709 805 809 862 rictiaco
827 805 864 860 ad
881 803 1008 860 Sabinam
1042 805 1071 858 si
1121 811 1136 860 3
1170 805 1286 860 vindicet
1304 805 1361 875 quis
1378 821 1456 858 usum
1472 805 1589 860 fructum
1606 807 1659 862 sive
1677 805 1722 860 alii
1738 811 1824 874 neget
1850 805 1932 860 Inhis

265 871 348 926 fundu
365 871 511 926 fructuario
535 873 647 926 servitus
672 871 814 936 debeatur,
839 871 985 926 Marcellus
1001 871 1069 926 libro
1121 877 1209 928 antem
1227 873 1385 938 actionibus,
1420 889 1471 926 uae
1490 873 1523 928 de
1539 889 1590 928 usu
1606 873 1696 928 fructu
1714 879 1836 940 aguntor,
1854 873 1932 926 etiam

264 943 361 994 octavo
380 939 597 1018 apud'Iuliauum
610 939 743 994 Labeonis
758 949 785 996 et
799 939 1071 994 Nervaeseutentiam
1121 945 1137 994 4
1170 941 1274 994 tructus
1291 941 1380 994 venire
1396 889 1457 1008 rbus
1475 955 1554 1008 quam
1571 941 1740 994 manifestum
1757 945 1806 994 est.
1835 939 1863 994 Si
1871 949 1931 1010 post

264 1007 362 1072 probat
380 1007 583 1060 existimantium
601 1007 752 1062 seruitutem
776 1009 881 1076 quidem
905 1021 964 1060 eum
986 1007 1070 1060 vindi-
1120 1009 1194 1062 litem
1211 1009 1244 1062 de
1261 1023 1312 1062 usu
1334 1007 1426 1062 frerctu
1451 1013 1628 1062 contestatam
1649 1009 1731 1062 fuerit
1752 1007 1844 1062 finitus
1868 1025 1932 1062 usus

265 1087 328 1126 care
352 1089 406 1126 non
428 1089 520 1142 posse,
543 1089 634 1128 verum
650 1075 861 1128 usumfructum
878 1073 1071 1128 vindicaturum
1120 1075 1233 1140 fructus,
1252 1091 1287 1130 an
1304 1075 1415 1130 ulterius
1433 1075 1537 1128 fructus
1556 1075 1678 1130 desinant
1695 1075 1803 1130 deberi?
1828 1083 1854 1130 et
1866 1081 1931 1144 puto

264 1153 298 1192 ac
314 1155 363 1208 per
378 1141 430 1192 hoc
444 1141 566 1204 ricinum,
584 1141 607 1194 si
620 1157 675 1194 non
689 1145 808 1210 patiatur
817 1159 876 1194 eum
890 1141 930 1194 ire
946 1147 972 1194 et
1019 1157 1070 1204 ere,
1121 1143 1254 1198 desineret
1272 1159 1335 1196 nam
1352 1143 1402 1198 etsi
1418 1147 1539 1196 mortuus
1556 1141 1636 1198 fuerit
1650 1141 1823 1206 fructuarius,
1841 1143 1933 1198 heredi

268 1211 279 1258 1
316 1207 399 1262 teneri
416 1209 449 1272 ei,
484 1207 543 1260 uasi
560 1223 613 1260 non
630 1211 747 1276 patiatur
764 1209 804 1262 uti
821 1207 882 1262 frui.
918 1207 1070 1264 1111111111-
1121 1211 1177 1264 eius
1196 1211 1329 1264 actionem
1343 1211 1548 1278 praeteritorum
1563 1211 1703 1264 dumtaxat
1716 1209 1852 1266 fructuum
1867 1211 1932 1264 dan-

264 1279 309 1354 tus
332 1275 434 1342 legatus
458 1225 623 1354 abmiuiculis
638 1277 649 1306 ²
664 1283 737 1344 eget,
763 1277 819 1330 sine
844 1275 939 1342 quibus
962 1277 1002 1330 uti
1018 1277 1072 1330 frui
1122 1283 1155 1330 la
1190 1279 1251 1332 dam
1259 1279 1421 1344 Pomponius
1430 1277 1497 1330 libro
1505 1277 1833 1346 quadragensimoscribit.
1847 1277 1932 1330 Fruc-

264 1357 324 1408 qms
341 1359 396 1396 non
412 1347 512 1410 potest:
533 1347 558 1396 et
574 1343 633 1396 1deo
652 1345 675 1396 si
692 1343 878 1396 ususfructus
896 1343 1006 1410 legetur,
1024 1357 1070 1396 ne·
1120 1345 1207 1398 tuam'u
1226 1345 1270 1416 qui
1286 1345 1350 1398 vicit
1367 1345 1451 1400 omnis
1470 1359 1552 1398 causa
1568 1343 1733 1400 restituenda
1749 1351 1803 1398 est:
1829 1351 1855 1398 et
1871 1345 1930 1398 ideo

266 1425 341 1462 cesse
350 1413 486 1464 esttamen
500 1411 548 1462 1113
565 1417 691 1478 sequatur
705 1427 765 1464 eum
780 1411 876 1474 aditur,
896 1425 926 1462 us
946 1425 979 1462 ue
994 1411 1069 1474 adeo,
1121 1413 1143 1466 si
1160 1413 1229 1466 servi
1245 1411 1326 1466 fuerit
1343 1429 1407 1468 usus
1430 1411 1533 1466 fructus
1556 1411 1674 1480 legatus,
1698 1411 1824 1480 quidquid
1847 1427 1880 1464 ex
1903 1429 1931 1466 re

265 1483 303 1540 ut,
322 1477 344 1530 si
362 1477 419 1544 quis
436 1493 512 1530 usum
529 1477 646 1530 fmctum
662 1479 716 1532 loci
732 1479 801 1542 leget
818 1477 865 1540 ita,
883 1427 1011 1530 neberes
1027 1493 1070 1530 co·
1120 1479 1260 1532 fructuarii
1276 1479 1317 1534 vel
1334 1495 1368 1534 ex
1385 1479 1471 1548 operis
1490 1479 1545 1534 suis
1563 1483 1722 1534 consecutus
1746 1483 1801 1544 est,
1824 1495 1930 1546 posses-

263 1551 342 1612 gatur
359 1545 426 1598 viam
443 1551 590 1612 praestare,
613 1545 741 1600 inutiliter
764 1543 816 1596 hoo
833 1543 966 1598 adiectum
983 1545 1070 1598 ridea-
1121 1551 1136 1598 5
1172 1561 1217 1600 sor
1234 1545 1342 1600 debebit
1364 1547 1511 1600 restituere.
1548 1545 1650 1600 Sedet
1674 1545 1932 1616 siiortetempore

265 1619 323 1666 tur:
349 1613 411 1666 item
437 1613 459 1666 si
482 1627 532 1666 usu
554 1611 645 1668 fructu
667 1615 754 1680 legato
779 1613 829 1664 iter
852 1611 1005 1680 ademptum
1028 1613 1070 1678 sit,
1121 1611 1305 1666 ususfructus
1324 1615 1437 1668 amissus
1455 1621 1496 1668 est
1513 1615 1564 1668 alio
1582 1615 1686 1684 quidem
1700 1615 1861 1684 possidente,
1880 1615 1930 1668 alio

264 1681 363 1734 inutilis
378 1687 417 1734 est
433 1681 571 1748 ademptio,
590 1683 651 1750 quia
665 1695 769 1748 semper
782 1681 901 1746 sequitur
913 1681 1071 1734 1111111111-
1122 1687 1210 1734 autern
1227 1681 1268 1734 liti
1285 1697 1314 1736 se
1331 1681 1473 1746 offerente,
1496 1699 1551 1736 non
1569 1681 1669 1736 sufficit
1687 1699 1746 1736 eum
1763 1697 1841 1736 usum
1856 1681 1929 1736 fruc·

266 1753 281 1800 2
316 1753 380 1802 tum.
417 1747 486 1800 Sed⁴
504 1749 526 1802 si
542 1765 608 1802 usus
625 1747 729 1800 fructus
747 1747 783 1798 sit
798 1747 917 1816 legatus,
941 1747 976 1800 ad
994 1763 1071 1816 quem
1121 1755 1178 1802 tum
1195 1749 1290 1802 iterum
1308 1763 1451 1812 renovare,
1474 1761 1566 1802 verum
1588 1765 1682 1802 carere
1699 1765 1805 1818 quoque
1823 1765 1882 1804 eum
1899 1749 1931 1802 de

266 1815 354 1870 aditus
371 1831 426 1870 non
443 1821 483 1870 est
500 1831 547 1884 per
571 1813 759 1870 hereditarium
782 1813 908 1878 fundum,
933 1831 966 1868 ex
988 1821 1070 1868 testa·
1122 1815 1251 1870 1111111111
1268 1831 1332 1870 usus
1349 1815 1453 1870 fructus
1472 1819 1590 1882 oportet:
1615 1815 1679 1884 quid
1701 1817 1770 1870 enim
1788 1817 1811 1870 si
1828 1831 1932 1870 serrum

265 1889 352 1938 mento
366 1885 456 1952 utique
471 1885 570 1954 agendo
584 1881 747 1936 fructuarius
765 1889 948 1952 consequetur,
967 1887 997 1936 ut
1011 1897 1071 1936 cum
1122 1889 1169 1936 aut
1185 1883 1298 1936 frmdum
1314 1883 1337 1936 is
1356 1883 1401 1952 qui
1418 1883 1572 1952 possidebat
1589 1883 1692 1962 pignori
1709 1885 1819 1938 deditis
1839 1901 1872 1938 ue
1897 1885 1930 1936 ab

266 1957 280 2006 3
316 1951 388 2006 aditu
406 1951 455 2006 sibi
472 1957 622 2020 praestetur
638 1967 703 2004 usus
721 1947 834 2002 fructus.
870 1949 966 2004 Utrum
983 1957 1071 2004 autem
1122 1969 1153 2006 eo
1171 1951 1217 2032 qui
1233 1951 1337 2020 pignori
1355 1951 1460 2020 accepit
1481 1951 1539 2004 iure
1561 1955 1601 2004 1111
1624 1951 1800 2020 prohibetur?
1822 1901 1932 2006 babebit

266 2021 354 2074 aditus
377 2025 480 2074 tantum
503 2027 529 2074 et
552 2023 602 2074 iter
619 2035 654 2070 an
671 2033 732 2072 rero
752 2023 779 2072 et
795 2019 837 2072 ria
855 2017 983 2072 debeatur
998 2017 1070 2072 irue-
1123 2025 1137 2074 6
1171 2023 1263 2086 itaque
1285 2017 1385 2072 habere
1408 2023 1524 2072 cautum.
1560 2017 1634 2072 Sicut
1655 2019 1803 2074 fructuario
1825 2019 1854 2072 in
1877 2035 1932 2074 rem

265 2089 351 2140 tuario
369 2089 454 2156 legato
473 2089 497 2140 11
513 2103 564 2140 usu
580 2087 684 2152 fructu,
707 2085 870 2154 Pomponius
893 2085 961 2140 libro
980 2087 1070 2154 quinto
1123 2085 1331 2140 11111111111111117
1349 2087 1437 2154 agenti
1453 2085 1560 2140 tructus
1577 2087 1732 2154 praestandi
1749 2091 1825 2152 sunt,
1848 2087 1887 2140 ita
1905 2091 1931 2140 et

266 2155 381 2210 dubitat:
401 2161 427 2210 11
443 2161 516 2210 recte
531 2159 617 2224 putat,
635 2159 715 2222 prout
732 2169 797 2208 usus
815 2153 919 2206 fructus
936 2153 1070 2222 perceptio
1121 2153 1291 2234 proprietatis
1310 2153 1426 2218 domiuo,
1444 2155 1467 2208 si
1484 2155 1621 2222 negatoria
1638 2155 1743 2208 actione
1760 2159 1866 2208 utatur:
1885 2155 1932 2206 sed

265 2227 282 2278 4
316 2223 461 2288 desiderat,
478 2225 529 2276 hoc
548 2223 572 2276 ei
587 2221 786 2290 praestandum.
823 2221 876 2276 Sed
899 2237 934 2274 au
958 2227 984 2274 11
1006 2221 1071 2274 alias
1121 2239 1149 2276 m
1166 2221 1287 2276 omnibus
1304 2221 1343 2274 ita
1360 2221 1473 2286 demum,
1491 2221 1514 2274 si
1531 2237 1584 2274 non
1601 2221 1635 2274 sit
1651 2235 1792 2292 possessor
1808 2221 1853 2290 qui
1871 2227 1932 2288 agat

265 2293 391 2346 utilitates
407 2299 433 2344 11
447 2291 586 2344 servitutes
602 2291 626 2344 ei
638 2291 716 2344 heres
732 2295 870 2360 praestare
884 2289 988 2354 debeat,
1005 2295 1071 2358 puta
1123 2295 1194 2356 (uam
1218 2295 1245 2344 et
1260 2289 1428 2360 possessori⁸
1445 2293 1623 2358 competuutlr
1648 2289 1719 2358 quod
1742 2289 1764 2344 si
1787 2289 1931 2358 possident,

264 2359 391 2414 luminum
410 2365 435 2414 et
452 2375 588 2428 aquarum,
608 2377 642 2412 an
659 2375 721 2414 vero
739 2359 813 2414 non?
838 2363 865 2412 et
881 2365 946 2428 puto
965 2371 1010 2410 eas
1029 2373 1071 2412 so·
1121 2359 1186 2412 nihil
1201 2357 1338 2412 fructuum
1355 2357 1461 2412 nomine
1478 2363 1681 2428 consequentur.
1709 2357 1773 2428 qnid
1790 2371 1852 2424 ergo
1871 2355 1929 2412 offi-

264 2427 304 2482 las
322 2435 458 2496 praestare
476 2429 695 2494 compellendum,
721 2427 778 2482 sine
795 2427 891 2496 quibus
910 2427 1015 2480 omnino
1033 2425 1073 2480 uti
1123 2427 1192 2482 cium
1208 2427 1259 2482 erit
1274 2425 1369 2480 iudicis
1404 2425 1551 2490 namhoc,
1574 2431 1604 2480 ut
1627 2443 1736 2482 securus
1754 2429 1932 2494 consequatur

265 2511 318 2548 non
341 2503 441 2564 potesta
469 2495 515 2548 sed
539 2495 562 2548 si
585 2509 645 2548 cum
668 2495 756 2562 aliquo
780 2493 948 2548 incommodo
972 2499 1071 2558 utatur,
1121 2493 1284 2548 fructuarius
1307 2493 1385 2548 fruen
1406 2493 1411 2506 '
1436 2493 1583 2558 licentiam,
1607 2495 1778 2562 proprietatis
1802 2491 1930 2554 dominos,

265 2579 319 2618 non
337 2577 394 2614 esse
411 2563 594 2630 praestandas.
1122 2577 1155 2614 111
1172 2561 1352 2628 inquietetur?

299 2627 504 2684 2Porrrorrrus
519 2629 586 2680 libro
605 2629 696 2696 quicto
716 2629 752 2680 acl
769 2627 900 2680 Sabinam
934 2627 962 2680 Si
977 2629 1009 2680 ab
1024 2629 1071 2682 he·
1157 2623 1312 2684 &Paucos
1327 2629 1395 2682 libro
1412 2629 1555 2680 vicensimo
1567 2627 1659 2696 primo
1678 2625 1716 2680 ad
1731 2627 1845 2684 edictam
1881 2627 1931 2694 Qui

264 2697 327 2750 rede
350 2711 381 2748 ex
406 2701 563 2748 testamento
584 2695 662 2746 fundi
685 2711 748 2748 usus
775 2695 878 2748 fructus
904 2695 1002 2762 petitus
1029 2695 1071 2758 sit,
1122 2695 1155 2748 de
1171 2711 1222 2750 usu
1238 2695 1329 2748 iructu
1345 2695 1472 2748 iudicium
1490 2695 1607 2764 accepit,
1624 2695 1656 2746 'si
1673 2693 1779 2748 desierit
1796 2695 1931 2762 possidere

265 2765 311 2830 qui
328 2763 436 2818 arbores
455 2761 592 2816 deiecisset
610 2769 657 2816 aut
674 2761 824 2816 aedificium
842 2761 983 2816 demolitus
1001 2771 1071 2816 esset
1122 2763 1179 2818 siue
1196 2763 1266 2830 dolo,
1284 2761 1449 2816 absolvetur:
1469 2761 1541 2832 quod
1557 2761 1580 2816 si
1596 2761 1637 2814 liti
1654 2775 1683 2816 se
1700 2761 1796 2816 obtulit
1813 2767 1840 2816 et
1856 2763 1931 2830 quasi

265 2839 312 2902 aut
335 2831 421 2900 aliquo
446 2829 524 2884 modo
548 2829 705 2884 deteriorem
727 2847 806 2884 usum
830 2829 948 2884 fructum
965 2831 1072 2884 fecisset
1121 2845 1260 2898 possessor
1283 2829 1414 2884 actionem
1438 2829 1470 2884 de
1493 2829 1657 2884 usufructu
1680 2829 1798 2898 accepit,
1822 2831 1930 2884 damna-

267 2905 314 2952 aut
331 2899 468 2952 servitutes
485 2899 643 2966 imponendo
663 2905 709 2952 aut
723 2899 869 2952 vicinorum
884 2899 992 2968 praedia
1006 2897 1071 2952 libe·
1122 2899 1201 2952 bitur.

264 2967 362 3030 raudo,
386 2967 420 3020 ad
442 2965 536 3020 iudicis
559 2967 711 3034 religionem
733 2967 861 3034 pertinet,
885 2971 916 3020 ut
938 2965 1069 3034 inspiciat,

283 3035 349 3088 ualis
368 3039 429 3088 aute
446 3033 571 3088 iudicium
590 3041 729 3102 acceptum
743 3033 843 3088 fundus
857 3035 946 3098 fuerit,
964 3039 1070 3088 11111111-
1385 3067 1387 3072 .
1482 3037 1565 3098 Vni,

264 3049 411 3154 bustuario
428 3103 480 3156 hoc
498 3103 568 3168 quod
585 3103 694 3156 interest
713 3101 745 3154 ab
765 3119 795 3156 eo
815 3107 941 3156 serretur.
1327 3135 1373 3186 DE
1391 3135 1512 3184 OPERIS
1532 3135 1714 3186 SERVORUM

299 3165 478 3226 3lucmrus
499 3169 566 3224 libro
588 3171 699 3238 septimo
723 3169 887 3240 digestorum
922 3169 972 3238 Qui
993 3185 1071 3222 usum
1717 3173 1722 3184 ¹

263 3235 380 3290 fructum
404 3235 530 3290 traditum
554 3237 604 3290 sibi
628 3253 660 3290 ex
683 3253 765 3292 causa
782 3237 977 3292 fideicommissi
995 3237 1072 3290 desiit
1159 3233 1173 3290 l
1193 3235 1701 3300 Ρ1111111111111111111111111111111
1735 3233 1930 3304 Operainactu

264 3303 291 3356 iu
309 3319 359 3358 usu
376 3303 474 3358 habere
486 3309 561 3358 tanto
577 3309 704 3372 tempore,
723 3311 831 3372 quanto,
850 3307 873 3358 si
887 3305 1000 3374 legitime
1016 3305 1071 3358 eius
1124 3303 1245 3358 consistit
1261 3319 1311 3358 nec
1328 3309 1391 3358 ante
1407 3301 1436 3356 in
1452 3319 1541 3358 rerum
1557 3311 1654 3358 natura
1671 3307 1720 3368 est,
1738 3319 1818 3370 quam
1835 3303 1857 3356 si
1874 3303 1929 3358 dies

264 3369 351 3424 factus
371 3377 454 3436 esset,
479 3373 622 3424 amissurus
641 3387 700 3424 eum
717 3371 810 3436 fuerit,
829 3373 960 3426 actionem
979 3371 1013 3424 ad
1030 3387 1071 3424 re·
1124 3369 1271 3440 venitque
1306 3371 1450 3424 raestanda
1467 3375 1516 3436 est,
1534 3369 1753 3438 quemadmodum
1771 3385 1832 3424 cum
1847 3371 1930 3440 stipu-

265 3437 424 3490 stituendunr
442 3453 501 3490 eum
517 3439 615 3492 hahere
633 3455 686 3490 non
704 3439 796 3492 dehet:
821 3445 861 3492 est
884 3439 953 3492 euim
977 3439 1071 3492 1111111-
1121 3439 1207 3490 lamur
1224 3389 1306 3506 ‘quoi
1322 3453 1355 3492 ex
1371 3439 1506 3492 Arethusa
1523 3445 1617 3492 natum
1633 3437 1701 3492 erit’.
1727 3491 1728 3494 ,

265 3505 327 3556 dum
344 3505 405 3572 plus
422 3505 486 3558 iuris
504 3505 603 3560 habere
620 3509 697 3570 eos⁵,
723 3507 767 3574 qui
783 3507 978 3574 possessiouem
996 3505 1071 3558 dum·
1157 3499 1175 3560 2
1190 3505 1409 3560 Ucrmruslibro
1417 3505 1530 3576 septimo
1540 3505 1641 3562 damino
1649 3505 1688 3560 ad
1694 3505 1809 3560 edictam
1828 3503 1931 3574 Operae

263 3577 339 3624 taxat
355 3583 420 3624 usus
437 3571 555 3638 tructus,
573 3589 626 3626 nou
644 3573 723 3626 etiam
741 3573 884 3628 dominium
901 3573 991 3641 adepti
1009 3573 1070 3626 sint.
1121 3571 1191 3626 servi
1206 3571 1309 3640 legatae
1327 3573 1422 3642 capitis
1439 3573 1584 3628 minutione
1601 3591 1656 3628 nou
1672 3571 1839 3628 amithrntur.

298 3637 828 3710 4111111111111911111111111111011
847 3645 963 3694 astartem
997 3639 1070 3694 Fun·
1155 3635 1287 3694 didatus
1301 3641 1369 3694 libro
1385 3643 1498 3712 septimo
1515 3639 1554 3694 acl
1569 3639 1683 3696 edictum
1719 3641 1866 3694 ruriacialc
1899 3643 1929 3694 In

265 3705 315 3760 dus
332 3705 450 3784 detracto
468 3723 519 3760 usu
536 3709 626 3760 fructu
643 3709 745 3776 legatus
764 3657 893 3760 11111111)
912 3713 938 3760 11
956 3707 1071 3760 eiusdem
1121 3707 1301 3782 hominislusu
1317 3707 1408 3762 fructu
1431 3723 1530 3778 operae
1552 3713 1614 3762 sunt
1638 3715 1665 3764 et
1686 3655 1721 3764 ob
1744 3723 1839 3778 operas
1862 3725 1929 3762 mer·

264 3773 340 3826 iundr
362 3789 426 3826 usus
448 3775 552 3828 fructus
575 3775 728 3842 Sempronio
752 3775 801 3828 sub
827 3775 994 3828 condicione:
1019 3775 1072 3826 dixi
1123 3773 1209 3828 cedes.
1262 3785 1263 3790 ’

264 3841 369 3894 interim
396 3857 456 3894 cum
482 3841 643 3908 proprietate
666 3857 744 3894 usum
768 3841 886 3894 iructum
913 3857 984 3906 esse,
1010 3841 1072 3894 licet
1156 3839 1272 3896 lirun
1292 3841 1927 3898 1111111111ιὶ1)111111111111111111111111111·

264 3907 383 3976 placeat,
413 3925 472 3962 cum
498 3907 618 3962 detracto
644 3925 696 3962 usu
721 3909 812 3962 fructu
836 3907 934 3962 fundus
960 3909 1071 3976 legatur,
1122 3909 1175 3964 otor·
1181 3909 1203 3940 ¹⁰
1235 3907 1353 3964 Fructus
1370 3909 1484 3964 hominis
1500 3911 1530 3964 in
1547 3911 1633 3976 bperis
1649 3909 1799 3964 consistit¹¹
1818 3915 1845 3964 11
1858 3915 1929 3964 retro

266 3975 337 4042 apud
352 3975 476 4030 heredem
492 3977 704 4030 usumfructum
721 3991 793 4030 esse:
816 3977 879 4044 quia
902 3981 978 4044 pater
995 3977 1071 4030 fami-
1121 3977 1149 4030 in
1164 3975 1256 4030 fructu
1271 3977 1385 4030 hominis
1403 3991 1500 4046 operae
1517 3983 1585 4030 sunt.
1613 3983 1639 4030 et
1655 3977 1727 4030 utin
1741 3977 1835 4030 ceteris
1851 3977 1930 4030 rebus

265 4045 315 4096 lias
338 4057 398 4096 cum
421 4043 539 4096 detracto
563 4059 614 4096 usu
638 4043 729 4096 fructu
751 4041 864 4096 fundum
885 4043 956 4112 legat
979 4049 1005 4096 et
1028 4045 1072 4096 alii
1121 4043 1224 4098 fructus
1242 4043 1362 4098 deductis
1379 4045 1536 4098 necessariis
1553 4045 1679 4114 impensis
1695 4045 1869 4114 intellegitur,
1892 4045 1932 4096 ita

265 4125 342 4162 usum
360 4111 477 4164 fructum
494 4111 543 4164 sub
563 4111 725 4174 condicione,
743 4127 797 4164 non
809 4111 861 4162 hoc
876 4111 938 4178 agit,
956 4117 987 4164 ut
1001 4111 1072 4180 apud
1123 4111 1194 4164 etin
1211 4111 1298 4180 operis
1316 4127 1459 4166 servorum.

265 4177 388 4232 heredem
404 4177 588 4232 ususfructus
606 4183 750 4232 remaneat.
1156 4177 1174 4234 5
1204 4179 1370 4234 Tusurrrus
1395 4179 1529 4234 Cerasus
1558 4177 1624 4234 bbro
1649 4183 1743 4234 octavo
1768 4177 1869 4234 decim
1895 4177 1931 4232 ud

299 4243 317 4302 5
341 4243 484 4300 Ucrraurs
500 4247 567 4300 libro
584 4249 696 4318 septimo
715 4247 816 4300 1111111111
835 4245 872 4300 od
888 4245 1001 4300 edictum
1028 4247 1071 4300 Uti
1121 4247 1206 4318 tapam
1222 4245 1323 4300 Iuliam
1340 4251 1368 4300 ct
1382 4245 1500 4318 Pupiam
1535 4245 1629 4316 Operis
1652 4243 1720 4300 serui
1742 4245 1836 4316 legatis
1853 4261 1929 4300 usum

265 4311 318 4366 frui
335 4315 375 4366 ius
394 4315 444 4366 sibi
461 4329 519 4368 esse
542 4315 614 4368 solus
638 4319 726 4382 potest
748 4313 900 4378 intendere,
924 4315 969 4382 qui
990 4315 1071 4368 habet
1122 4315 1214 4368 datum
1229 4315 1346 4384 intellegi
1363 4319 1392 4368 et
1408 4329 1456 4382 ego
1474 4315 1554 4370 didici
1571 4319 1599 4368 et
1616 4315 1736 4368 lulianus
1754 4315 1896 4368 existimat.

265 4395 343 4434 usum
359 4381 483 4444 fructum,
502 4381 621 4436 dominus
637 4389 726 4436 autem
737 4381 814 4434 iuudi
827 4397 880 4434 uon
895 4387 991 4450 potest,
1010 4385 1071 4450 quia
1155 4377 1173 4438 6
1197 4381 1424 4442 duriusculum
1442 4383 1683 4454 quinquagensimo
1701 4381 1795 4450 quanto
1809 4381 1848 4436 ad
1860 4381 1929 4436 rdic-

266 4449 312 4518 qui
326 4447 407 4502 habet
423 4449 619 4516 proprietatem,
636 4447 729 4502 utendi
745 4447 851 4502 fruendi
864 4449 906 4502 ius
920 4457 1071 4518 separatum
1123 4457 1177 4504 tam
1196 4447 1278 4504 ‘Cum
1295 4447 1328 4504 111
1345 4449 1413 4502 servi
1430 4451 1517 4518 operis
1535 4449 1644 4504 artificis
1662 4449 1760 4516 agium
1785 4465 1833 4516 pru
1852 4447 1929 4504 modo

266 4517 432 4572 nonhabet:
458 4531 506 4570 neo
530 4517 597 4570 enim
614 4523 702 4584 potest
722 4515 745 4568 ei
761 4531 826 4570 suus
843 4515 942 4568 fundus
961 4519 1069 4570 servire:
1122 4515 1300 4570 restituendae
1317 4521 1394 4582 sunt,
1420 4517 1468 4570 sed
1484 4515 1635 4570 mediastini
1651 4513 1797 4570 secuudum
1812 4515 1928 4570 ministe-

266 4585 299 4638 de
316 4599 363 4638 suo
382 4585 456 4648 enim,
474 4601 527 4636 uon
543 4585 574 4636 de
590 4585 674 4638 alieno
689 4585 747 4636 iure
761 4597 892 4652 quemque
908 4597 1071 4652 agereopor-
1125 4591 1135 4636 1
1172 4585 1253 4636 rium:
1272 4591 1299 4638 et
1315 4583 1353 4636 ita
1369 4583 1442 4636 Mela
1459 4583 1559 4638 scribit.
1595 4583 1623 4636 Si
1645 4583 1731 4636 minor
1753 4583 1830 4636 1111111
1853 4583 1929 4652 quin-

266 4657 312 4708 tet.
338 4667 497 4720 quamquam
514 4651 582 4704 1111111
596 4651 667 4704 1111ο
683 4651 804 4720 negativa
818 4651 925 4704 domino
940 4657 1072 4720 competat
1123 4667 1174 4720 que
1190 4651 1232 4704 rel
1250 4651 1343 4706 debilis
1361 4665 1452 4706 servus
1469 4651 1504 4704 sit
1520 4651 1562 4704 vel
1578 4651 1637 4720 quis
1655 4651 1738 4714 ahos,
1762 4649 1838 4702 cuius
1855 4649 1928 4716 nulla

266 4719 391 4774 adversus
408 4717 591 4782 fructuarium,
609 4717 691 4786 magis
709 4723 798 4772 tamen
814 4717 846 4772 de
862 4733 909 4772 suo
923 4717 981 4770 iure
994 4733 1071 4786 agere
1123 4733 1206 4786 opera
1228 4735 1284 4772 esse
1307 4717 1380 4786 apud
1402 4717 1537 4772 dominum
1559 4717 1660 4786 putuit,
1685 4717 1759 4770 uulla
1782 4717 1929 4778 aestimatio

266 4787 386 4840 ridetur⁶
403 4801 482 4854 quam
499 4787 597 4852 alieno,
622 4801 682 4840 crim
705 4787 786 4840 inrito
812 4801 840 4840 se
857 4789 937 4852 negat
953 4785 994 4840 ius
1013 4801 1071 4840 esse
1122 4789 1137 4840 2
1171 4783 1226 4840 fiet.
1252 4787 1319 4840 Item
1335 4785 1479 4852 voluptatis
1496 4783 1538 4838 rel
1551 4783 1697 4840 affectionis
1712 4783 1859 4836 aestimatio
1875 4799 1929 4836 non

266 4855 358 4910 utendi
374 4855 519 4908 fructuamo
537 4855 577 4906 rel
596 4853 704 4906 sibilus
728 4867 786 4906 esse
808 4853 973 4920 prohibendi.
1000 4853 1071 4920 quod
1121 4853 1271 4918 habebitur,
1288 4851 1369 4906 veluti
1386 4853 1409 4906 si
1426 4853 1547 4906 dilexerit
1563 4867 1623 4906 eum
1640 4851 1760 4904 dominus
1778 4849 1929 4904 1111111111-

266 4923 290 4976 si
305 4921 375 4978 forte
392 4922 436 4990 qui
453 4921 507 4990 agit
524 4921 644 4974 dominus
661 4921 831 4990 proprietatis
850 4937 904 4974 uon
921 4921 963 4984 sit,
981 4937 1071 4988 quam·
1123 4925 1137 4974 3
1171 4921 1239 4974 liciis
1262 4921 1394 4974 habuerit.
1430 4919 1553 4974 Ceterum
1570 4919 1689 4972 deductis
1706 4917 1863 4972 necessariis
1881 4917 1929 4972 im-

266 4989 304 5044 ris
320 4991 483 5044 fructuarius
500 4989 540 5042 ius
564 4987 655 5040 utendi
678 5005 731 5042 non
754 4990 849 5052 habet,
872 4989 960 5040 11111111
983 4993 1071 5040 tamen
1121 4987 1209 5056 pensis
1228 4987 1274 5042 fiet
1291 4987 1449 5042 aestimatio.

266 5057 333 5120 iure,
350 5073 402 5124 quo
419 5071 585 5126 possessores
604 5061 667 5110 sunt
683 5057 816 5124 potiores,
833 5057 896 5110 licet
913 5053 1014 5108 nullum
1031 5057 1071 5108 ius

268 5127 279 5176 1
316 5123 438 5178 habeant.
473 5123 567 5178 Utrum
584 5129 674 5176 autem
690 5123 816 5176 adversus
840 5123 974 5176 dominum
997 5121 1071 5176 dum·
1466 5125 1574 5184 VIII¹².

267 5195 343 5242 taxat
359 5191 387 5244 in
402 5209 461 5250 rem
478 5193 548 5246 actio
566 5191 763 5244 usufructuario
782 5197 916 5260 competat
933 5205 969 5242 an
992 5191 1070 5244 etiam
1297 5225 1343 5274 DE
1361 5221 1428 5272 USU
1443 5223 1488 5272 ΕΤ
1505 5221 1737 5272 ΗΑΒΙΤΔΤΙΟΝΕ

266 5257 391 5310 adversus
410 5263 525 5326 quemvis
542 5275 730 5326 possessorem,
749 5259 893 5326 quaeritur.
920 5263 946 5312 et
954 5257 1071 5310 lulianus
1226 5297 1227 5300 1
1738 5257 1746 5272 ’

266 5325 333 5378 libro
351 5325 459 5392 septimo
478 5327 637 5392 digestorum
661 5325 753 5378 scribit
776 5327 846 5380 hanc
869 5327 1001 5378 actionem
1024 5325 1070 5378 ad·
1157 5321 1172 5380 1
1196 5321 1825 5392 Gnrrslibroreptimoodcdictumprom'acialc
1850 5323 1929 5378 Nunc

266 5405 357 5446 versus
376 5391 491 5458 quemvis
508 5407 687 5460 possessorem
704 5393 729 5444 ei
746 5399 908 5462 competere:
927 5396 1031 5446 namet
1048 5393 1071 5444 si
1124 5395 1136 5444 1
1171 5389 1312 5446 ridendum
1326 5389 1634 5444 deusuethabitatione.
1660 5389 1837 5446 constituitur
1852 5391 1928 5450 etiam

301 5563 330 5622 (1)
349 5559 721 5616 8111.1...1;Ε11.5.1.-Βα1.
736 5563 795 5620 16,1
898 5617 899 5620 ¹
930 5563 962 5622 (1)
980 5561 1072 5612 tisias.
1159 5565 1191 5622 (9)
1209 5561 1545 5628 Eu.-Bus.tt‚r.-0fl
1560 5561 1618 5612 Coci-
1628 5563 1651 5622 3,
1661 5569 1688 5614 31
1791 5563 1835 5626 (ld)
1854 5563 1927 5614 urba·

268 5627 299 5688 (t)
318 5631 400 5674 tamen
410 5627 447 5686 ut]
461 5627 537 5674 tacite
546 5645 591 5674 scr.
602 5645 652 5676 cum
665 5627 768 5678 Graecis
887 5629 918 5690 (1)
937 5627 1071 5680 sedetser.
1123 5629 1222 5678 niciF¹
1292 5631 1332 5692 (11)
1350 5629 1710 5692 consistitHul.,constititF

269 5693 300 5752 (1)
319 5693 405 5740 eiusF
494 5693 525 5750 (6)
545 5693 708 5740 rideaturF¹
803 5697 835 5754 (1)
854 5695 1071 5746 consessoriudett.
1157 5697 1201 5758 (12)
1219 5695 1927 5766 Sat.2.4...1a14...1t;Ed.1.e.1s.1e..aa;Pap.ae.-

269 5763 301 5818 (1)
320 5759 451 5818 1111111111ι
1122 5763 1305 5822 1111111.-
1318 5767 1422 5820 11111111.
1430 5767 1488 5822 aa:
1503 5767 1626 5818 111111
