4366 6258
266 349 381 420 ers

266 543 354 594 autem
381 539 513 608 separatio
539 551 681 592 causarum
703 535 801 590 iustam
823 535 954 592 rationem
976 537 1072 592 habet:

267 609 363 676 quippe
387 621 447 658 cum
470 605 528 672 quis
551 605 630 658 iidem
653 603 731 672 elegit
753 619 803 658 uec
821 605 969 674 depositum
986 605 1073 658 reddi·

267 679 324 738 tur,
347 679 486 726 contentus
505 687 563 726 esse
580 673 658 726 debet
676 671 783 740 simplo,
809 689 868 726 cum
885 689 947 728 vero
966 677 1074 728 extante

266 739 425 796 necessitate
447 739 576 808 deponat,
602 739 697 792 crescit
719 739 845 818 perfidiae
863 741 961 796 crimen
980 745 1006 794 et
1023 757 1072 808 pu·

266 807 337 862 blica
359 807 460 862 utilitas
484 807 631 862 coercenda
649 811 690 860 est
706 807 879 862 vindicandae
895 809 933 862 rei
950 809 1074 876 publicae

267 889 362 928 causa:
389 879 429 928 est
452 875 520 928 enim
542 875 652 928 inutile¹
670 875 699 928 11
716 877 804 930 111111
821 877 971 930 huiusmodi
994 875 1074 928 fidem

266 945 282 994 d
316 941 446 1008 frangere.
482 943 555 1008 Quae
581 941 707 1008 depositis
732 943 812 1000 rebus
842 943 987 1008 accedunt,
1019 959 1074 996 ncn

266 1013 330 1062 sunt
352 1009 486 1078 deposita,
509 1015 540 1062 ut
563 1015 629 1078 puta
650 1009 674 1064 si
690 1011 768 1066 homo
787 1013 897 1066 vestitus
917 1009 1073 1078 deponatur,

266 1077 346 1130 vestis
365 1077 433 1130 enim
451 1093 504 1130 non
523 1081 564 1130 est
581 1075 714 1144 deposita:
740 1095 790 1132 nec
808 1081 830 1132 si
849 1093 930 1146 equus
949 1093 1010 1132 cum
1028 1093 1073 1132 ca-

267 1147 282 1196 6
317 1145 417 1212 111111,
441 1159 501 1198 111
524 1145 597 1198 solus
622 1161 704 1214 equus
722 1147 858 1216 depositus
876 1149 924 1198 est.
959 1145 987 1198 81
1010 1161 1072 1198 111-

265 1213 351 1276 venit,
376 1217 405 1264 ut
428 1213 456 1264 in
479 1213 597 1280 deposito
622 1219 648 1268 et
673 1213 753 1282 culpa
769 1219 933 1282 praestetur,
956 1219 1016 1266 rata
1034 1219 1075 1266 est

267 1279 420 1334 conventio:
440 1285 591 1334 contractus
611 1281 678 1336 enim
692 1285 775 1350 legem
791 1297 823 1334 ex
839 1279 1011 1334 conventione
1029 1297 1073 1334 ac-

268 1351 281 1396 1
318 1347 426 1414 cipiunt.
461 1347 530 1400 lllud
539 1363 593 1402 non
601 1351 736 1418 probabis,
752 1349 840 1402 dolum
854 1363 909 1400 non
924 1363 982 1402 esse
996 1363 1073 1416 prae-

267 1415 391 1468 standum
413 1413 437 1468 si
455 1417 618 1472 convenerit:
642 1433 704 1470 nam
726 1417 793 1470 haec
817 1417 954 1468 conventio
980 1421 1074 1470 contra

266 1483 363 1538 bonam
381 1483 459 1536 iidem
477 1489 621 1552 contraque
638 1487 722 1540 bonos
740 1499 826 1536 mores
845 1487 886 1538 est
904 1489 930 1536 et
947 1483 1006 1540 ideo
1024 1499 1074 1538 neo

267 1555 282 1604 8
317 1551 451 1620 sequenda
473 1557 521 1606 est.
557 1553 585 1606 81
602 1555 757 1606 vestimenta
774 1551 905 1606 servanda
926 1551 1074 1608 balneatori

266 1619 330 1672 data
352 1619 498 1688 perierunt,
524 1621 546 1674 si
564 1621 668 1690 quidem
686 1619 784 1672 nullam
801 1619 948 1672 mercedem
968 1635 1073 1674 servan-

267 1687 360 1742 dorum
377 1687 591 1744 vestimentorum
610 1687 720 1756 accepit,
740 1687 852 1754 depositi
870 1701 930 1740 eum
947 1687 1032 1742 teneri
1049 1693 1074 1740 et

267 1755 357 1810 dolum
374 1755 513 1810 dumtaxat
529 1761 666 1878 11111111
683 1755 779 1808 debere
796 1759 875 1822 puto:
900 1755 971 1824 quod
989 1757 1011 1810 si
1029 1771 1073 1810 11-

267 1829 282 1878 9
318 1825 400 1894 cepit,
425 1841 458 1880 ex
482 1843 531 1880 con
552 1831 623 1878 uoto.
659 1823 768 1890 Siquis
795 1837 899 1878 servum
923 1823 1074 1878 custodien-

267 1893 329 1946 dum
347 1893 488 1950 coniecerit
504 1893 574 1946 forte
590 1893 618 1945 in
634 1891 787 1960 pistrinum,
813 1891 835 1944 si
853 1891 957 1960 quidem
974 1909 1074 1946 merces

266 1961 406 2016 intervenit
437 1961 587 2024 custodiae,
619 1963 683 2026 puto
710 1973 767 2012 esse
793 1959 924 2014 actionem
949 1959 1074 2014 adversus

266 2029 446 2098 pistrinarium
470 2043 504 2082 ex
527 2027 673 2080 conducto:
698 2027 804 2080 sivero
829 2027 978 2082 mercedem
1003 2029 1078 2086 acci-¹

266 2099 370 2168 piebam
389 2113 435 2166 ego
454 2113 502 2166 pro
521 2095 572 2150 hoe
590 2111 679 2162 servo,
704 2111 781 2164 quem
799 2095 827 2150 11
844 2095 985 2164 pistrinum
1004 2097 1074 2152 acci-

266 2167 369 2236 piebat,
394 2181 428 2218 ex
452 2167 540 2218 locato
558 2179 600 2218 me
617 2179 696 2230 agere
718 2179 810 2234 posse:
837 2165 909 2234 quod
932 2165 954 2220 si
978 2181 1075 2236 operae

267 2233 323 2288 eius
350 2233 418 2288 servi
443 2251 502 2288 cum
526 2232 647 2286 custodia
669 2233 865 2302 pensabantur',
893 2233 970 2302 quasi
992 2249 1074 2302 genus

266 2302 348 2357 locati
367 2307 393 2356 et
411 2301 535 2356 conducti
551 2301 705 2368 intervenit,
729 2299 776 2356 sed
800 2301 861 2372 quia
882 2301 998 2372 pecunia
1021 2317 1075 2356 uon

267 2371 360 2436 datur,
379 2371 549 2440 praescriptis
568 2369 654 2424 verbis
673 2371 752 2424 datur
769 2369 854 2426 actio:
878 2371 901 2426 si
924 2387 985 2426 vero
1010 2371 1074 2424 nihil

267 2439 340 2494 aliud
364 2455 443 2508 quam
466 2439 566 2494 11111111
589 2441 744 2508 praestabat
765 2455 815 2494 nec
839 2439 872 2494 de
894 2441 982 2508 operis
1000 2441 1074 2508 quic-

269 2513 298 2560 10
334 2525 412 2576 quam
430 2509 565 2572 convenit,
589 2507 703 2576 depositi
720 2505 789 2560 actio
809 2513 857 2562 est.
891 2509 924 2560 ln
941 2507 1074 2562 conducto

267 2581 293 2630 et
309 2577 398 2630 locato
417 2581 444 2630 et
459 2575 488 2628 in
505 2575 625 2644 negotio,
643 2577 684 2630 'ex
701 2589 752 2642 quo
772 2575 885 2628 diximus
922 2575 1074 2644 raescriptis

266 2643 352 2698 verbis
371 2643 485 2696 dandam
503 2645 648 2708 actionem,
673 2647 700 2696 et
722 2641 812 2696 dolum
830 2647 857 2696 et
874 2593 1074 2714 1111111111-

266 2713 376 2768 stabunt
402 2711 447 2780 qui
469 2727 573 2766 servum
596 2715 769 2782 receperunt:
793 2714 821 2764 at
843 2711 866 2766 si
890 2711 990 2766 cibaria
1014 2717 1074 2764 tan·

266 2779 354 2844 tum2,
378 2779 467 2834 dolum
491 2779 636 2834 dumtaxat.
664 2795 805 2848 sequemur
820 2783 923 2844 tamen,
947 2785 978 2834 ut
994 2779 1073 2834 Pom-

267 2849 362 2916 ponius
380 2847 432 2914 ait,
452 2851 478 2902 et
497 2849 561 2916 quid
576 2849 728 2902 habuerunt
745 2849 924 2916 proscriptum
941 2851 989 2902 aut
1012 2849 1075 2918 quid

267 2917 432 2982 convenerit,
458 2917 597 2970 dummodo
623 2917 738 2970 sciamus
762 2921 788 2970 et
806 2917 828 2970 si
852 2917 915 2986 quid
937 2915 989 2970 fuit
1012 2931 1074 2986 pro-

266 2985 408 3052 scriptum,
428 2983 517 3040 dolum
534 2989 624 3038 tamen
641 3001 687 3040 eos
704 2989 887 3052 praestaturos
905 2983 950 3052 qui
967 3001 1074 3052 recepe·

268 3059 296 3106 11
333 3057 408 3118 runt,
428 3053 472 3122 qui
489 3053 561 3106 solus
578 3053 606 3106 in
625 3051 773 3122 depositum
791 3053 870 3106 venit.
907 3053 935 3106 81
952 3057 1074 3122 terega·

265 3135 341 3184 vero,
365 3125 395 3174 ut
416 3137 471 3174 rem
489 3137 575 3174 meam
591 3121 711 3190 perferas
729 3121 764 3176 ad
782 3121 893 3186 Titium,
917 3125 948 3174 ut
970 3121 993 3174 is
1017 3137 1075 3174 eam

266 3193 365 3252 servet,
393 3205 447 3258 qua
472 3189 577 3244 actione
602 3193 691 3244 tecum
717 3191 829 3258 experiri
854 3205 977 3258 possum,
1004 3189 1075 3258 apud

265 3257 439 3324 Pomponium
458 3259 600 3324 quaeritur.
628 3261 654 3310 et
671 3265 748 3326 putat
764 3263 853 3312 tecum
870 3257 996 3324 mandati,
1016 3273 1076 3310 cum

267 3339 297 3376 eo
317 3341 392 3392 vero,
411 3325 456 3394 qui
474 3341 519 3380 eas
536 3341 579 3380 res
596 3325 738 3394 receperit,
758 3325 884 3394 depositi:
910 3325 932 3380 si
949 3341 1011 3380 vero
1028 3331 1075 3380 tuo

266 3391 371 3448 nomine
389 3393 532 3462 receperit,
556 3399 587 3448 tu
611 3393 716 3464 quidem
740 3395 804 3448 mihi
827 3393 945 3448 mandati
968 3393 1074 3460 teneris,

266 3461 367 3514 illetibi
383 3463 503 3530 depositi,
519 3477 597 3532 quam
613 3463 744 3518 actionem
759 3463 823 3516 mihi
836 3463 986 3532 praestabis
1000 3479 1074 3516 man-

269 3533 298 3582 12
335 3529 390 3582 dati
411 3529 508 3586 iudicio
534 3537 687 3586 conventus.
722 3531 799 3600 Quod
823 3533 845 3586 si
868 3547 924 3584 rem
941 3529 990 3584 tibi
1007 3529 1075 3596 dedi,

266 3601 311 3662 ut,
331 3597 353 3652 si
370 3597 456 3652 Titius
472 3613 528 3652 rem
545 3613 599 3652 non
617 3599 773 3668 recepisset,
798 3605 827 3652 tu
846 3597 1007 3664 custodires,
1025 3613 1075 3652 nec

268 3679 326 3718 eam
342 3665 455 3734 recepit,
478 3667 621 3720 videndum
644 3667 697 3732 cst,
725 3673 813 3720 utrum
836 3665 949 3734 depositi
971 3671 1076 3720 tantum

268 3751 302 3788 an
320 3739 347 3788 et
363 3733 480 3786 mandati
498 3733 567 3790 actio
587 3735 628 3790 sit.
656 3739 683 3790 et
696 3735 858 3802 Pomponius
874 3733 990 3788 dubitat:
1009 3739 1074 3802 puto

266 3807 356 3856 tamen
372 3801 490 3854 mandati
509 3819 567 3856 csse
584 3803 722 3866 actionem,
742 3805 804 3870 quia
817 3803 920 3870 plenius
934 3801 986 3856 fuit
999 3817 1074 3856 man-

270 3875 299 3924 13
335 3871 426 3922 datum
449 3871 550 3926 habens
575 3877 601 3922 et
626 3871 762 3924 custodiae
777 3871 869 3938 legem.
904 3871 1074 3924 1111111111-

267 3937 362 4008 pouius
381 3937 497 4006 quaerit,
516 3939 537 3994 11
554 3939 604 3992 tibi
621 3937 795 4002 mandavero,
814 3943 916 3992 utrem
934 3939 968 3992 ab
986 3939 1074 4006 aliquo

268 4023 325 4060 meo
344 4007 450 4060 nomine
466 4011 600 4076 receptam
620 4007 762 4072 custodias,
780 4007 861 4076 idque
877 4007 981 4072 feceris,
999 4021 1074 4060 man-

267 4075 323 4130 dati
345 4091 380 4128 an
403 4075 515 4144 depositi
536 4075 659 4130 tenearis.
689 4081 714 4128 et
731 4075 814 4144 magis
837 4075 934 4144 probat
957 4075 1076 4130 mandati

270 4149 300 4198 14
337 4145 540 4208 esseactionem,
551 4143 984 4212 111111111111111111111111111.
1002 4143 1074 4198 Idem

267 4213 428 4282 Pomponius
451 4213 567 4282 quaerit,
590 4213 614 4266 si
636 4211 708 4280 apud
731 4217 758 4264 te
780 4213 910 4266 volentem
934 4213 1074 4282 11111111-

267 4297 332 4336 nere
347 4281 455 4336 iusseris
473 4281 544 4350 apud
562 4281 684 4336 libertam
702 4285 776 4334 tuum
795 4279 942 4348 deponere,
960 4297 1075 4350 111111-

268 4351 317 4404 sim
339 4355 426 4404 tecum
445 4351 558 4420 depositi
575 4349 695 4418 experiri.
722 4354 750 4403 et
771 4349 822 4414 ait,
847 4349 869 4402 si
891 4355 939 4404 tuo
960 4349 1074 4414 nomine,

266 4419 318 4474 hoc
337 4425 378 4472 est
395 4419 471 4486 quasi
486 4425 514 4474 te
532 4419 711 4484 custodituro,
731 4417 925 4486 deposuissem,
948 4419 1012 4472 mihi
1035 4423 1074 4472 te·

268 4503 328 4540 curn
347 4487 459 4556 depositi
483 4501 541 4540 esse
565 4487 708 4540 actionem:
733 4487 838 4540 sivero
864 4487 979 4540 suaseris
1002 4485 1074 4552 mihi,

267 4561 297 4610 ut
320 4555 402 4624 magis
426 4555 498 4624 apud
522 4571 582 4608 eum
605 4555 751 4624 deponam,
776 4559 865 4608 tecum
890 4555 991 4608 nnllam
1016 4571 1075 4610 esre

267 4625 413 4688 actionem,
438 4639 499 4678 cum
521 4623 567 4678 illo
584 4623 699 4690 depositi
716 4621 786 4678 actio
806 4627 858 4676 est:
881 4639 933 4676 nec
955 4621 1074 4676 mandati

266 4693 372 4758 teneris,
392 4691 525 4759 quierem
542 4705 629 4744 meam
644 4693 722 4760 gessi.
747 4691 794 4746 sed
811 4691 833 4744 si
851 4689 985 4746 mandasti
1001 4691 1074 4756 mihi,

266 4765 297 4816 ut
320 4759 437 4830 periculo
461 4765 508 4814 tuo
532 4759 603 4828 apud
629 4777 689 4816 eum
716 4759 860 4828 deponam,
888 4775 936 4812 cur
961 4777 1014 4814 non
1041 4759 1076 4814 sit

266 4829 386 4882 mandati
408 4829 492 4894 actio,
516 4843 571 4882 non
592 4829 677 4882 video.
703 4829 782 4896 plane
806 4825 828 4880 si
851 4827 1003 4882 fideiussisti
1025 4843 1074 4896 pro

269 4915 315 4964 eo,
339 4897 430 4952 Labeo
455 4897 602 4952 omnimodo
629 4897 808 4950 fideiussorem
833 4897 917 4948 teneri
943 4897 994 4960 ait,
1020 4913 1074 4950 non

267 4971 372 5022 tautum
390 4967 413 5020 si
430 4965 490 5020 dolo
508 4965 610 5020 fecitis
634 4967 679 5032 qui
703 4963 851 5032 depositum
874 4963 1002 5032 suscepit,
1028 4965 1074 5018 sed

269 5041 294 5088 et
311 5035 335 5090 si
351 5051 405 5088 non
421 5035 500 5100 fecit,
519 5037 664 5086 esttamen
682 5049 723 5086 res
742 5033 813 5102 apud
831 5047 897 5086 eum.
926 5031 988 5100 quid
1007 5033 1074 5086 enim

268 5103 291 5156 si
307 5103 407 5156 fureret
423 5103 461 5168 is,
479 5101 551 5170 apud
569 5117 645 5170 quem
663 5101 811 5170 depositum
829 5101 876 5166 sit,
900 5101 942 5154 vel
959 5101 1074 5168 pupillus

267 5171 315 5236 sit,
333 5171 373 5224 vel
391 5185 475 5238 neque
492 5171 569 5224 heres
586 5185 671 5236 neque
688 5169 819 5222 bonorum
835 5183 973 5236 possessor
989 5185 1075 5236 neque

268 5251 407 5290 successor
422 5239 476 5292 eius
492 5239 627 5290 exstaret?
651 5237 784 5290 tenebitur
804 5251 873 5304 erge,
891 5235 1073 5304 1111131111-

269 5309 300 5356 tt
336 5307 401 5368 stet,
425 5305 498 5374 quod
520 5305 633 5374 depositi
650 5305 755 5358 actione
770 5305 901 5372 praestari
920 5305 994 5358 solet.
1030 5305 1074 5356 An

267 5371 296 5422 in
312 5371 456 5450 pupillum,
480 5371 552 5440 apud
570 5387 647 5440 quem
663 5371 721 5426 sine
738 5371 833 5426 tutoris
851 5371 1010 5426 auctoritate
1028 5371 1072 5424 de-

288 5443 384 5492 osrtum
398 5443 446 5502 est,
465 5439 576 5506 depositi
590 5441 661 5494 actio
677 5439 762 5504 detur,
780 5441 923 5508 quaeritur.
950 5439 1072 5508 1111111-

267 5455 467 5584 8111111111,
492 5507 516 5560 si
538 5507 610 5574 apud
628 5507 681 5560 dcli
698 5509 829 5562 11111111
846 5521 972 5576 capacem
991 5507 1071 5576 depo·

269 5587 362 5636 suems,
376 5585 420 5638 agr
427 5587 515 5640 posse,
530 5575 552 5628 si
567 5575 655 5628 dolum
671 5575 813 5630 commisit:
831 5591 892 5628 nam
906 5579 933 5628 et
945 5575 974 5628 11
989 5591 1072 5644 quan-

270 5745 298 5806 (1)
308 5743 459 5794 coercendae
467 5743 492 5790 et
501 5743 679 5794 vindicandae:
689 5743 726 5794 rei
735 5745 851 5810 publicae
858 5749 895 5796 est
904 5745 971 5796 enim
978 5747 1069 5796 inutile
1121 5747 1208 5812 risque
1217 5747 1403 5798 successoribus
1413 5749 1458 5800 1111.
1467 5749 1508 5800 F2

1064 349 1124 422 tlt

1697 379 1699 384 ’
1776 363 1930 412 DEPOSITI

1124 541 1182 590 turn
1198 535 1356 604 locupletior
1372 535 1462 590 factus
1479 541 1533 600 est,
1555 535 1635 590 datur
1658 535 1728 590 actio
1745 535 1773 588 in
1790 549 1849 588 eum
1868 535 1893 586 et
1911 533 1934 586 si

1126 609 1158 660 16
1193 605 1270 660 dolus
1296 619 1351 658 non
1376 603 1525 658 intervenit.
1562 603 1655 658 Sires
1679 601 1799 672 deposita
1821 601 1934 656 deterior

1124 673 1260 738 reddatur,
1279 673 1356 752 quasi
1373 689 1427 726 non
1444 671 1549 726 reddita
1567 671 1609 742 agi
1625 671 1737 740 depositi
1751 675 1853 742 potest:
1873 685 1932 724 cum

1125 741 1195 796 enim
1219 741 1334 796 deterior
1349 739 1482 806 redditur,
1506 745 1596 810 potest
1613 739 1665 794 dici
1682 739 1743 794 dolo
1760 739 1829 794 malo
1847 739 1933 794 reddi-

1127 813 1156 862 17
1192 815 1247 862 tam
1265 823 1319 862 non
1334 823 1399 862 esse.
1436 809 1464 862 Si
1478 823 1569 864 servus
1584 823 1659 862 meus
1675 807 1832 876 deposuerit,
1853 807 1932 862 nihilo

1127 879 1158 928 18
1192 877 1281 928 minus
1304 875 1417 946 depositi
1433 877 1540 930 habebo
1558 877 1696 928 actionem.
1733 877 1761 928 Si
1784 875 1856 944 apud
1879 891 1932 930 ser-

1124 959 1185 996 vum
1204 943 1351 1012 deposuero
1370 949 1475 998 etcum
1492 943 1653 996 manumisso
1678 959 1767 1012 agam,
1790 943 1934 996 Marcellus

1125 1011 1164 1064 ait
1189 1027 1239 1066 nec
1265 1015 1357 1066 tenere
1383 1011 1528 1078 actionem,
1560 1011 1677 1080 quamvis
1705 1013 1819 1066 solemus
1849 1011 1934 1066 dicere

1125 1079 1179 1132 dcli
1206 1079 1285 1132 etiam
1310 1079 1338 1132 in
1363 1079 1490 1134 servitute
1517 1079 1648 1132 commissi
1673 1081 1757 1132 teneri
1786 1093 1863 1148 quem
1889 1079 1935 1132 de·

1124 1147 1202 1212 bere,
1230 1147 1293 1216 quia
1320 1151 1347 1200 et
1372 1147 1468 1200 delicta
1494 1151 1521 1200 et
1547 1163 1633 1200 noxae
1665 1153 1746 1216 caput
1775 1151 1933 1216 sequuntur:

1126 1215 1176 1268 erit
1203 1215 1286 1282 igitur
1317 1213 1352 1268 ad
1382 1213 1447 1268 alias
1479 1213 1598 1270 actiones
1630 1219 1809 1282 competentes
1841 1215 1934 1270 decur-

1127 1285 1158 1336 te
1193 1281 1313 1336 rendum.
1356 1281 1431 1336 Haec
1457 1283 1526 1336 actio
1558 1283 1688 1336 bonorum
1719 1283 1934 1352 possessoribus*

1126 1353 1152 1402 et
1178 1351 1216 1414 ei,
1247 1349 1291 1402 cui
1321 1365 1354 1402 ex
1380 1349 1546 1404 Trebelliano
1580 1355 1687 1404 senatus
1714 1351 1833 1404 consulto
1859 1351 1934 1406 resti-

1125 1421 1158 1470 20
1192 1421 1252 1470 tuta
1268 1421 1308 1470 est
1327 1417 1467 1482 hereditas,
1489 1417 1622 1486 competit.
1658 1417 1719 1472 Non
1739 1423 1841 1472 tantum
1859 1435 1934 1486 prae·

1126 1485 1222 1538 teritus
1247 1483 1323 1540 dolus
1349 1485 1377 1538 11
1401 1485 1514 1556 depositi
1537 1485 1641 1540 actione
1664 1485 1764 1552 veniet,
1788 1487 1935 1540 sedetiam

1125 1555 1156 1606 21
1192 1553 1314 1618 futurus,
1340 1551 1368 1606 id
1394 1559 1434 1606 est
1459 1559 1521 1622 post
1544 1555 1617 1606 litem
1644 1559 1829 1608 contestatam.
1870 1555 1935 1608 Inde

1125 1621 1219 1672 scribit
1226 1619 1359 1684 Neratius,
1375 1621 1455 1674 sires
1471 1621 1592 1690 deposita
1607 1621 1663 1674 sine
1679 1621 1738 1674 dolo
1754 1621 1823 1674 malo
1839 1623 1936 1674 amissa

1125 1687 1161 1740 sit
1178 1693 1204 1740 et
1227 1693 1290 1756 post
1311 1687 1439 1742 iudicium
1462 1693 1600 1756 acceptum
1622 1689 1830 1756 reciperaretur,
1855 1689 1935 1744 nihilo

1124 1755 1211 1808 minus
1243 1759 1317 1810 recte
1343 1756 1377 1809 ad
1403 1755 1596 1810 restitutionem
1622 1759 1713 1810 reum⁵
1740 1757 1863 1824 compelli
1887 1771 1936 1810 nec

1126 1823 1223 1876 debere
1232 1823 1341 1888 absolvi,
1350 1823 1401 1876 nisi
1408 1823 1540 1878 restituat.
1565 1825 1634 1878 idem
1643 1823 1768 1878 Neratius
1783 1825 1828 1888 ait,
1845 1841 1935 1894 quam-

1124 1891 1164 1946 vis
1181 1897 1247 1944 tunc
1265 1895 1353 1946 tecum
1376 1891 1489 1960 depositi
1512 1897 1600 1946 actum
1624 1891 1671 1956 sit,
1697 1907 1757 1944 cum
1779 1893 1936 1946 restituendi

1124 1957 1281 2012 facultatem
1298 1975 1353 2014 nou
1369 1959 1470 2014 habeas
1487 1959 1589 2014 horreis
1607 1959 1675 2012 forte
1693 1959 1781 2026 clusis,
1799 1965 1896 2026 tamen,
1915 1961 1936 2014 si

1126 2031 1188 2082 ante
1213 2027 1458 2082 condemnationem
1480 2027 1638 2082 restituendi
1654 2025 1811 2082 facultatem
1827 2029 1935 2092 habeas,

1127 2095 1358 2152 condemnandum
1375 2101 1402 2150 te
1424 2095 1476 2150 nisi
1497 2095 1638 2160 restituas,
1663 2095 1725 2164 quia
1747 2111 1789 2150 res
1815 2095 1887 2164 apud
1910 2103 1936 2150 te

1127 2169 1181 2218 est:
1205 2169 1270 2218 tuuc
1289 2165 1357 2218 eninr
1376 2163 1572 2234 quaerendum,
1595 2179 1630 2216 an
1655 2163 1713 2218 dolo
1739 2165 1808 2218 malo
1832 2165 1935 2230 feceris,

1127 2237 1158 2286 22
1194 2249 1255 2286 cum
1273 2249 1329 2288 rem
1346 2249 1401 2286 nou
1418 2233 1511 2286 habes.
1546 2231 1598 2284 Est
1616 2237 1704 2284 autem
1723 2235 1749 2284 et
1766 2231 1837 2300 apud
1854 2233 1935 2284 luha-

1125 2317 1191 2354 num
1214 2301 1283 2356 libro
1306 2299 1385 2356 tertio
1412 2299 1513 2356 decimo
1541 2299 1700 2368 digestorum
1725 2299 1854 2368 scriptum
1877 2315 1935 2354 eum

1127 2371 1172 2440 qui
1188 2385 1244 2424 rem
1263 2369 1386 2438 deposuit
1400 2369 1491 2424 statim
1505 2383 1584 2438 posse
1599 2367 1712 2436 depositi
1726 2369 1831 2422 actione
1845 2383 1935 2436 agere:

1125 2439 1178 2494 hoc
1196 2439 1266 2492 enim
1283 2437 1341 2506 ipso
1360 2437 1422 2492 dolo
1445 2437 1535 2492 facere
1560 2453 1619 2492 eum
1643 2437 1687 2506 qui
1710 2437 1842 2506 suscepit,
1867 2437 1936 2506 quod

1125 2507 1277 2574 reposcenti
1291 2515 1350 2560 'rem
1366 2521 1420 2560 111
1433 2507 1540 2574 reddat,
1571 2507 1713 2560 Marcellus
1729 2509 1818 2558 autem
1832 2505 1870 2558 ait
1883 2521 1937 2558 non

1126 2589 1231 2642 semper
1248 2575 1331 2628 videri
1347 2587 1428 2644 posse
1445 2573 1506 2628 dolo
1523 2573 1613 2628 iacere
1631 2587 1704 2638 eum,
1727 2573 1772 2642 qui
1789 2575 1937 2654 reposcenti

1126 2659 1181 2696 non
1198 2641 1307 2696 reddat:
1333 2641 1396 2712 quid
1414 2641 1483 2696 enim
1502 2641 1524 2696 si
1542 2641 1568 2696 in
1586 2641 1722 2710 provincia
1739 2657 1781 2696 res
1800 2647 1834 2696 111
1851 2641 1893 2696 vel
1910 2641 1937 2694 in

1125 2709 1243 2776 horreis,
1268 2725 1381 2780 quorum
1404 2709 1608 2778 aperiendorum
1628 2709 1854 2764 condemnationis
1871 2713 1936 2764 tem-

1125 2795 1191 2848 pore
1208 2793 1263 2832 111
1281 2779 1316 2834 111
1331 2779 1465 2832 facultas?
1496 2779 1538 2834 vel
1557 2779 1677 2832 condicio
1695 2777 1866 2848 depositionis
1884 2795 1937 2832 non

1126 2851 1158 2902 23
1194 2847 1318 2902 exstitit?
1348 2847 1425 2902 Hanc
1444 2847 1575 2902 actionem
1592 2847 1680 2902 bonae
1696 2845 1760 2900 fidei
1777 2863 1835 2902 esse
1860 2845 1935 2900 dubi-

1126 2919 1160 2970 24
1193 2917 1246 2968 tari
1272 2931 1326 2970 non
1352 2917 1466 2984 oportet.
1502 2915 1540 2968 Et
1556 2915 1615 2970 ideo
1640 2921 1666 2968 et
1688 2913 1792 2970 fructus
1816 2915 1843 2968 in
1868 2917 1938 2968 hanc

1126 2983 1258 3038 actionem
1275 2983 1364 3038 venire
1382 2989 1408 3036 et
1424 2999 1528 3038 omnem
1546 2999 1655 3038 causam
1673 2989 1699 3036 et
1715 2989 1829 3052 partum,
1848 2983 1936 3038 dicen-

1127 3055 1159 3106 25
1195 3051 1257 3106 dum
1276 3059 1324 3118 est,
1342 3067 1376 3106 ne
1393 3051 1466 3106 unda
1482 3067 1525 3112 res
1542 3053 1639 3106 veniat.
1676 3051 1773 3106 81111
1790 3051 1938 3120 depositam

1126 3119 1269 3176 vendidisti
1292 3133 1402 3190 eamque
1418 3125 1515 3190 postea
1530 3119 1665 3174 redemisti
1682 3121 1710 3172 in
1728 3135 1837 3174 causam
1856 3121 1935 3200 depo·

1127 3187 1180 3254 siti,
1199 3189 1302 3244 etiamsi
1319 3189 1376 3244 sine
1394 3187 1454 3244 dolo
1472 3187 1542 3244 malo
1561 3195 1655 3256 postea
1672 3187 1793 3258 perierit,
1811 3193 1894 3242 teneri
1912 3195 1938 3242 te

1127 3261 1160 3312 26
1195 3257 1317 3326 depositi,
1334 3257 1397 3326 quia
1406 3257 1487 3312 semel
1496 3257 1557 3310 dolo
1566 3257 1661 3322 fecisti,
1677 3273 1737 3310 cum
1745 3257 1879 3312 venderes.
1907 3257 1938 3310 ln

1127 3329 1160 3380 27
1196 3325 1310 3394 depositi
1334 3341 1439 3394 quoque
1462 3325 1568 3380 actione
1589 3325 1617 3380 in
1642 3325 1714 3378 litem
1731 3325 1842 3378 iuratur.
1877 3325 1937 3380 Non

1127 3395 1212 3450 solum
1230 3395 1253 3448 si
1271 3409 1361 3448 servus
1379 3409 1462 3460 meus,
1481 3395 1529 3448 sed
1546 3399 1573 3448 et
1589 3395 1612 3450 si
1625 3393 1649 3448 is
1666 3393 1710 3464 qui
1724 3395 1796 3448 bona
1809 3393 1863 3448 fide
1875 3393 1938 3448 mihi

1127 3463 1225 3518 serviat
1241 3479 1298 3518 rem
1322 3461 1489 3532 deposuerit,
1513 3463 1700 3532 aequissimum
1724 3463 1773 3516 1111
1796 3463 1853 3516 dari
1875 3463 1938 3516 mihi

1127 3535 1160 3586 28
1195 3531 1336 3598 actionem,
1352 3531 1869 3600 1111111111111111111111111111111.
1898 3531 1936 3584 81-

1126 3599 1182 3652 mili
1199 3601 1278 3654 modo
1297 3605 1324 3652 et
1341 3601 1364 3654 si
1381 3599 1593 3654 usumfructum
1616 3601 1644 3652 in
1667 3615 1743 3654 servo
1766 3601 1892 3664 habeam,
1916 3601 1938 3652 si

1125 3667 1154 3720 id
1188 3667 1242 3720 uod
1261 3667 1384 3736 deposuit
1402 3683 1435 3722 ex
1453 3683 1482 3722 eo
1502 3667 1605 3736 peculio
1620 3667 1672 3722 fuit
1686 3667 1757 3736 quod
1772 3667 1807 3722 ad
1821 3685 1863 3722 me
1877 3683 1936 3736 per-

1126 3685 1230 3790 tindrat
1251 3737 1293 3790 vel
1317 3751 1359 3790 res
1377 3751 1437 3790 mea
1454 3735 1520 3802 fuit,
1544 3737 1637 3790 eadem
1660 3739 1766 3790 actione
1789 3751 1866 3804 agere
1889 3753 1936 3804 po-

1126 3807 1158 3856 29
1193 3809 1260 3858 tero.
1295 3803 1362 3856 ltem
1381 3805 1403 3858 si
1418 3819 1509 3858 servus
1522 3805 1697 3860 hereditarius
1714 3805 1872 3874 deposuerit,
1891 3805 1936 3858 he-

1127 3877 1159 3924 30
1193 3871 1251 3924 redi
1273 3877 1367 3940 postea
1391 3871 1500 3926 adeunti
1526 3871 1653 3940 competit
1677 3873 1756 3928 actio.
1793 3873 1820 3926 Si
1846 3889 1937 3928 servus

1127 3937 1263 4010 deposuit,
1289 3941 1343 3994 sive
1360 3941 1430 3994 vivat
1448 3939 1502 3994 sive
1520 3939 1677 4006 decesserit,
1702 3941 1801 3994 utiliter
1819 3941 1936 3994 dominus

1125 4009 1177 4062 hac
1196 4009 1302 4062 actione
1319 4009 1477 4078 experietur.
1504 4009 1562 4078 ipse
1580 4015 1668 4064 autem
1686 4023 1776 4064 servus
1795 4009 1935 4062 manumis-

1126 4093 1172 4132 sus
1189 4093 1244 4130 non
1262 4077 1359 4144 poterit
1377 4093 1469 4146 agere:
1487 4077 1534 4132 sed
1552 4081 1578 4132 et
1596 4079 1619 4132 si
1636 4077 1716 4132 fuerit
1734 4077 1872 4142 alienatus,
1890 4077 1936 4132 ad-

1126 4147 1179 4198 huc
1204 4145 1229 4198 ei
1252 4145 1378 4214 competit
1402 4147 1471 4200 actio
1496 4145 1572 4198 cuius
1594 4145 1647 4198 fuit
1670 4159 1760 4200 servus
1778 4163 1838 4200 cum
1856 4147 1936 4216 depo·

1127 4217 1157 4268 31
1193 4213 1881 4282 neret:initiumenimcontractusspectandumest.
1910 4213 1937 4268 81

1126 4281 1240 4336 duorum
1258 4297 1348 4336 servus
1367 4283 1401 4336 sit
1419 4283 1469 4352 qui
1488 4281 1627 4350 deposuit,
1650 4283 1794 4362 unicuique
1818 4283 1935 4338 domino-

1127 4353 1158 4404 32
1193 4367 1253 4402 rum
1270 4351 1298 4404 in
1315 4355 1418 4418 partem
1436 4351 1563 4420 competit
1580 4351 1700 4420 depositi.
1736 4351 1764 4404 81
1772 4367 1935 4406 remaservo

1126 4417 1273 4488 depositam
1283 4417 1362 4484 Titio,
1382 4435 1459 4486 quem
1476 4419 1611 4474 dominum
1625 4421 1682 4474 eius
1696 4417 1797 4486 putasti
1810 4435 1870 4474 cum
1884 4435 1936 4474 non

1112 4491 1204 4552 esset,
1223 4487 1392 4548 restituisses,
1411 4487 1443 4540 de
1463 4487 1525 4542 ositi
1542 4489 1648 4542 actione
1664 4491 1692 4542 te
1709 4503 1764 4542 non
1779 4489 1864 4540 teneri
1879 4487 1935 4540 Cel-

1126 4571 1171 4610 sus
1189 4555 1240 4620 ait,
1259 4555 1321 4624 quia
1338 4555 1425 4608 nullus
1443 4505 1521 4610 dolus
1538 4555 1703 4608 intercessit:
1722 4571 1782 4610 curn
1801 4555 1871 4610 Titio
1889 4571 1935 4608 au-

1125 4629 1193 4688 tem,
1214 4623 1256 4678 cui
1273 4639 1315 4678 res
1333 4623 1457 4678 restituta
1474 4627 1529 4688 est,
1547 4623 1669 4678 dominus
1688 4623 1757 4678 servi
1773 4627 1846 4690 aget:
1872 4621 1936 4678 1111ὃ

1126 4693 1149 4746 11
1167 4691 1328 4756 exhibuerit,
1351 4691 1539 4756 vindicabitur,
1564 4691 1587 4746 si
1604 4705 1680 4756 rere,
1705 4705 1765 4744 cum
1782 4691 1863 4744 sciret
1880 4705 1936 4744 esse

1126 4759 1249 4824 alienum,
1267 4759 1467 4828 consumpserit,
1483 4759 1710 4824 condemnabitur,
1726 4759 1789 4828 quia
1804 4759 1863 4812 dolo
1874 4757 1937 4812 fecit

1118 4831 1158 4882 ’33
1194 4845 1247 4898 quo
1265 4829 1351 4882 minus
1368 4825 1524 4896 possideret.
1559 4827 1704 4896 Eleganter
1718 4825 1791 4894 apud
1805 4825 1936 4880 lulianum

1126 4897 1277 4966 quaeritur,
1295 4897 1318 4950 si
1335 4897 1476 4966 pecuniam
1493 4911 1584 4950 servus
1603 4897 1675 4964 apud
1691 4911 1733 4948 me
1751 4893 1783 4948 de
1804 4895 1874 4948 osuit
1889 4895 1934 4958 ita,

1124 4971 1156 5018 ut
1174 4965 1281 5020 domiuo
1298 4981 1347 5032 pro
1364 4965 1487 5018 libertate
1502 4963 1559 5018 eius
1574 4963 1641 5030 dem,
1659 4979 1761 5032 egoque
1777 4911 1883 5042 dedero,
1901 4977 1935 5014 an

1125 5037 1220 5088 tenear
1243 5033 1364 5102 depositi.
1393 5037 1419 5086 et
1442 5033 1510 5086 libro
1533 5033 1612 5086 tertio
1638 5031 1935 5098 decimo⁷d1gestorum

1126 5101 1227 5166 scribit,
1246 5101 1269 5154 si
1287 5101 1391 5170 quidem
1408 5101 1447 5154 sic
1465 5099 1562 5152 dedero
1580 5101 1657 5168 quasi
1675 5099 1776 5152 adhoc
1795 5113 1876 5166 penes
1894 5113 1935 5152 me

1126 5167 1274 5236 depositam
1291 5173 1370 5236 teque
1388 5167 1573 5232 certiorarem,
1591 5183 1646 5220 uon
1664 5173 1814 5236 competere
1827 5167 1877 5220 tibi
1890 5167 1934 5220 de-

1124 5237 1206 5304 positi
1224 5237 1369 5302 actionem,
1396 5235 1458 5304 quia
1481 5233 1568 5288 sciens
1592 5235 1728 5302 recepisti,
1754 5249 1831 5288 careo
1855 5235 1935 5302 igitur

1125 5303 1201 5356 dolo:
1226 5303 1250 5356 si
1273 5319 1335 5358 vero
1358 5303 1435 5374 quasi
1457 5317 1542 5356 meam
1559 5319 1609 5370 pro
1627 5303 1751 5356 libertate
1769 5301 1824 5356 eius
1842 5317 1933 5356 nume·

1124 5387 1233 5434 ravero,
1258 5371 1377 5426 tenebor.
1404 5385 1473 5440 quae
1490 5371 1641 5424 sententia⁸
1657 5385 1719 5424 vera
1736 5371 1802 5424 mihi
1817 5371 1933 5426 videtur:

1124 5439 1168 5492 hic
1192 5439 1261 5494 enini
1285 5455 1338 5494 non
1362 5443 1467 5494 tantum
1490 5439 1547 5494 sine
1570 5437 1631 5492 dolo
1655 5439 1723 5492 malo
1742 5455 1797 5494 non
1814 5439 1934 5504 reddidit,

1124 5507 1172 5560 sed
1187 5523 1239 5560 nec
1255 5507 1384 5562 reddidit:
1403 5507 1476 5560 aliud
1493 5511 1535 5560 est
1553 5507 1622 5560 enim
1634 5507 1752 5572 reddere,
1771 5507 1844 5562 aliud
1860 5507 1935 5578 quasi

1124 5577 1158 5628 34
1193 5575 1227 5630 de
1250 5589 1299 5630 suo
1324 5575 1395 5630 dare.
1431 5575 1460 5630 81
1475 5575 1591 5644 pecunia
1608 5575 1680 5644 apud
1697 5581 1724 5630 te
1741 5575 1774 5632 ab
1792 5575 1866 5632 initio
1883 5579 1933 5632 hac

1583 5755 1613 5812 (5)
1632 5751 1762 5802 11111111ἹΞ
1830 5757 1863 5818 (a)
1881 5755 1932 5814 sed]

269 5827 315 5860 scr.
368 5809 701 5876 (1)111111111111111111.112
752 5815 783 5878 (a)
802 5815 901 5864 utisF¹
953 5815 985 5878 (4)
1003 5819 1068 5864 oete·
1122 5815 1218 5868 etHuf.
1289 5817 1322 5880 (1)
1340 5817 1551 5872 111111111111111*2
1621 5821 1790 5886 (811111ἰαῖ
