4366 6258
265 355 391 422 XXIIII
413 361 432 422 3
573 349 574 352 ’
1073 349 1136 420 320
1372 311 1374 314 ¹
1486 371 1616 418 sondro
1637 367 1852 416 rmrnmouro
1875 367 1942 418 nos

265 553 326 594 cum
343 537 402 592 divo
420 539 497 604 patre
513 551 563 590 suo
579 535 719 604 resculpsit
734 535 849 604 intellegi
872 551 931 590 eum
950 537 1001 590 boa
1018 535 1099 604 ipso¹
1128 535 1280 604 nuptiarum
1298 535 1491 600 observabitur,
1508 535 1554 590 sed
1569 551 1621 604 quo
1654 535 1749 590 minum
1764 533 1852 588 dotale
1863 549 1942 604 prae-

264 607 334 660 nolle
350 607 462 670 nuptam
479 603 544 668 sibi,
568 603 614 670 qui
637 617 696 656 eam
720 603 852 658 octonem
874 603 915 656 vel
939 603 1020 656 aliam
1035 603 1076 656 in·
1128 603 1200 656 dium
1218 603 1395 658 constitutum
1412 609 1461 668 est,
1479 603 1507 656 id
1524 607 1566 658 est
1581 609 1608 658 tr
1644 605 1682 656 'ta
1698 601 1873 670 possessione.

263 675 352 740 portet
370 685 438 736 quae
456 685 510 724 non
527 671 596 724 solet
612 669 664 724 nisi
681 685 714 722 ex
731 669 843 724 divortio
862 669 932 724 oriri.
954 685 1037 738 quare
1055 669 1078 724 si
1163 667 1181 726 6
1211 669 1330 724 Pactus
1353 671 1424 724 libro
1450 671 1563 740 sqetimo
1589 671 1627 724 ed
1651 669 1782 724 Setinum
1826 669 1854 722 Si
1880 673 1943 724 ante

264 751 392 790 accusare
409 751 468 790 eam
485 735 609 790 adulterii
626 737 744 804 coeperit
760 739 801 790 vel
819 739 870 792 alio
890 739 996 790 rumine
1014 753 1076 808 pos·
1127 739 1235 806 nuptias
1261 737 1362 792 fundus
1389 737 1503 792 traditus
1527 743 1581 804 est,
1608 753 1641 790 ex
1667 737 1709 790 die
1732 737 1884 806 nuptiarum
1908 739 1942 792 ad

263 803 357 868 tulare,
374 803 447 882 quod
461 805 538 858 uxori
546 819 624 856 nemo
634 803 725 868 obicit,
733 805 815 874 magis
825 811 911 868 estut
919 805 1076 872 diremptum
1127 805 1239 858 eundem
1256 805 1326 858 diem
1344 805 1479 874 sequentis
1497 805 1560 860 amri
1577 805 1773 874 computandus
1786 821 1872 858 annus
1887 811 1941 860 est:

264 871 300 924 sit
314 871 522 924 matrimonium:
542 871 640 924 etenim
649 871 824 928 meminisset
844 877 915 926 ortet
926 871 987 928 ideo
996 871 1077 926 adimi
1125 871 1196 926 idem
1212 873 1239 924 in
1259 871 1356 926 ceteris
1374 873 1452 930 anuis
1469 877 1599 938 servatur,
1618 873 1703 928 donec
1728 873 1869 928 divortium
1886 873 1941 928 fiat.

264 937 394 1016 eumalio
413 937 564 1004 conubium,
583 937 647 1006 quia
658 943 789 1006 patronus
803 889 855 994 sigi
868 945 978 1006 nuptam
992 939 1075 1006 cupit.
1126 955 1188 992 nam
1206 939 1229 994 si
1246 945 1309 994 ante
1326 941 1434 1009 nuptias
1453 941 1569 994 traditus
1586 941 1620 994 sit
1638 947 1665 994 et
1681 939 1785 994 fructus
1802 941 1864 994 inde
1881 957 1941 1010 per-

263 1005 423 1074 ubrcumque
439 1005 519 1072 igitur
535 1007 576 1060 vel
598 1007 687 1060 tenuis
708 1007 858 1060 intellectus
882 1007 965 1060 videri
988 1011 1078 1074 potest
1127 1007 1204 1076 cepti,
1231 1009 1260 1060 hi
1285 1009 1443 1060 restituendi
1469 1015 1533 1064 sunt
1556 1009 1715 1078 quaudoque
1738 1009 1849 1062 divortio
1867 1009 1941 1064 facto

264 1073 378 1126 uolentis
395 1079 513 1142 nuptam,
532 1073 674 1126 dicendum
698 1081 739 1128 ιιι
762 1075 816 1128 iam
831 1073 948 1142 incipere
965 1075 1077 1128 libertae
1126 1075 1203 1144 quasi
1220 1075 1297 1128 dotis¹
1308 1075 1382 1128 facti.

266 1155 326 1192 cum
352 1141 403 1194 alio
427 1155 487 1194 esse
511 1141 664 1194 conubium.
690 1141 802 1210 proinde
827 1141 851 1194 ιι
872 1147 1001 1210 patronus
1026 1141 1077 1194 sibi
1161 1139 1179 1198 7
1203 1141 1349 1196 Uiriatus
1372 1141 1441 1198 libre
1469 1143 1607 1210 tricesimo
1628 1145 1721 1212 primo
1752 1143 1790 1198 ud
1811 1141 1941 1198 Sabinum

265 1207 433 1276 desponderit
458 1207 537 1262 aliam
559 1207 601 1262 vel
624 1207 795 1264 destinaverit
817 1209 858 1262 vel
881 1209 1076 1264 matrimonium
1125 1209 1242 1264 Fructus
1261 1225 1306 1264 eos
1325 1225 1383 1264 esse
1401 1213 1516 1276 constat,
1534 1211 1579 1278 qui
1597 1209 1833 1280 deductainpensa
1849 1225 1941 1278 super-

264 1275 371 1330 alterius
389 1275 536 1342 appetierit,
555 1277 703 1330 credendus
722 1283 762 1330 est
779 1275 849 1330 nolle
866 1275 935 1330 hauc
950 1281 1074 1346 nuptam:
1127 1281 1220 1330 erunt:
1247 1279 1320 1344 quod
1343 1277 1473 1330 Scaevola
1496 1283 1523 1330 et
1543 1277 1579 1330 ad
1601 1279 1690 1332 mariti
1712 1283 1740 1330 et
1765 1279 1800 1330 ad
1823 1277 1942 1330 mulieris

265 1347 291 1396 ιι
317 1343 339 1396 ιι
365 1343 540 1396 concubinam
572 1343 624 1398 sibi
649 1345 817 1408 adhibuerit,
843 1343 912 1396 idem
938 1345 987 1396 erit
1013 1359 1074 1414 pro·
1125 1345 1251 1414 inpensas
1268 1345 1358 1398 refert.
1382 1361 1445 1398 nam
1467 1345 1491 1398 si
1508 1345 1602 1398 mulier
1622 1345 1707 1414 pridie
1724 1345 1867 1398 vindemias
1886 1345 1943 1398 doti

266 1411 383 1464 bandum
392 1411 408 1462 ¹.
1126 1411 1206 1476 dedit,
1224 1429 1288 1466 mox
1304 1411 1416 1466 sublatis
1442 1427 1459 1464 a
1481 1411 1577 1466 marito
1589 1411 1737 1466 ‘vindemiis
1755 1413 1869 1478 divortit,
1886 1427 1942 1466 non

1125 1479 1941 1616 attttttttttimmtattltitttmttttt

637 1619 708 1678 111².
1125 1613 1199 1678 fiant,
1207 1585 1392 1736 ᾱιιιιιιιιιιὲι
1409 1585 1485 1668 suni:
1509 1565 1605 1684 igitar,
1629 1565 1697 1668 sipet
1712 1615 1823 1668 maritus
1841 1613 1940 1684 aliquid

307 1717 321 1738 a
1125 1681 1206 1750 inpen
1226 1681 1245 1734 't
1262 1681 1290 1736 in
1308 1697 1361 1736 eun
1380 1697 1421 1736 em
1439 1699 1546 1740 aunum.
1571 1681 1709 1752 utriusque
1731 1683 1859 1752 inpensae
1877 1699 1940 1738 con·

451 1715 751 1834 Mididi
768 1713 1037 1770 ,amasa
1124 1749 1374 1870 ιιιιιιι
1394 1749 1941 1886 turrecrematae

302 1879 315 1938 1
344 1879 514 1938 Postremus
538 1883 606 1938 libro
635 1885 729 1952 quicto
755 1879 858 1936 decimo
883 1881 921 1934 ad
944 1879 1075 1936 Sabinum
1124 1883 1185 1948 luit,
1203 1899 1314 1938 necesse
1331 1857 1374 1938 es’t
1391 1885 1469 1954 primi
1486 1885 1549 1936 anni
1562 1885 1711 1952 computari
1728 1885 1854 1954 temporis
1887 1885 1941 1938 uod

266 1951 375 2004 Dotium
393 1965 475 2006 eausa
492 1967 597 2020 semper
614 1957 641 2004 et
658 1951 705 2002 ubi
722 1963 756 2002 ue
770 1949 918 2070 Braecipua
934 1953 988 2028 est:¹
1014 1963 1077 2002 nam
1127 1959 1138 2004 1
1177 1951 1212 2006 sit
1229 1957 1290 2006 ante
1308 1951 1400 2004 datum
1416 1951 1561 2020 praedium.
1585 1951 1749 2020 Papinianus
1766 1957 1855 2006 autem
1869 1901 1940 2006 dhre

266 2023 293 2072 ιι
309 2017 414 2086 publice
435 2019 546 2074 interest
569 2019 644 2074 dotes
667 2033 694 2070 m
725 2017 771 2070 'eri
789 2031 821 2070 us
839 2033 996 2082 conservam,
1016 2033 1076 2070 cum
1125 2019 1266 2074 undecimo
1292 2019 1478 2088 quaestionum
1501 2019 1613 2074 divortio
1636 2017 1709 2074 facto
1733 2017 1837 2074 fructos
1862 2019 1941 2074 dividi

267 2085 373 2140 dotatas
388 2103 445 2142 esse
459 2087 571 2142 feminas
586 2085 621 2140 ad
635 2085 756 2140 subolem
770 2083 963 2154 procreandam
971 2085 1075 2154 repleo·
1126 2087 1165 2140 ait
1181 2101 1235 2142 non
1253 2101 1286 2140 ex
1303 2087 1346 2140 die
1362 2087 1512 2152 locationis,
1529 2087 1578 2142 sed
1594 2087 1688 2140 habitu
1710 2089 1813 2142 ratione
1830 2103 1940 2158 praece-

267 2155 378 2224 damque
394 2155 485 2210 liberis
503 2155 636 2212 civitatem
653 2155 767 2208 maxime
784 2153 819 2208 sit
835 2155 1023 2208 necessarium.
1127 2155 1212 2210 ιιιιιιι
1229 2155 1365 2224 temporis,
1380 2171 1433 2234 quo
1443 2155 1537 2210 mulier
1550 2155 1579 2210 in
1589 2155 1757 2210 matrimonio
1771 2155 1836 2208 fuitz
1854 2171 1941 2224 neque

301 2219 320 2278 2
344 2223 489 2278 tiermes
509 2223 577 2280 libre
601 2223 758 2294 ινιᾳιιιίιιι8
781 2223 875 2292 quinte
893 2221 929 2278 ad
945 2221 1076 2278 Setinum
1127 2225 1204 2290 enim,
1232 2223 1255 2278 si
1277 2223 1425 2278 vindemrae
1446 2227 1566 2302 tempore
1588 2221 1688 2278 fundus
1710 2223 1739 2276 in
1757 2223 1844 2278 dotem
1862 2223 1940 2276 datus

266 2289 358 2344 Soluto
368 2291 533 2344 matrimonio
543 2291 611 2346 solvi
625 2289 729 2344 mulieri
743 2291 790 2344 dos
806 2289 891 2344 debet.
910 2305 960 2346 uec
975 2289 1078 2358 cogitur
1126 2293 1161 2344 ιιι
1178 2305 1292 2360 eumque
1308 2291 1348 2346 vir
1361 2307 1395 2346 ex
1408 2291 1525 2344 calendis
1538 2291 1731 2346 Novembribus
1745 2291 1835 2360 primis
1847 2289 1939 2344 fruen-

266 2359 376 2412 maritus
395 2359 439 2412 alii
458 2373 515 2412 eam
538 2359 572 2412 ab
589 2359 666 2412 initio
685 2357 823 2426 stipulanti
846 2359 1007 2424 promittere,
1026 2357 1077 2412 nisi
1127 2359 1190 2412 dum
1206 2359 1341 2424 locaverit,
1358 2359 1457 2414 mensis
1474 2359 1592 2412 ianuarii
1609 2373 1733 2426 suprema
1751 2359 1793 2412 ιιι
1808 2359 1881 2412 facto
1901 2359 1939 2410 di-

266 2427 318 2482 hcc
344 2425 368 2478 ei
393 2425 457 2478 nihil
482 2431 574 2480 uocet:
607 2441 671 2478 nam
696 2425 720 2480 si
748 2425 943 2478 incommodum
969 2425 1077 2504 aliquod
1126 2427 1220 2492 tortio,
1238 2427 1353 2482 retinere
1377 2427 1463 2482 virum
1488 2433 1515 2482 et
1539 2425 1687 2482 vindemiae
1712 2425 1815 2480 fructus
1839 2425 1940 2478 eteius

266 2495 376 2548 maritvrs
398 2497 551 2560 suspectum
574 2493 663 2556 habet,
689 2507 743 2546 uon
767 2491 864 2546 debere
880 2507 939 2546 eum
957 2509 1015 2560 cogi
1033 2491 1077 2546 alii
1127 2495 1198 2560 anni,
1218 2511 1270 2564 quo
1289 2493 1430 2548 divortium
1443 2493 1605 2558 factumest,
1619 2499 1742 2562 quartam
1754 2499 1857 2562 partem
1870 2509 1939 2546 mer·

267 2577 346 2630 quam
371 2559 449 2614 uxori
473 2559 627 2626 promittere
653 2559 792 2614 dicendum
818 2563 866 2614 est
894 2559 962 2614 haec
986 2561 1009 2614 ιι
1036 2559 1077 2614 sui
1127 2563 1199 2616 cedis
1218 2577 1332 2632 aequum
1351 2567 1405 2616 ιιιι
1424 2563 1542 2632 alioquin
1557 2563 1580 2616 si
1598 2563 1698 2616 coactis
1710 2561 1846 2614 vindemiis
1856 2563 1941 2614 altera

269 2635 280 2680 ι
317 2627 381 2682 iuris
398 2627 492 2680 mulier
509 2633 555 2680 est.
592 2625 671 2694 Quod
694 2629 717 2680 ιι
739 2627 767 2680 in
782 2627 868 2696 patris
905 2631 1019 2682 otestate
1037 2631 1077 2680 est
1127 2629 1170 2682 die
1187 2629 1328 2684 divortium
1350 2629 1512 2696 intercedat,
1535 2627 1641 2684 fructus
1666 2629 1783 2698 integros
1806 2629 1939 2682 retinebit.

267 2705 294 2752 et
317 2695 365 2750 dos
392 2695 425 2748 ab
452 2709 482 2748 eo
505 2693 627 2764 proiecta
649 2695 698 2760 sit,
722 2695 805 2764 ipsius
824 2701 851 2750 et
867 2643 937 2748 filiae
955 2695 1003 2750 dos
1022 2699 1075 2748 est:
1126 2697 1257 2764 itaquesi
1274 2697 1443 2750 tuamensis
1460 2697 1578 2752 Ιιιιιιιιιι
1595 2695 1735 2750 divortium
1752 2695 1800 2750 fiat
1817 2701 1843 2750 et
1861 2701 1938 2764 quat-

268 2763 381 2832 denique
405 2767 482 2832 pater
506 2779 560 2818 non
587 2761 663 2816 aliter
686 2779 765 2832 quam
789 2779 822 2816 ex
844 2763 980 2818 voluntate
1005 2761 1077 2816 ffliae
1126 2769 1188 2820 tuor
1205 2765 1340 2818 mensibus
1358 2765 1553 2818 matrimonium
1571 2765 1686 2830 steterit,
1704 2765 1850 2818 vindemiae
1865 2766 1938 2818 fruc-

266 2835 357 2900 petere
374 2829 463 2884 dotem
479 2845 528 2884 nec
541 2845 591 2900 per
605 2845 634 2884 se
643 2847 694 2884 nec
709 2847 756 2900 per
764 2837 964 2900 procuratorem
980 2835 1075 2900 potest.
1127 2839 1170 2886 tus
1195 2837 1222 2884 et
1245 2837 1341 2902 quarta
1364 2833 1473 2900 ιιιιιιο6
1495 2831 1623 2886 mercedis
1646 2833 1771 2886 instantis
1795 2831 1857 2884 anni
1876 2849 1939 2886 con·

268 2899 306 2954 ιιι
324 2913 384 2966 ergo
407 2905 434 2952 et
456 2899 663 2968 promittendum
686 2899 802 2954 Sabinus
820 2899 866 2952 ait.
893 2899 917 2952 ei
934 2913 995 2968 ergo
1013 2915 1076 2968 pro·
1126 2899 1203 2954 fundi
1221 2899 1364 2966 debebunt,
1383 2905 1414 2954 ut
1438 2915 1471 2952 ex
1494 2915 1526 2954 ea
1547 2899 1664 2968 pecunia
1680 2899 1760 2954 tertia
1775 2901 1863 2968 portio
1881 2901 1938 2954 viro

267 2965 423 3022 mittendum
441 2967 498 3032 erit,
517 2967 560 3020 cui
576 2973 690 3035 uterque
706 2967 820 3022 iusserit.
838 2973 953 3022 ceterum
967 2967 990 3020 si
1000 2971 1077 3036 pater
1127 2971 1142 3022 ι
1176 2967 1351 3038 relinquatur.
1385 2965 1563 3024 Econtrario
1581 2983 1688 3038 quoque
1709 2968 1779 3023 idem
1796 2969 1938 3022 observan-

269 3035 340 3088 solus
357 3035 443 3100 iussit,
463 3035 531 3088 dotis
545 3037 616 3090 actio
626 3037 696 3088 filiae
705 3053 759 3088 non
774 3037 824 3090 erit
842 3037 974 3116 adempta,
993 3051 1076 3104 quan·
1127 3037 1190 3090 dum
1214 3042 1269 3092 estc
1292 3051 1355 3091 nam
1380 3037 1404 3090 ιι
1427 3037 1521 3092 ιιιιιιιι
1544 3043 1672 3118 percepta
1694 3037 1825 3092 vindemia
1849 3037 1939 3092 statim

269 3103 354 3170 doque
377 3103 419 3156 sui
440 3103 506 3156 iuris
527 3103 584 3158 iilia
605 3103 687 3158 fuerit
708 3105 790 3158 iacta.
816 3105 879 3158 item
902 3121 924 3160 ιι
941 3107 1077 3158 voluntate
1125 3103 1238 3160 fundum
1251 3105 1307 3160 viro
1322 3105 1350 3160 in
1367 3103 1456 3158 dotem
1465 3105 1566 3160 dedant
1574 3109 1602 3160 et
1615 3121 1698 3160 vrrex
1709 3105 1824 3160 calendis
1832 3105 1939 3160 Martiis

269 3171 349 3226 solius
367 3169 438 3224 filiae
454 3171 632 3240 promittatur,
649 3173 797 3226 remanebit
811 3173 879 3226 dotis
893 3173 961 3226 actio
974 3173 1077 3238 integra
1127 3173 1239 3226 eundem
1262 3173 1390 3226 locaverit
1413 3177 1440 3226 at
1463 3173 1580 3226 calendis
1602 3173 1740 3240 Aprilibus
1763 3173 1872 3242 primis⁷
1899 3173 1938 3226 di·

268 3237 352 3306 patri:
374 3237 421 3292 sed
438 3245 526 3292 utrum
543 3245 574 3292 ut
591 3241 634 3294 ιι4
654 3247 717 3308 agat
729 3241 802 3294 solus
817 3257 852 3292 an
868 3245 894 3292 et
907 3245 937 3294 ut
952 3241 1077 3294 adiuncta
1126 3241 1239 3310 vortium
1256 3241 1338 3296 fuerit
1355 3247 1490 3306 secutum,
1507 3257 1562 3294 non
1584 3241 1671 3296 solum
1692 3245 1796 3320 partem
1813 3241 1938 3296 duodeci·

269 3321 372 3374 quoque
395 3305 466 3360 filiae
482 3323 597 3376 persona
622 3307 735 3376 experiri
757 3307 861 3376 possiti
890 3313 917 3362 et
937 3313 1003 3376 puto
1027 3321 1076 3360 nec
1126 3325 1196 3362 mam
1213 3309 1350 3374 mercedis,
1369 3309 1416 3362 sed
1432 3325 1481 3376 pro
1499 3307 1577 3364 modo
1595 3311 1722 3376 temporrs
1737 3309 1852 3362 omnium
1865 3325 1938 3364 men-

269 3391 327 3428 eam
344 3373 474 3428 actionem
492 3375 624 3440 amissam,
643 3391 723 3442 quam
740 3377 867 3430 adiuncta
878 3375 949 3430 filiae
961 3391 1077 3444 persona
1127 3393 1194 3442 sum,
1213 3393 1264 3444 quo
1284 3377 1374 3430 dotale
1390 3375 1527 3446 praedium
1542 3375 1602 3442 init,
1621 3391 1654 3430 ex
1668 3377 1790 3430 mercede
1807 3391 1875 3446 quae
1893 3377 1938 3430 de-

268 3445 357 3510 potest
379 3441 486 3496 habere.
516 3443 587 3512 quod
611 3445 634 3496 si
658 3445 702 3496 sui
723 3443 788 3496 iuris
812 3443 892 3498 tuerit
915 3445 988 3496 facta
1012 3443 1076 3508 filia,
1127 3451 1142 3498 3
1177 3445 1283 3496 habitur
1298 3445 1448 3512 portionem
1464 3445 1594 3498 retinebit.
1630 3445 1696 3498 Item
1719 3445 1742 3498 si
1765 3461 1863 3500 messes
1882 3445 1938 3498 eius

269 3515 283 3562 2
318 3507 426 3564 nocebit
441 3511 466 3562 ei
481 3509 533 3562 ista
547 3511 582 3566 ιιι
601 3511 693 3566 ιιιιιο.
720 3509 892 3566 Voluntatem
901 3517 990 3566 autem
998 3511 1076 3574 filiae,
1127 3511 1203 3576 anni,
1228 3529 1281 3580 quo
1304 3511 1447 3566 divortium
1469 3511 1641 3576 factumest,
1661 3513 1784 3568 colonum
1803 3511 1938 3568 exterma

270 3583 422 3646 cumpater
446 3577 501 3646 agit
523 3577 555 3632 de
579 3529 654 3644 dote,
678 3583 768 3632 utrum
791 3579 847 3634 sic⁵
870 3579 1029 3648 accipimus,
1046 3583 1077 3631 ut
1126 3579 1266 3634 locationis
1291 3585 1450 3648 sequantur,
1473 3585 1536 3634 ante
1557 3579 1716 3634 vindemiam
1739 3581 1825 3634 soluto
1843 3579 1935 3634 matri-

272 3645 417 3698 eonsentiat
440 3661 475 3698 an
497 3661 558 3700 vero
585 3661 620 3700 ne
646 3647 813 3700 contradicat
829 3645 902 3700 filia?
932 3651 958 3698 et
984 3649 1024 3700 ιιι
1042 3647 1075 3698 ab
1126 3647 1213 3700 monio
1237 3647 1318 3700 nihilo
1344 3647 1432 3702 minus
1457 3647 1570 3716 pecunia
1594 3649 1719 3702 messium
1745 3649 1774 3700 in
1799 3653 1937 3716 computa-

270 3711 426 3782 imperatore
442 3713 577 3766 Antonino
595 3715 753 3782 rescriptum
770 3713 859 3778 filiam,
877 3713 927 3766 nisi
943 3713 1077 3768 evidenter
1126 3719 1143 3768 4
1175 3715 1275 3768 donem
1289 3731 1350 3768 cum
1362 3731 1410 3784 spe
1422 3715 1529 3770 futurae
1539 3715 1688 3770 vindemiae
1696 3715 1791 3770 veniet.
1816 3717 1938 3784 Apparet

272 3781 441 3844 contradicat,
459 3781 540 3834 videri
557 3781 709 3836 consentire
724 3781 804 3850 patri.
831 3787 858 3834 ιι
875 3781 1076 3836 triennalium
1125 3781 1206 3850 igitur
1224 3799 1257 3836 er
1274 3783 1314 3838 his
1331 3783 1390 3838 illos
1407 3781 1521 3848 fructus,
1539 3799 1605 3852 quos
1619 3783 1713 3838 mrdier
1724 3785 1844 3852 percepit
1861 3789 1936 3838 ante·

271 3847 466 3916 quadragesimo
492 3853 585 3902 octavo
619 3849 780 3918 digestorum
811 3849 918 3918 scripsit
942 3849 1018 3916 quasi
1045 3865 1077 3902 ex
1127 3867 1206 3918 quam
1223 3851 1343 3916 nuberet,
1361 3867 1416 3904 non
1434 3849 1529 3904 debere
1550 3851 1578 3904 ιιι
1602 3851 1824 3906 contributicuem
1839 3851 1937 3904 venire.

271 3917 404 3970 volontate
428 3915 499 3968 filiae
520 3915 602 3970 videri
626 3917 739 3986 experiri
761 3921 879 3986 patrem,
904 3917 927 3970 ιι
947 3917 1076 3970 fumosam
1126 3925 1140 3970 5
1176 3919 1217 3972 Ob
1236 3919 1403 3982 donationes,
1418 3919 1483 3972 item
1501 3919 1534 3972 ob
1551 3935 1594 3974 res
1613 3923 1716 3972 amotas
1742 3933 1774 3972 ex
1796 3919 1836 3972 his
1862 3919 1935 3972 truc-

272 3983 349 4038 tiliam
370 3983 480 4036 habeat:
504 3997 565 4036 nam
587 3985 635 4036 ubi
656 4001 713 4038 non
734 3989 822 4052 potest
846 3999 894 4054 per
920 3985 1076 4038 dementiam
1125 3985 1212 4050 ιιιιιι,
1239 3985 1284 4054 qui
1309 3991 1372 4054 post
1398 3985 1537 4040 divortium
1562 4001 1642 4054 perce
1661 3985 1683 4038 ti
1709 3990 1785 4050 sunt,
1811 4001 1935 4054 compen·

270 4051 459 4114 conuadicere,
477 4051 627 4106 consentire
644 4051 702 4120 quis
722 4067 778 4104 eam
797 4053 889 4106 merito
908 4051 1005 4106 credet.
1029 4051 1076 4106 sed
1126 4057 1140 4108 6
1175 4053 1291 4108 sationes
1315 4053 1373 4108 iieri
1397 4057 1518 4122 possunt
1570 4003 1659 4120 titrodJ
1676 4053 1704 4108 ιιι
1734 4069 1804 4108 anno
1830 4053 1935 4118 dicitur,

270 4120 293 4174 ιι
316 4119 411 4174 absens
436 4117 491 4172 filia
517 4119 568 4184 sit,
593 4119 734 4174 dicendum
752 4119 801 4174 erit
817 4135 873 4174 non
890 4135 923 4174 ex
938 4121 1076 4174 voluntate
1125 4125 1213 4190 potest
1231 4121 1284 4174 dici
1301 4127 1328 4174 et
1340 4123 1368 4176 in
1377 4135 1425 4176 sex
1438 4121 1581 4186 mensibus,
1598 4121 1622 4174 si
1639 4121 1681 4174 bis
1698 4121 1727 4174 in
1743 4135 1813 4174 anno
1830 4119 1935 4174 fructus

271 4187 327 4242 eius
342 4187 371 4240 id
386 4185 487 4240 iactum
506 4187 703 4256 cavendumque
724 4193 812 4240 ratam
828 4203 884 4242 rem
899 4187 981 4240 filiam
998 4189 1074 4242 habi·
1126 4195 1140 4240 t
1176 4189 1322 4258 capientur,
1340 4195 1371 4244 ut
1388 4195 1430 4244 est
1447 4189 1475 4242 in
1493 4189 1559 4244 lacis
1576 4189 1694 4258 inriguis.
1720 4187 1758 4242 Et
1775 4189 1802 4242 in
1814 4189 1935 4258 pluribus

269 4261 356 4310 turam
373 4273 390 4308 a
406 4261 498 4324 patre:
521 4255 654 4320 ubieniru
679 4255 761 4324 sapit,
779 4255 846 4310 scire
864 4273 921 4310 eam
939 4255 1074 4324 exigimur,
1126 4261 1140 4312 8
1175 4257 1251 4312 annis
1269 4257 1339 4312 idem
1358 4257 1410 4312 dici
1425 4261 1523 4324 potest,
1541 4261 1572 4310 ιιι
1587 4257 1616 4312 ιιι
1641 4257 1707 4312 silva
1724 4255 1833 4312 caedua.
1867 4257 1935 4312 Item

270 4329 300 4378 ut
316 4323 436 4378 videatur
452 4339 507 4378 non
524 4323 715 4378 contradicere.
1125 4325 1149 4380 ιι
1164 4325 1261 4378 locatio
1280 4327 1337 4392 agri
1353 4325 1415 4378 talis
1433 4325 1480 4390 sit,
1504 4329 1535 4378 ut
1556 4339 1637 4394 super
1653 4339 1770 4378 annuam
1787 4325 1934 4378 mercedem

304 4387 458 4450 3Prccvs
473 4391 538 4446 libro
555 4393 668 4462 septimo
686 4389 723 4444 ud
740 4389 868 4444 Sabinum
907 4391 969 4446 Nau
990 4391 1075 4446 solum
1125 4393 1303 4462 quinquennio
1331 4407 1436 4462 quoquc
1466 4391 1566 4462 aliquid
1595 4393 1709 4462 amplius
1738 4395 1932 4460 praestaretur:

270 4465 358 4516 autem
374 4459 402 4512 in
419 4459 553 4528 exigenda,
572 4459 619 4514 sed
637 4459 716 4514 etiam
733 4459 761 4512 in
779 4459 903 4512 solvenda
918 4459 988 4530 dote,
1006 4475 1075 4528 quae
1124 4461 1152 4514 in
1170 4475 1200 4514 eo
1220 4459 1289 4512 enim
1301 4459 1373 4528 quod
1385 4459 1497 4528 amplius
1511 4465 1551 4514 est
1564 4465 1668 4528 tempus
1679 4459 1713 4514 ad
1727 4459 1933 4528 quinquennium

271 4527 414 4584 communis
431 4533 473 4582 est
488 4529 571 4596 patris
590 4531 616 4582 et
633 4527 716 4592 tiliae,
735 4525 873 4594 utriusque
888 4527 1010 4582 voluntas
1029 4543 1074 4582 ex·
1125 4533 1140 4582 t
1175 4533 1368 4596 computamus.
1402 4527 1464 4582 Non
1487 4529 1573 4582 solum
1595 4531 1686 4582 autem
1709 4527 1743 4580 de
1761 4525 1860 4592 tunde,
1886 4527 1933 4582 sed

287 4597 380 4648 nititur
406 4611 456 4650 nec
481 4597 547 4650 alter
572 4595 681 4650 alterius
713 4595 867 4648 deteriorem
894 4595 1075 4650 condicionem
1125 4595 1203 4650 etiam
1220 4595 1254 4648 de
1270 4611 1367 4664 pecore
1382 4595 1454 4650 idem
1471 4595 1601 4660 dicemus,
1619 4601 1650 4648 ut
1665 4597 1728 4650 lana
1745 4597 1830 4648 ovium
1847 4595 1932 4648 fetus-

269 4615 358 4718 ?acere
380 4669 477 4732 petest.
509 4663 565 4718 sed
580 4663 602 4718 si
626 4663 742 4732 pecunia
764 4663 799 4716 ad
821 4669 923 4732 patrem
947 4663 1074 4732 pervenit,
1124 4679 1176 4732 que
1191 4665 1337 4732 pecurum⁸
1353 4669 1542 4734 praestaretur.
1569 4679 1651 4732 quare
1668 4663 1751 4726 enim,
1775 4663 1797 4716 si
1819 4663 1932 4714 maritus

270 4747 349 4802 quam
363 4729 418 4786 iilia
441 4731 558 4800 accepit,
581 4733 651 4786 actio
677 4731 711 4786 de
734 4731 796 4786 dote
819 4729 937 4798 nmisque
958 4731 1073 4784 tolletur.
1124 4747 1206 4800 prope
1223 4737 1329 4798 partum
1346 4745 1408 4786 oves
1421 4729 1476 4786 doti
1494 4729 1634 4798 acceperit,
1652 4729 1715 4784 item
1722 4729 1856 4798 proximas
1871 4735 1931 4784 ton-

304 4797 324 4856 4
348 4799 518 4854 Pourcrvrcs
540 4799 608 4854 libro
636 4801 730 4868 quicto
756 4799 858 4854 decime
884 4797 921 4850 ed
944 4795 1074 4852 Setinum
1123 4815 1209 4864 surae,
1227 4803 1290 4868 post
1306 4803 1413 4868 partum
1430 4803 1457 4852 et
1473 4803 1565 4852 tonsas
1588 4813 1650 4852 cres
1673 4797 1794 4866 protinus
1818 4795 1930 4850 divortio

271 4867 299 4922 Si
315 4871 391 4936 pater
413 4867 469 4922 sinc
492 4881 621 4922 consensu
644 4865 716 4920 filiae
733 4867 820 4920 dotem
838 4881 854 4918 a
871 4865 925 4918 viro
944 4865 1074 4934 exegisset
1124 4867 1195 4920 tacto
1214 4867 1279 4918 nihil
1295 4865 1410 4920 reddetr
1431 4879 1494 4918 nam
1511 4865 1597 4918 ethic
1613 4863 1719 4920 fructus
1737 4869 1794 4918 toto
1812 4869 1931 4934 tempure

269 4941 297 4990 et
324 4933 433 4990 eandem
459 4933 503 4988 alii
525 4935 581 4988 viro
605 4935 660 4988 eius
685 4933 756 4988 filiae
778 4933 883 4988 nomine
907 4933 1021 4988 dedisset
1048 4939 1074 4986 et
1124 4951 1176 5002 quo
1194 4939 1329 4998 curantur,
1347 4949 1401 4988 nou
1419 4949 1472 5002 quo
1515 4933 1692 5002 ercipiuntur‚
1717 4933 1862 4986 irationem
1885 4947 1929 4986 ac-

269 5011 373 5056 martuc
391 5005 468 5070 patre
484 5001 539 5056 iilia
563 5017 623 5056 cum
645 5001 735 5070 priore
751 5001 807 5056 viro
825 5005 921 5070 ageret,
940 5000 993 5056 doli
1010 5001 1073 5054 mali
1127 5007 1156 5056 lt
1191 5003 1279 5070 cipere
1304 5001 1439 5056 debemus.
1541 5017 1614 5054 servu
1641 5015 1746 5070 quoque
1772 4999 1835 5052 anni
1860 5001 1929 5052 ratio

270 5071 423 5138 exceptione
439 5071 582 5140 repellitur.
1124 5067 1243 5134 habetur,
1262 5069 1329 5122 siin
1346 5083 1446 5124 anuum
1463 5067 1532 5122 forte
1549 5083 1647 5136 operae
1664 5069 1719 5122 eius
1736 5067 1841 5122 locatae
1859 5073 1929 5130 sunt,

304 5137 322 5194 5
346 5137 575 5192 clairmanum
599 5137 735 5206 trebericae
758 5137 796 5190 ud
811 5135 939 5190 Setinum
974 5135 1014 5188 De
1032 5135 1071 5188 di-
1124 5143 1153 5190 ut
1176 5135 1311 5206 praeteriti
1337 5139 1391 5190 tem
1410 5135 1464 5190 oris
1487 5135 1522 5188 ad
1545 5135 1681 5202 maritum,
1704 5141 1767 5204 post
1790 5135 1929 5188 ιιιοιιιιιιι

268 5203 368 5258 risione
384 5203 447 5258 anni
470 5203 539 5268 eius,
563 5219 615 5272 quo
640 5203 778 5258 divortium
801 5203 901 5258 factum
925 5209 972 5268 est,
991 5219 1071 5270 quae·
1124 5209 1153 5258 ii
1190 5209 1278 5258 autem
1295 5201 1330 5256 ad
1347 5219 1373 5254 m
1404 5203 1484 5256 'erem
1501 5217 1597 5272 operae
1613 5203 1770 5272 pertineant
1806 5203 1847 5256 De
1863 5217 1928 5272 pen·

269 5271 344 5334 ritur,
362 5271 450 5326 exdie
463 5271 620 5324 matrimonii
634 5287 669 5324 au
684 5285 717 5324 ex
731 5271 772 5324 die
785 5271 876 5324 traditi
887 5271 981 5324 marito
995 5269 1071 5324 fundi
1123 5273 1240 5326 sionibus
1273 5287 1324 5340 quc
1343 5285 1387 5338 ue¹
1408 5269 1575 5338 praediorum
1605 5269 1768 5324 urbanorum
1793 5269 1863 5324 idem
1889 5273 1929 5324 est

269 5339 378 5392 maritus
396 5339 446 5392 sibi
464 5343 597 5406 computet
613 5343 727 5406 tempus,
746 5343 771 5392 et
789 5341 879 5408 utique
896 5337 1071 5392 infractibus
1124 5343 1154 5392 12
1189 5339 1260 5408 quod
1282 5341 1310 5392 in
1326 5287 1463 5392 (iructibus
1487 5337 1653 5392 rusticorum.
1696 5339 1855 5392 difuculum
1874 5337 1927 5392 viro

269 5403 356 5456 avire
374 5407 516 5458 retinendis
533 5421 618 5474 neque
637 5405 693 5460 dies
716 5407 784 5460 dotis
809 5407 969 5460 constitutae
986 5421 1071 5474 neque
1122 5423 1189 5462 uror
1206 5407 1234 5460 iu
1251 5407 1340 5460 dotem
1358 5405 1461 5460 dederit
1482 5407 1557 5474 isque
1578 5407 1640 5460 inde
1663 5407 1772 5462 arbores
1795 5407 1927 5470 deciderit,

270 5575 298 5636 (1)
317 5573 476 5622 diedericum
485 5575 803 5642 eodv'cesvulqeresDipesti
814 5575 1074 5642 Veterisr'acipiuotqae
1126 5577 1157 5638 (3)
1176 5577 1215 5626 tie
1229 5571 1451 5642 dmieiuotDr'pestr'
1461 5575 1554 5628 Veteris
1569 5579 1662 5630 codices
1671 5581 1832 5646 antiquissimi
1839 5581 1926 5644 quique

269 5641 327 5690 libri
341 5639 473 5704 Iusortr'eti.
1109 5647 1155 5704 ιιι
1174 5647 1199 5692 ιι
1208 5645 1254 5694 del.
1264 5643 1324 5694 Hei
1366 5643 1398 5706 (ι)
1416 5643 1486 5694 sitF
1532 5647 1566 5706 ιιι
1583 5647 1724 5698 vindemiae
1733 5647 1827 5698 iunctm
1837 5651 1926 5710 quarta

302 5713 333 5768 ιιι
352 5705 638 5768 Sab.1...38.tt.ttt.tt;
667 5707 734 5774 Pap.
752 5719 840 5760 tanti.
856 5719 893 5770 tit
917 5711 1069 5760 Ed.55...58.
1121 5709 1353 5774 pcrtioettresrcr.
1412 5713 1444 5774 (t)
1464 5713 1592 5764 eticaF²
1649 5715 1681 5780 (ιι
1700 5715 1923 5782 proportionatae.

269 5781 303 5822 ao.
321 5781 355 5822 aa.
372 5781 412 5834 643
436 5769 501 5834 App.
519 5779 552 5820 ιι.
569 5783 603 5822 ιι.
621 5801 654 5810 -
674 5775 735 5824 Bos.
747 5777 787 5838 28,
799 5787 819 5828 ι.
837 5803 872 5812 -
892 5777 928 5842 Of.
942 5777 999 5828 σοι.
1010 5779 1034 5838 5,
1044 5785 1068 5826 rs
1121 5777 1154 5838 (ι)
1172 5777 1199 5824 in
1208 5779 1254 5830 ius.
